2934 4884
484 357 543 408 us.
563 357 604 407 lu.
640 357 669 408 c.
688 357 764 410 m.
1136 361 1201 427 547

198 511 310 588 Dicar,
333 531 400 599 qua
420 511 545 578 violens
567 510 725 600 obstrepit
746 514 881 582 Aufidus
1157 518 1200 584 to

196 633 234 698 Et
255 653 321 720 qua
342 652 468 720 pauper
490 652 596 720 aquae
617 633 753 701 Daunus
774 637 949 722 agrestium

197 753 353 842 Regnavit
373 751 584 842 populomm,
608 773 649 820 ex
669 752 782 820 humili
803 766 920 842 potens

196 875 352 998 Princeps
373 907 521 976 Aeolium
543 929 674 978 cannen
696 910 737 978 ad
760 910 856 978 Italos

176 1091 217 1140 ta.
236 1087 449 1153 Rscnetcrbc,c.
471 1087 603 1152 (44444444
622 1087 668 1148 BS,
690 1087 781 1142 illaad.
803 1093 868 1154 tres,
886 1087 921 1160 γξ
941 1097 969 1145 44
986 1107 1028 1159 pr.
1048 1113 1076 1158 κ,
1098 1099 1164 1149 Ρ444.

143 1163 222 1226 octo.)
239 1163 266 1215 ll
283 1163 378 1226 iungit:
397 1162 519 1226 44444444
530 1163 684 1225 populorum
700 1177 733 1216 sc
749 1165 837 1216 4444444
849 1173 938 1230 potens
954 1171 1090 1236 (Daunus).

111 1313 206 1364 Vestae
222 1311 376 1362 sacerdotem
387 1312 466 1362 vocat
478 1310 552 1361 ovid.
565 1311 636 1362 Fast.
673 1313 736 1364 nich
761 1315 892 1366 construit
916 1331 967 1380 quc
991 1320 1130 1383 aprutien
1151 1334 1200 1383 pc-

112 1385 218 1448 3,699.
669 1387 807 1450 putenm,
845 1387 952 1452 idest,
986 1395 1016 1441 ut
1040 1394 1093 1456 ait,
1130 1407 1199 1457 aqna

142 1461 184 1510 to.
201 1459 293 1523 Dicor]
312 1459 412 1509 «Grato
429 1459 517 1509 animo
535 1471 637 1509 memo-
673 1462 819 1525 agrestium
829 1462 991 1528 populorum
1004 1467 1113 1528 regione
1130 1468 1200 1518 Dau-

112 1534 210 1584 mhnnt
227 1532 340 1597 posteri,
358 1545 412 1592 me,
432 1531 569 1582 hominem
581 1532 637 1581 Vc·
673 1548 723 1586 uus
754 1538 900 1599 regnavit.»
928 1565 956 1574 -
991 1553 1025 1590 44
1052 1541 1141 1592 leudi
1152 1555 1201 1604 pc·

112 1604 636 1670 nucinum,primumsappliusetllcaei
673 1609 738 1672 4444]
766 1611 836 1674 «Ego
864 1610 957 1663 humili
978 1611 1039 1664 1000
1062 1616 1140 1666 naeus
1157 1616 1200 1665 in-

109 1680 202 1746 poesin
226 1679 340 1742 lyricam
361 1680 451 1730 Latine
473 1677 636 1730 aemulatum
673 1685 743 1747 genii
766 1685 820 1735 mei
844 1699 894 1752 ope
912 1685 947 1737 ad
965 1700 1026 1738 earn
1043 1690 1113 1739 vitae
1132 1703 1200 1740 con-

110 1770 197 1808 asse.»
216 1755 260 1805 Sic
277 1755 348 1806 enirn
372 1755 519 1806 ordinanda
541 1754 634 1816 verba,
673 1757 806 1809 dicionem
818 1761 941 1823 perveni,
961 1774 1014 1826 qna
1025 1764 1090 1816 satis
1101 1761 1199 1814 nobilis

109 1830 291 1881 utrecteiam
302 1829 408 1878 Acron:
425 1831 507 1880 Dicar
518 1829 636 1892 princeps
672 1845 704 1883 nc
722 1832 783 1884 lelix
799 1836 865 1885 mihi
881 1849 944 1886 esse
961 1837 1080 1888 videor.»
1112 1839 1200 1890 mein

107 1905 340 1956 seleucenum
356 1905 390 1952 cd
406 1904 482 1954 ltnlcs
496 1905 582 1952 crodos
595 1903 633 1952 44
671 1908 800 1959 audacius
824 1923 874 1973 pro
892 1923 937 1970 eo,
965 1911 1039 1973 qnod
1060 1914 1102 1963 est
1126 1913 1199 1976 apud

108 1980 224 2038 4444444,
239 1976 377 2041 libinatus]
391 1991 443 2040 quo
457 1977 519 2042 (nbi)
534 1977 637 2042 4444444
671 1982 815 2033 salustium
842 1984 908 2046 (Cat.
935 1983 986 2046 43.)
1012 1985 1047 2036 44
1076 1987 1195 2037 Catone:

110 2054 244 2116 obstrepit;
263 2065 316 2102 non
333 2065 416 2102 vero:
436 2051 498 2117 «ihi,
518 2051 563 2102 ubi
579 2054 635 2102 lu·
671 2057 757 2106 elom
801 2061 876 2118 atquc
920 2071 1030 2120 maceca
1070 2059 1195 2121 moster,

109 2127 179 2178 fidus
196 2127 267 2186 fluit,
286 2125 391 2186 dicar,»
410 2126 508 2188 idest,
528 2127 635 2178 avenn·
672 2131 795 2193 quamvis
812 2130 870 2180 sine
887 2131 996 2180 externa
1014 2134 1142 2196 potentia.
1167 2133 1199 2184 st

109 2203 173 2262 sini,
192 2201 342 2264 municipes
359 2202 425 2262 mei,
448 2213 492 2250 me
511 2199 634 2250 laudibus
671 2214 783 2266 prorsus
801 2203 841 2252 sic
854 2207 966 2264 potenter
980 2209 1051 2255 vetes
1068 2205 1132 2254 dixit
1148 2206 1196 2257 04.

109 2274 299 2334 celebrabunt,
317 2274 635 2338 utprimumpoetamly-
670 2277 701 2338 l,
720 2277 750 2337 8,
768 2276 810 2326 46,
830 2275 961 2326 Gloriatur
973 2291 1037 2340 ergo
1054 2291 1101 2340 se,
1120 2280 1198 2330 scor-

108 2353 195 2402 rlcum
214 2351 361 2400 latinum.-
391 2348 481 2400 Natale
499 2349 571 2400 enim
589 2363 634 2400 so·
670 2351 722 2400 linc
746 2354 836 2400 netem
866 2355 942 2412 petre
969 2355 993 2401 et
1016 2366 1045 2402 aa
1077 2354 1145 2402 44444
1170 2367 1198 2404 re

108 2425 164 2476 lum
176 2424 284 2475 lloratio
307 2423 385 2473 nimis
397 2427 524 2486 angustus
535 2422 633 2487 gloriae
672 2425 747 2489 (Epp.
777 2425 805 2486 4,
833 2424 881 2486 20,
911 2425 982 2488 id),
1027 2425 1062 2476 ad
1096 2427 1196 2478 tantam

108 2499 166 2550 linis
179 2498 282 2548 inisset.
295 2497 433 2562 -ctclend
447 2498 539 2548 Rarior
548 2497 632 2546 lorma
670 2497 819 2548 studiorum
853 2497 1000 2550 claritatem
1029 2501 1195 2564 pervenisse.

107 2587 155 2638 pro
172 2572 303 2622 4444444444.
331 2570 407 2635 Apul.
421 2573 481 2622 Met.
496 2572 520 2622 6.
534 2585 560 2635 p.
573 2571 631 2620 ilc.
671 2571 723 2622 Clr.
748 2571 828 2622 ctiam
848 2571 939 2634 0d.2,
954 2573 999 2634 20,
1017 2567 1046 2623 δε
1074 2575 1132 2624 Non
1151 2588 1197 2638 spo

108 2647 194 2699 oud:
212 2645 330 2695 ciclemes
347 2659 446 2708 oquae,
465 2645 511 2694 nbi
529 2657 579 2707 ego
598 2645 632 2708 (in
667 2658 812 2707 pauperum
841 2646 951 2710 Scepcts
976 2654 1115 2710 parcium
1143 2650 1195 2699 cet.

108 2725 205 2773 imore
237 2723 265 2770 et
289 2721 417 2783 Psyche),
452 2721 517 2770 item
543 2717 634 2768 Hilde-
671 2721 835 2784 Properas,
856 2721 895 2782 lo,
915 2722 963 2770 ll:
982 2723 1073 2787 stirpe,
1091 2725 1195 2784 444444,

107 2795 210 2847 brand:
235 2795 350 2843 44444444.
379 2795 467 2843 Acrem
483 2795 562 2843 vocat
578 2794 631 2841 Sat.
669 2809 702 2843 ec
718 2794 806 2843 4444444
823 2796 873 2843 cet.
913 2794 1002 2857 (Recte
1023 2799 1127 2862 accepit
1142 2799 1195 2848 iam

108 2869 235 2933 a,t,ss.
254 2867 431 2930 cd.l,e,s:
449 2869 634 2930 4444444444-
668 2870 792 2917 Petrarca
814 2868 840 2918 in
867 2869 914 2932 Ep¹
941 2869 976 2920 ad
1002 2871 1141 2921 llcratlum
1166 2886 1194 2921 v.

108 2950 155 2994 lem
174 2947 252 2992 nctus
274 2944 308 2992 44
326 2942 456 3006 Aufidum,
487 2941 532 3005 qui
557 2939 632 2990 locus
669 2943 702 2991 5:
730 2944 809 3003 Quem
824 2944 928 3005 sempsit
940 2945 1077 3006 proprium
1096 2945 1198 3008 livoris

108 3019 213 3082 egregie
231 3017 321 3067 firmat
339 3017 458 3066 nostram
475 3016 633 3079 interpreta-
670 3015 702 3064 co
719 3015 826 3078 444444,
853 3043 868 3052 -
894 3043 909 3052 -
939 3019 990 3067 Nec
1005 3019 1105 3082 4444444
1122 3027 1198 3084 atqie

108 3095 217 3143 tionem.
252 3090 306 3141 Cir.
344 3089 378 3139 de
405 3088 514 3148 Aulidc,
551 3088 631 3139 hodie
668 3089 786 3139 4444444444
800 3090 894 3150 macti
909 3091 1039 3154 oscam.
1063 3093 1197 3146 Bentleius

108 3168 216 3230 Ofente,
238 3165 318 3215 ctiam
331 3163 379 3213 0d.
393 3163 418 3224 l,
432 3163 478 3223 tl,
494 3165 535 3213 44.
554 3162 632 3213 Silius
670 3163 762 3213 contra
793 3161 827 3211 de
861 3164 955 3213 Dauno
989 3166 1194 3230 interpretatur,

107 3242 135 3302 8,
149 3241 216 3291 630:
241 3240 368 3302 [4444444
385 3238 435 3288 tusc
450 3238 557 3302 muplclt
576 3250 632 3287 cn-
671 3236 731 3300 «qui
764 3234 892 3299 (illyricae
911 3238 997 3300 gentis
1026 3237 1114 3290 clarus
1144 3243 1194 3302 vir,

107 3311 630 3379 dulcessimus-obstrepit]accolis;
669 3313 778 3360 anctore
811 3310 904 3370 Festc;
948 3311 996 3361 cir.
1023 3311 1072 3362 0d.
1098 3314 1127 3373 4,
1151 3315 1193 3376 44,

108 3403 221 3454 «magno
247 3401 310 3439 cum
341 3389 429 3438 sonitu
455 3386 541 3438 undas
569 3399 632 3438 snas
671 3384 720 3446 44.)
747 3385 850 3448 primus
871 3383 943 3448 apud
959 3383 1059 3449 Apulos
1082 3400 1195 3450 regnum

107 3464 187 3515 volvit
198 3482 222 3526 ,·
240 3466 270 3513 ut
285 3464 438 3513 etiamnunc
455 3461 526 3512 lacit.
670 3459 828 3523 capessivit,
856 3461 884 3509 et
901 3457 1015 3523 proinde
1037 3473 1070 3509 ex
1086 3461 1195 3512 homine

139 3541 179 3589 ll.
194 3551 297 3600 paitpcr
308 3536 398 3601 aquea]
413 3538 545 3595 Daunum,
559 3533 633 3585 labn-
670 3534 773 3598 privato
785 3535 919 3598 princeps,
943 3547 976 3584 ex
993 3533 1085 3585 exstrle
1101 3537 1196 3598 tyran-

108 3611 194 3664 losnm
205 3611 315 3677 Apuliae
328 3625 435 3675 regem,
454 3612 542 3674 ipsum
554 3613 632 3660 vocat
671 3621 739 3668 nus,
765 3623 799 3658 44
814 3609 902 3659 Manili
914 3615 1004 3673 potens
1025 3612 1067 3660 est
1082 3609 1195 3660 lactus.»

108 3699 245 3750 pesspcrcm
262 3699 360 3747 cauce,
382 3698 431 3749 prc
448 3684 556 3747 regione
575 3684 632 3734 eins
669 3681 740 3744 Sed,
758 3685 789 3732 ut
804 3686 955 3747 taceamus,
978 3685 1100 3749 spiritus,
1127 3697 1195 3748 qnos

109 3761 220 3825 imperio
238 3759 368 3810 subiecta.
407 3759 481 3809 Ovid.
503 3759 563 3810 illel.
587 3758 630 3819 44,
669 3758 752 3808 sumit
763 3758 886 3810 llcratins
902 3773 952 3824 per
968 3762 1054 3810 totum
1070 3759 1122 3809 hoc
1134 3771 1196 3808 car-

109 3835 169 3884 sto:
190 3836 295 3898 lcpypis
306 3835 383 3884 crida
391 3833 564 3884 4444444444.
585 3833 631 3895 (De
670 3845 747 3893 men,
777 3830 854 3896 longe
872 3833 968 3885 melius
986 3833 1128 3884 convenire
1146 3845 1196 3883 no-

108 3909 199 3960 Dauno
214 3908 247 3958 ci.
264 3909 357 3971 lleyne
373 3907 406 3957 nd
423 3909 488 3957 Aen.
507 3907 533 3956 44
546 3945 551 3968 ,
564 3905 632 3969 sii.)
671 3909 742 3957 strae
760 3908 932 3970 expositioni,
959 3906 1001 3957 vel
1018 3905 1117 3970 duplex
1133 3903 1196 3956 ἐπί-

140 3983 180 4032 44.
199 3983 322 4047 44444444
335 3981 499 4046 populorum]
518 3979 633 4030 «incola-
670 3980 756 4030 dcccv
773 3981 819 4030 uni
836 3981 928 4031 Dauno
945 3981 1038 4030 datum
1049 3980 1195 4043 arguteque

109 4068 167 4106 rum
193 4059 250 4108 eius
277 4058 377 4107 tractus
403 4069 450 4106 rex
476 4055 538 4116 luit,
567 4045 634 4126 ἦρξε
671 4049 829 4116 devolasse,
865 4066 934 4115 quae
968 4052 1031 4102 inde
1066 4054 1194 4112 nascitur,

109 4125 214 4190 ierim
234 4130 431 4180 constructione
451 4143 555 4194 graeca.
586 4131 634 4180 lle-
671 4131 750 4193 poeta
773 4129 861 4178 minus
878 4126 956 4189 digna
974 4125 1051 4177 nobis
1069 4128 1141 4176 certe
1160 4127 1197 4175 vi-

109 4209 201 4266 enasor
229 4208 271 4256 est
299 4203 440 4268 glossema.
486 4205 551 4257 llire
577 4205 634 4256 llo·
672 4203 759 4254 detur.
802 4198 976 4252 intolerabilis
1003 4201 1093 4251 antem
1118 4202 1194 4252 tertia
