2934 4884
655 372 784 422 florarii
802 370 972 421 CARfflNUM

563 528 655 594 Pacis
678 547 752 593 eras
774 525 968 612 mediusque
990 523 1076 590 belli.

476 691 519 754 Te
541 685 622 752 vidit
643 684 754 751 insons
776 684 939 750 Cerberus
962 703 1064 750 aureo

479 809 586 874 Cornu
608 807 785 882 decorum,
808 805 924 872 leniter
945 815 1086 872 atterens
1313 809 1354 872 30

263 1035 432 1099 luteluwor,
455 1033 535 1094 uois,
559 1033 728 1096 ulciopro
747 1031 790 1081 Li·
827 1029 1084 1091 moxv.3t.0d.3,
1103 1032 1130 1091 4,
1150 1031 1190 1080 it.
1209 1031 1238 1090 3,
1257 1029 1351 1093 4,44.4

262 1111 335 1173 pario
347 1109 371 1170 8,
381 1108 426 1159 at:
442 1109 610 1170 Quantum,
624 1107 685 1168 poia
695 1107 790 1169 foetori
829 1131 857 1140 -
883 1104 1010 1154 Ceterum
1035 1118 1078 1154 vv.
1102 1105 1209 1156 25-28.
1234 1108 1353 1155 resecari

260 1184 372 1246 fueritis,
401 1181 520 1244 nouum,
542 1195 599 1231 oum
613 1182 713 1232 4444444414
729 1181 791 1242 qiud
826 1178 903 1228 iussit
918 1179 1028 1229 Guietus
1045 1180 1184 1240 tamquam
1199 1178 1278 1229 nimis
1295 1177 1354 1229 lan-

260 1257 400 1322 seoeritisii
426 1256 612 1321 accipiendum
637 1269 711 1316 esse,
739 1269 789 1320 pro
826 1250 1106 1315 guidosetvolgarem
1119 1253 1285 1304 continentes
1298 1267 1355 1304 ani-

261 1331 363 1396 virgula
371 1331 450 1382 colon
459 1345 530 1382 nuno
541 1331 618 1396 posui
627 1334 688 1380 aute
698 1345 724 1380 v.
737 1332 787 1379 sod.
826 1323 1024 1390 plillcationem.
1052 1327 1153 1377 Verum
1170 1340 1276 1377 summa
1296 1331 1353 1377 arte

295 1408 336 1458 28.
360 1407 511 1471 mumque]
531 1405 620 1455 «idem
637 1404 670 1454 ad
687 1407 791 1454 utrum·
825 1413 891 1452 usus
907 1400 1048 1464 tranquillo
1066 1401 1119 1451 hoc
1132 1402 1258 1452 carminis
1270 1403 1353 1460 exitu,

262 1493 315 1544 que
333 1495 420 1545 newa
435 1484 528 1545 aptum
540 1481 565 1529 te
577 1477 743 1543 praebebas,
763 1482 791 1529 et
826 1475 873 1538 qui
896 1474 1017 1525 consulto
1038 1476 1182 1540 opponitur
1202 1477 1354 1540 impetuoso

261 1554 296 1604 ad
321 1554 437 1616 bellum,
465 1568 527 1605 uam
551 1553 710 1604 fortissimus
728 1567 789 1604 erus
825 1547 861 1598 illi
879 1549 1003 1610 exordio,
1027 1549 1159 1613 signifieat
1173 1553 1253 1614 poeta
1270 1551 1356 1601 turbi-

262 1641 295 1678 ae
311 1629 445 1690 terribilis,
465 1631 493 1679 et
503 1629 537 1678 ad
549 1641 656 1692 pacem,
675 1641 705 1678 es
717 1629 789 1678 enim
826 1624 889 1674 dam
900 1636 978 1674 suam
988 1623 1116 1674 laetitiam
1125 1623 1260 1688 paullatim
1269 1627 1355 1675 bans

263 1702 378 1753 laetitiae
396 1703 506 1769 plenus,
524 1700 721 1775 ἐγερσίγελως,
739 1717 790 1761 χο-
824 1700 878 1750 isse
896 1699 970 1762 pium
986 1699 1014 1746 in
1029 1695 1265 1764 ἐνθουσιασμόν,
1289 1713 1355 1764 quu-

261 1773 390 1848 ρεντής.»
417 1779 501 1826 Nemo
518 1777 607 1826 adhuc
623 1789 735 1840 prorsus
751 1777 789 1826 si·
825 1772 857 1823 lis
875 1784 970 1822 eorum
987 1775 1041 1834 est,
1068 1787 1184 1836 quonum
1205 1787 1283 1825 mens
1301 1789 1354 1825 una

259 1849 323 1901 mlle
349 1848 503 1914 exemplum
529 1849 616 1900 attulit
640 1851 787 1902 construet.
825 1861 890 1898 cum
906 1847 957 1898 diis
973 1849 1105 1898 versatur.
1142 1848 1257 1910 (Minime
1274 1848 1355 1899 intel-

259 1925 356 1976 mediur
373 1924 428 1975 belli
445 1926 496 1975 cot.
510 1938 574 1989 pro:
594 1925 700 1988 «quiin
717 1923 788 1974 bello
824 1920 885 1984 ligo,
904 1935 953 1972 cur
968 1935 984 1971 a
1002 1921 1152 1984 senadono,
1170 1923 1243 1973 lanio
1254 1936 1355 1988 nuper·

261 2001 341 2063 atqua
363 1999 390 2049 in
410 2011 477 2063 pace
500 2011 587 2064 aeque
610 1999 719 2062 insignis
737 2001 786 2059 est,
824 1995 1053 2059 queaLueblrero
1065 1996 1133 2045 haec
1144 1997 1262 2061 stropha,
1282 2011 1353 2061 quae

261 2076 289 2124 et
306 2085 429 2125 summus
446 2074 520 2137 pacis
537 2075 639 2124 amicus
654 2075 735 2137 atque
748 2075 790 2121 tu-
824 2071 891 2121 mihi
916 2083 1026 2135 semper
1050 2069 1161 2135 pulchra
1185 2084 1217 2121 ac
1238 2075 1353 2122 venusta

259 2150 311 2209 tor,
325 2149 352 2198 et
363 2147 521 2198 fortissimus
533 2146 670 2198 bellatori
689 2145 788 2210 (Paullo
823 2146 880 2196 visa
890 2147 939 2205 est,
950 2145 1110 2194 tamaeriter
1119 2145 1354 2217 reprehendatur.)

260 2219 336 2272 aliter
353 2220 550 2284 Dlllenburgor:
575 2222 710 2272 «Bacchus
728 2233 788 2272 me-
857 2219 899 2269 29.
917 2219 1014 2282 immas]
1040 2219 1091 2268 «ita
1114 2221 1145 2269 ut
1166 2219 1214 2270 tibi
1232 2218 1305 2270 nullu
1322 2235 1355 2270 er

162 2339 167 2349 .
260 2297 320 2347 dius
338 2299 380 2348 eat
397 2295 458 2346 belli
475 2297 616 2360 panisque,
641 2296 710 2346 inter
727 2295 788 2347 hel·
825 2295 900 2358 parte
917 2295 1054 2344 noceret.»
1082 2292 1155 2343 Adiit
1176 2297 1266 2345 autem
1284 2296 1355 2345 Bac-

260 2370 316 2422 lum
335 2372 361 2420 et
377 2383 482 2434 paoem,
503 2383 591 2434 nequa
604 2384 653 2435 per
664 2385 693 2422 se
706 2369 788 2421 alter·
824 2368 892 2417 ohua
909 2366 1008 2418 interos
1025 2365 1150 2418 semelen
1163 2369 1278 2418 matram
1290 2369 1353 2419 inde

260 2445 313 2495 utri
330 2444 450 2505 deditus,
469 2443 531 2505 sed,
550 2446 580 2493 ut
597 2447 704 2508 tompus
721 2444 785 2505 lert,
824 2441 994 2497 reducturus.
1012 2440 1134 2506 Apollod.
1148 2442 1178 2504 3,
1196 2443 1225 2503 44,
1244 2441 1268 2492 3.
1289 2445 1356 2493 Pau·

261 2517 341 2568 ruodo
358 2517 511 2580 bellicosus,
531 2517 612 2568 modo
629 2520 703 2583 pacis
714 2531 788 2568 nma-
825 2529 882 2566 san.
896 2517 921 2577 2,
933 2516 974 2577 ³7,
986 2517 1015 2566 t:
1034 2511 1289 2582 Εὶδον--καὶτὴν
1299 2509 1355 2567 'Al-

259 2591 338 2654 ton»)
351 2591 481 2642 Differunt
493 2590 615 2656 exempla
628 2595 655 2642 et
666 2591 788 2643 Forcelli-
824 2593 945 2641 κυονὶαν
972 2588 1092 2657 λ4μνην,
1125 2589 1161 2641 δι’
1195 2581 1231 2658 ἧς
1258 2593 1353 2652 φασὶν

260 2665 338 2716 niana
347 2667 375 2714 et
385 2677 497 2728 prorsus
505 2663 639 2716 absonum
651 2669 700 2726 est,
714 2667 787 2730 (prod
821 2659 939 2736 Ἀργεῖοι
950 2663 1094 2716 Διόνυσον
1125 2668 1167 2729 εἰς
1190 2662 1242 2716 τὸν
1254 2659 1354 2731 Ἅιδην

260 2737 375 2789 afferunt
390 2739 566 2801 lnterpretes,
585 2739 659 2789 Ovid.
679 2742 785 2790 lietam.
825 2740 919 2791 ἐλθεῖν
935 2739 1065 2806 Σεμέλην
1080 2735 1235 2806 ἀνάξοντα.

259 2815 288 2874 t,
316 2811 377 2862 tot:
407 2812 439 2861 At
461 2812 557 2862 militis
585 2813 724 2875 frutusque
748 2816 787 2864 sui
857 2817 898 2867 30.
918 2816 1011 2881 Contu]
1033 2817 1171 2880 antiquum
1193 2817 1246 2866 hoe
1262 2817 1353 2881 impe-

259 2890 419 2946 moostoeque
435 2886 529 2934 rororis
545 2886 666 2948 luppiter,
687 2887 733 2937 ubi
746 2893 789 2939 est
824 2893 868 2942 tus
884 2904 917 2940 ac
933 2889 1051 2952 roboris,
1070 2892 1114 2941 oui
1130 2892 1218 2942 resisti
1235 2904 1289 2941 non
1305 2905 1353 2956 po-

262 2960 406 3026 «μεσίτης,
419 2959 598 3022 pacificator.»
614 2963 740 3026 Apposite
752 2962 787 3013 ad
824 2967 886 3024 test,
904 2963 1067 3028 symbolum,
1080 2969 1111 3016 ut
1121 2979 1147 3015 in
1161 2964 1266 3017 Fluviis.
1286 2967 1354 3016 llino

261 3036 288 3085 h.
312 3033 329 3083 l.
353 3033 481 3084 Aristides
502 3033 528 3083 in
550 3035 668 3099 Dionyso
692 3051 720 3101 p.
744 3037 785 3088 49.
824 3039 910 3103 poetis
930 3036 1130 3111 χρυσόκερως,
1150 3035 1351 3110 κερασφόρος,

261 3107 350 3159 Dind.:
370 3099 468 3178 ὥσπερ
484 3102 539 3179 γὰρ
555 3105 674 3176 δίδυμος
692 3108 787 3177 πάντη
824 3109 1004 3184 ναυρόκερως
1026 3115 1107 3179 Orplr.
1133 3115 1231 3178 llymn.
1255 3116 1303 3176 aa,
1327 3117 1352 3166 2.

261 3176 351 3244 αὐτὸς
373 3178 446 3253 πρὸς
468 3179 573 3234 ἑαυτόν
590 3183 652 3235 ἐστι
668 3214 683 3224 -
700 3212 715 3223 -
732 3200 788 3237 κο·
824 3186 918 3238 'libuli
936 3189 967 3250 2,
987 3189 1015 3249 4,
1034 3188 1064 3237 ³:
1083 3189 1193 3251 Boeoto,
1210 3191 1281 3251 onii,
1295 3190 1354 3240 ‹iul-

261 3253 379 3323 λεμικός
395 3271 426 3307 τε
442 3253 479 3323 δὴ
496 3258 546 3309 καὶ
563 3260 708 3330 εἰρηναῖος
723 3260 788 3312 δια-
824 3263 907 3324 &pue
929 3263 980 3312 tots
995 3276 1009 3312 e
1024 3263 1141 3314 uomitus
1161 3277 1214 3313 wa
1234 3265 1353 3314 Pudeat.

261 3328 408 3403 φερόντως
424 3329 510 3383 θεῶν.
542 3335 704 3398 Comparare
725 3333 789 3386 lieet
824 3338 945 3400 Propert.
967 3337 997 3399 a,
1022 3337 1066 3398 it,
1085 3338 1130 3388 ta:
1154 3339 1226 3400 Quod
1241 3345 1355 3400 asperat

262 3409 343 3460 etiam
360 3408 430 3471 virg.
449 3409 515 3460 Aen.
532 3407 651 3486 ⁴⁴t⁶⁵⁸³
667 3411 788 3472 pactoque
823 3410 904 3473 vitoe,
934 3425 983 3474 per
1006 3417 1031 3462 te
1054 3418 1101 3462 trio
1123 3427 1235 3474 wmuo,
1265 3413 1354 3463 υἰυαπι

261 3483 339 3533 bonos
356 3481 459 3542 muium
469 3482 608 3532 ministros.
639 3482 692 3533 Cir.
708 3483 788 3547 liegel
828 3486 1351 3550 Votousqwmoofflooctepoiusmr.

261 3557 297 3608 ad
320 3557 346 3605 h.
366 3554 382 3605 l.
414 3582 442 3592 -
473 3557 511 3606 lle
537 3556 588 3606 baa
613 3556 787 3610 collocatione
828 3583 856 3594 -
885 3561 1008 3625 meno]
1041 3562 1161 3626 proprie:
1195 3561 1353 3612 «adbioans

261 3633 330 3696 part.
349 3642 410 3690 que,
428 3643 468 3691 oe,
485 3643 516 3679 oe
532 3631 602 3694 apud
620 3634 722 3696 poetas,
742 3633 789 3696 qui
826 3634 941 3685 caudam
967 3637 1086 3698 ventri,·
1118 3635 1170 3686 leni
1198 3639 1275 3686 motu
1303 3636 1352 3686 tibi

262 3717 309 3756 aas
322 3705 357 3754 ita
369 3702 504 3753 interdum
516 3703 600 3756 verbo
612 3705 718 3758 duobus
729 3721 790 3758 ora-
826 3710 935 3759 Mutum
951 3711 1045 3774 (prima
1062 3710 1266 3774 significatione:
1285 3713 1353 3763 ont-

263 3779 340 3830 tionis
374 3775 505 3827 membris
540 3781 676 3832 communi
703 3795 789 3832 anne-
825 3785 901 3846 νων).
920 3784 1079 3849 simpliciter
1095 3798 1147 3835 non
1164 3787 1255 3850 potest
1270 3787 1354 3850 signi-

262 3855 345 3913 ctunt,
368 3854 397 3901 ut
408 3851 458 3902 ⁴iiio
474 3853 582 3916 proprie
599 3867 648 3917 pro
666 3857 788 3908 «medius
826 3857 908 3908 tiuare
928 3857 1121 3920 «subiiciens»,
1147 3872 1210 3910 otuu
1226 3861 1254 3910 iu
1272 3875 1298 3910 v.
1317 3861 1354 3910 ie-

261 3929 333 3992 pacis
345 3927 505 3991 mediusque
518 3927 605 3990 beili»,
619 3929 719 3994 inspice
732 3931 791 3982 Dis·
825 3933 892 3982 niter
914 3932 1056 3983 manilesto
1081 3935 1170 3983 motus
1196 3933 1353 3996 significatio

262 4014 310 4052 een
327 4001 362 4052 ad
379 4001 435 4052 Tib.
456 4003 484 4062 4,
504 4003 532 4063 4,
556 4004 601 4052 ai:
629 4003 789 4066 liquantum
826 4007 896 4058 insit.
932 4009 987 4056 Nec
1009 4007 1087 4070 igitur
1103 4006 1217 4057 conlarri
1234 4007 1354 4058 debebat

262 4077 472 4139 otmoipotior
488 4083 625 4140 poenique
641 4082 789 4144 unorapdii
826 4083 897 4145 virg.
916 4084 982 4131 teu.
1002 4084 1046 4142 44,
1065 4081 1124 4132 844.
1142 4081 1176 4132 de
1193 4080 1273 4146 lupo:
1292 4095 1354 4131 ων·

264 4149 302 4210 (i,
327 4147 356 4208 3,
380 4151 426 4200 aa:
454 4152 563 4202 Musula
584 4155 730 4204 modeim
748 4167 789 4205 se-
826 4157 1087 4218 ‹lumpuoremuloem
1107 4156 1353 4218 sntuoitpooiioo-

263 4222 398 4284 quiturque
416 4226 493 4274 mori.
530 4225 583 4276 Cir.
607 4227 677 4290 apud
696 4229 785 4279 Horat.
826 4235 876 4281 tem
891 4235 978 4289 uter03
997 4243 1049 4280 non
1062 4231 1135 4280 enim
1145 4243 1276 4294 pavorem
1288 4231 1353 4281 Cen
