2934 4884
636 355 640 366 “
680 372 807 422 ιιοιιιτιι
825 371 991 422 ιιιιιιιιιιιι

668 655 1005 718 cmm·

466 805 623 874 Scriberis
645 804 739 871 Vario
760 804 850 871 tortis
872 813 904 870 et
924 803 1063 870 hostium

362 967 403 1018 v1.
438 969 520 1017 Inscr.
539 965 606 1030 volg.
626 969 653 1016 et
670 967 694 1015 S.
716 966 777 1028 [cm.
795 966 978 1029 praenomine]
996 965 1033 1014 Ao
1045 967 1080 1015 st.
1097 965 1241 1027 Vipsanium
1256 967 1348 1030 dorip-

327 1056 397 1105 pam.
419 1070 446 1077 -
464 1042 612 1104 Adloquitur
630 1041 776 1103 Vipsanius
792 1041 930 1104 Aprippum
946 1041 974 1090 T.

331 1184 373 1233 vi.
399 1183 529 1240 Horatius,
548 1182 577 1230 ut
593 1179 649 1230 aliis
668 1193 732 1230 suae
750 1180 823 1229 aeta-
857 1179 1028 1228 Weichertu.
1042 1178 1194 1237 tat-tat.;
1215 1179 1383 1243 probabilius

299 1259 331 1309 tis
353 1257 497 1308 illustribus
517 1257 593 1317 viris,
620 1255 717 1320 quibus
743 1258 821 1305 notus
857 1252 959 1303 Weber
982 1267 1006 1302 a.
1030 1253 1087 1302 748.
1116 1256 1177 1316 post
1198 1266 1321 1316 magnam
1345 1255 1383 1303 de

298 1332 382 1396 magis
399 1345 481 1395 quam
498 1329 632 1382 familiaris
644 1333 708 1392 erat,
727 1332 821 1382 hiuno-
858 1329 883 1376 S.
906 1329 1033 1391 Pompeio
1059 1329 1210 1388 victoriam,
1236 1333 1383 1393 postquam

299 1409 334 1456 tio
347 1405 451 1466 Planco,
464 1407 553 1457 Asinio
564 1404 681 1467 Pollioni,
699 1403 755 1455 Iulo
771 1408 822 1454 hn-
858 1403 1015 1453 Octavianus
1031 1400 1071 1468 τῷ
1085 1395 1220 1473 Ἀγρίππᾳ
1234 1406 1385 1464 στέφανον

298 1481 386 1540 ionio,
414 1481 452 1530 sic
473 1481 507 1530 M.
530 1479 654 1544 Vipsania
679 1480 819 1543 Agrippae,
857 1473 987 1547 χρυσοῦν
1036 1473 1173 1542 ἐμβόλοις
1213 1472 1385 1544 ἠσκημένον

299 1556 409 1604 strenuo
426 1555 534 1616 Augusti
546 1554 708 1614 administro,
727 1556 821 1617 postea
858 1548 1034 1623 ἐδωρήσατο.
1069 1553 1117 1602 Dio
1134 1552 1176 1614 se,
1196 1554 1234 1603 45.

299 1641 408 1692 genero,
427 1628 506 1678 ducta
523 1629 550 1678 in
568 1629 767 1678 matrimonium
778 1628 822 1676 lu·
891 1628 914 1677 4.
933 1627 1061 1691 Soibcria]
1085 1628 1228 1677 «Carmine
1252 1628 1386 1691 (penegy-

299 1700 347 1763 lia,
371 1703 427 1752 viro
448 1700 509 1752 belii
527 1715 609 1766 quam
629 1704 703 1766 pacis
720 1700 821 1752 artibus
856 1701 920 1764 rico)
931 1700 1117 1760 celebrabere3
1128 1702 1386 1754 nemomeliustuas

298 1779 411 1841 potiori,
441 1791 523 1828 unum
550 1777 687 1828 dumtaxat
712 1789 821 1826 carmen
857 1774 1221 1840 iaudespraedicarepotest,
1234 1789 1315 1839 quam
1326 1779 1387 1827 Va-

299 1847 417 1912 de'dicat,
437 1851 515 1902 simul
531 1853 648 1915 Augusto
660 1852 822 1915 gratificatu-
857 1850 921 1910 rius,
941 1863 1022 1913 quem
1039 1851 1101 1900 huic
1117 1851 1222 1900 muneri
1238 1849 1386 1914 aliquando

299 1940 353 1978 rus.
388 1925 441 1976 Cir.
470 1924 535 1976 Veli.
566 1929 620 1976 Pat.
649 1927 674 1986 7,
703 1927 748 1975 79:
783 1926 819 1975 u.
858 1925 923 1996 satis
940 1924 1071 1974 iacturum
1087 1926 1177 1988 puto.»
1198 1926 1254 1974 Non
1271 1938 1388 1990 respue-

298 2001 425 2063 Aprippo,
453 2001 494 2048 vir
519 2001 620 2050 virtutis
646 2000 820 2061 mitissimae,
857 1997 905 2047 hat
929 2012 954 2046 v.
982 1999 1090 2047 actitem
1114 1999 1166 2047 hac
1190 1999 1386 2061 significatione

302 2074 387 2124 toborc
410 2075 499 2139 cipitia
515 2077 628 2136 periculo
647 2075 753 2126 inuictae
769 2089 822 2136 pa-
858 2073 946 2137 poesis
958 2075 1057 2135 Latina,
1076 2075 1105 2123 ut
1116 2073 1177 2123 iacit
1196 2079 1295 2124 nostra.
1325 2077 1382 2126 Cir.

298 2149 545 2214 continuatricem)
563 2151 747 2213 arianimirum,
765 2152 823 2200 otiis
857 2162 882 2198 v.
903 2147 942 2198 tt.
973 2176 1002 2185 —
1033 2148 1117 2212 Vario]
1140 2150 1167 2198 L.
1191 2149 1286 2200 Varius
1303 2153 1386 2201 natus

301 2237 361 2274 suaa
377 2225 517 2285 imperandi
533 2225 823 2287 cupiduactpcromuiu
858 2224 929 2272 circa
945 2236 970 2272 a.
989 2236 1016 2272 u.
1036 2236 1059 2272 c.
1078 2223 1135 2273 677.
1164 2224 1193 2273 Εἰ
1211 2223 1331 2286 Virgilius
1344 2226 1388 2274 in-

300 2304 376 2349 catro
396 2299 525 2348 dictiones
543 2300 639 2361 positar
659 2290 823 2362 concentuque
859 2298 944 2347 notmt
968 2298 1038 2346 circa
1064 2310 1087 2345 a.
1115 2310 1141 2346 ιι.
1168 2311 1192 2347 c.
1215 2297 1291 2359 744,
1318 2303 1386 2350 ante

300 2374 370 2436 facto
386 2375 543 2436 couiuupcna.
573 2377 630 2424 Non
647 2377 738 2424 tanien
749 2375 822 2424 omni
859 2384 940 2434 quem
948 2372 1002 2420 iam
1012 2370 1132 2420 ediderat
1141 2377 1238 2434 poema
1249 2372 1283 2422 de
1295 2379 1386 2424 morte

299 2446 402 2511 pulchri
419 2461 500 2497 sensu
512 2448 652 2498 destitutus
664 2451 728 2498 erat.
756 2449 820 2498 Plio.
860 2447 990 2507 Caesaris,
1012 2446 1086 2496 cuius
1103 2450 1193 2509 partes
1210 2448 1327 2498 studiose
1341 2462 1389 2498 se·

300 2522 340 2580 35,
359 2520 388 2572 i:
408 2523 497 2570 --ctsi
513 2524 553 2570 vir
568 2523 704 2572 matteum·
716 2524 824 2585 propior
859 2524 944 2572 ctatus
962 2524 1028 2572 erat.
1059 2521 1134 2585 (iiinc
1149 2520 1215 2570 illud
1232 2523 1284 2572 Sat.
1299 2525 1322 2583 4,
1338 2524 1385 2584 to,

301 2610 377 2659 picum
394 2596 494 2646 deliciis.
528 2597 621 2645 Exstat
644 2597 749 2660 ttamen)
771 2598 824 2647 ciue
858 2596 903 2647 ii:
922 2598 987 2661 sorte
1002 2609 1061 2658 apos
1077 2609 1148 2658 acer,
1169 2597 1198 2645 itt
1213 2610 1302 2659 uano,
1331 2600 1388 2648 Vo—

300 2670 382 2720 oratto
397 2670 533 2732 mapuiftca
557 2675 580 2719 et
600 2671 714 2720 maximo
731 2672 822 2721 eivimn
858 2674 913 2721 νίιις
929 2671 1018 2735 ducit.)
1052 2672 1188 2722 Horat-ium
1206 2674 1297 2721 autem
1314 2686 1339 2721 a.
1354 2689 1382 2723 ιι.

300 2746 378 2808 dipna
403 2745 432 2793 dc
456 2743 546 2793 mimis
567 2745 823 2809 coniunctumque
860 2761 883 2797 c.
897 2749 954 2798 747.
973 2746 1045 2796 Bruti
1062 2759 1216 2809 sequacem,
1235 2760 1297 2797 cum
1308 2749 1387 2798 hiae—

296 2818 461 2881 puhticuudie.
480 2819 541 2868 iiius
553 2822 667 2869 statuam
678 2820 740 2869 vide
751 2820 823 2884 apud
860 2823 953 2871 cenete
971 2819 1120 2870 conciliavit
1136 2822 1162 2870 in
1179 2823 1290 2884 eiusque
1308 2821 1389 2872 iami—

300 2893 416 2942 Viaoonti
438 2893 548 2942 Mortuo.
572 2895 663 2958 Borpt.
687 2895 714 2944 T.
736 2894 778 2955 39,
797 2897 820 2944 4.
859 2895 999 2946 liaritatem
1024 2894 1134 2944 adduxii
1158 2897 1229 2945 circa
1253 2911 1278 2946 a.
1305 2910 1331 2945 ιι.
1357 2913 1382 2948 c.

301 2969 455 3030 eticonopr.
478 2967 546 3018 doro.
569 2969 597 3018 T.
616 2969 640 3026 8,
660 2969 683 3018 7.
713 2969 822 3032 (Fraud-
859 2971 915 3020 746.
952 2971 1027 3020 Circa
1044 2983 1069 3018 a.
1088 2983 1114 3018 ιι.
1135 2984 1158 3020 c.
1178 2971 1234 3020 773.
1264 2973 1388 3034 Panegy-

300 3041 735 3107 sendprippo.A1tonat836.8.t
759 3044 820 3104 Sed,
858 3046 944 3096 ricum
977 3045 1004 3093 in
1039 3045 1182 3095 Caesarem
1210 3046 1385 3096 Octavianum

301 3119 331 3167 ut
347 3117 382 3167 ad
402 3117 504 3167 initium
526 3118 604 3168 huius
621 3116 713 3168 scholii
730 3131 823 3168 rever·
859 3119 1024 3182 composuit;
1053 3119 1198 3180 Thyestem
1226 3119 1308 3168 edidit
1331 3134 1388 3183 per

300 3196 350 3252 tar,
368 3193 483 3242 maxime
502 3191 623 3244 notabilis
635 3207 679 3242 res
692 3193 741 3250 est,
760 3194 824 3242 Con
858 3206 943 3243 annos
959 3207 986 3242 u.
1006 3206 1029 3242 c.
1048 3192 1191 3254 rat—727,
1210 3193 1244 3243 de
1261 3207 1315 3257 quo
1331 3197 1384 3246 cir.

301 3267 399 3318 aelium
417 3265 535 3327 Gallum,
562 3267 641 3318 tontis
661 3265 822 3317 laudibusa
858 3267 983 3319 Weicker
999 3269 1065 3319 iiius.
1089 3268 1173 3318 Rhea.
1195 3267 1329 3332 supplem.
1350 3271 1384 3319 V.

300 3341 404 3406 Virgilio
430 3340 611 3403 celebratum,
641 3340 693 3391 aito
719 3339 822 3392 silentio
859 3344 889 3392 ΙΙ.
917 3343 945 3391 T.
973 3342 1015 3390 ΙΙΙ.
1042 3356 1070 3406 p.
1098 3341 1171 3393 ttae.
1207 3341 1301 3391 Secuto
1320 3347 1389 3405 post

300 3418 474 3480 praetermitti
486 3415 519 3466 ah
531 3417 647 3478 Horatio,
667 3417 716 3467 etsi
726 3414 767 3466 ille
777 3417 824 3466 de-
860 3417 922 3468 Chr.
941 3419 1036 3466 octavo
1053 3415 1175 3466 exstabat
1190 3416 1258 3465 haec
1275 3415 1384 3466 tabula:

301 3503 376 3540 mum
393 3505 417 3540 a.
437 3505 462 3540 u.
482 3505 505 3543 c.
527 3492 598 3552 778,
625 3494 768 3555 postquam
790 3505 823 3540 ex
859 3493 952 3555 postea
970 3492 1080 3555 propter
1097 3488 1189 3540 isidori
1201 3490 1388 3552 Originesmi-

301 3567 409 3627 Augusti
428 3567 516 3616 iuvere
537 3567 685 3627 exciderat,
708 3568 822 3616 mortem
860 3579 920 3617 sere
936 3565 1015 3630 periit
1032 3565 1058 3614 in
1077 3563 1175 3614 Codice
1193 3565 1320 3627 rescripto
1337 3579 1388 3615 re-

302 3638 353 3688 sihi
370 3641 505 3690 conscivit.
540 3643 632 3704 Magna
653 3644 822 3692 autemeam
860 3641 901 3702 gio
926 3641 956 3689 N.
983 3638 1072 3699 7530,
1099 3640 1126 3688 in
1152 3651 1205 3702 quo
1231 3639 1388 3689 etiamnunc

302 3715 358 3762 arte
376 3713 504 3775 significat
521 3727 550 3764 se
568 3717 736 3778 panegyricis
756 3715 823 3780 epici
861 3715 928 3764 haec
945 3712 1080 3775 leguntur:
1109 3713 1156 3762 «t.
1181 3714 1270 3762 Varim
1289 3727 1388 3775 capno-

302 3786 406 3850 generis
434 3788 626 3851 componendis
653 3792 740 3842 minus
765 3791 825 3840 ido·
859 3793 942 3838 manto
969 3788 1048 3850 Rufus
1076 3788 1200 3848 Thuestcm
1227 3788 1390 3850 aupocdium

302 3874 382 3911 neum
410 3875 483 3922 esso,
516 3875 531 3910 a
562 3875 615 3925 quo
646 3876 743 3924 genere
770 3869 824 3916 toto
859 3877 956 3928 nupero
979 3875 1043 3911 cura
1064 3862 1203 3911 meorum
1220 3867 1277 3923 port
1295 3863 1389 3912 Aetia-

303 3935 465 3986 abhorrebat
483 3939 509 3985 et
526 3950 656 4000 generosa
673 3939 730 3987 eius
748 3940 825 3990 indo-
861 3953 918 3989 curn
932 3938 1065 3987 uictoriam
1081 3938 1191 4000 dupusto
1207 3937 1272 3985 tudio
1287 3937 1341 3985 οἰιιι
1358 3939 1389 3987 ia

302 4010 341 4061 les
360 4014 386 4060 et
403 4009 528 4060 iudicium
546 4012 688 4075 poeticum.
708 4013 824 4075 Compo-
861 4027 935 4063 sceno
950 4013 1039 4070 actutu
1057 4025 1107 4073 pro
1124 4025 1176 4073 φιιι
1190 4012 1279 4075 [obuio
1293 4016 1388 4061 sertor·-

302 4085 381 4135 situm
391 4084 534 4135 arbitratur
542 4086 593 4135 hoc
602 4099 711 4135 cannen
723 4086 823 4135 Franke
862 4090 924 4138 tium
941 4089 1036 4138 ouum
1052 4089 1171 4148 accept.»
1201 4086 1387 4137 Schneidewin

301 4172 352 4223 per
367 4173 450 4210 annos
467 4159 514 4212 774
533 4163 560 4211 et
571 4161 639 4221 778,
658 4160 787 4210 Kirchner
798 4164 824 4210 et
862 4163 888 4212 in
905 4163 971 4212 hius.
990 4163 1072 4213 Rhen.
1093 4160 1275 4226 teinpus.
1291 4162 1387 4210 -Su-

301 4233 477 4286 Waiciienaer
486 4250 509 4285 a.
522 4236 588 4296 777,
602 4234 822 4296 proterendum,
861 4239 965 4301 paretes
983 4236 1030 4288 tuit
1041 4235 1146 4300 Virgilio
1159 4239 1263 4286 mortuo
1274 4249 1297 4284 a.
1312 4235 1383 4295 735,
