<?xml version="1.0" encoding="UTF-8"?>
<!DOCTYPE html PUBLIC "-//W3C//DTD XHTML 1.0 Transitional//EN"
    "http://www.w3.org/TR/xhtml1/DTD/xhtml1-transitional.dtd">
<html xmlns="http://www.w3.org/1999/xhtml" xml:lang="en" lang="en">
 <head>
  <title>
</title>
<meta http-equiv="Content-Type" content="text/html;charset=utf-8" />
  <meta name='ocr-system' content='tesseract 3.04.00' />
  <meta name='ocr-capabilities' content='ocr_page ocr_carea ocr_par ocr_line ocrx_word'/>
</head>
<body>
  <div class='ocr_page' id='page_1' title='image "./qhoratiusflaccu04baitgoog/qhoratiusflaccu04baitgoog_0622.png"; bbox 0 0 2934 4884; ppageno 0'>
   <div class='ocr_carea' id='block_1_1' title="bbox 657 368 973 419">
    <p class='ocr_par' dir='ltr' id='par_1_1' title="bbox 657 368 973 419">
     <span class='ocr_line' id='line_1_1' title="bbox 657 368 973 419; baseline -0.009 0"><span class='ocrx_word' id='word_1_1' title='bbox 657 368 785 419; x_wconf 78' lang='lat' dir='ltr'>llOllATll</span> <span class='ocrx_word' id='word_1_2' title='bbox 804 368 973 419; x_wconf 66' lang='lat' dir='ltr'>calamitosi</span> 
     </span>
    </p>
   </div>
   <div class='ocr_carea' id='block_1_2' title="bbox 487 522 1073 610">
    <p class='ocr_par' dir='ltr' id='par_1_2' title="bbox 487 522 1073 610">
     <span class='ocr_line' id='line_1_2' title="bbox 487 522 1073 610; baseline -0.01 -19"><span class='ocrx_word' id='word_1_3' title='bbox 487 524 728 610; x_wconf 75' lang='lat' dir='ltr'>Stesichorique</span> <span class='ocrx_word' id='word_1_4' title='bbox 752 542 867 609; x_wconf 82' lang='lat' dir='ltr'>graves</span> <span class='ocrx_word' id='word_1_5' title='bbox 890 522 1073 597; x_wconf 62' lang='lat' dir='ltr'>Camenam</span> 
     </span>
    </p>
   </div>
   <div class='ocr_carea' id='block_1_3' title="bbox 401 678 1044 1129">
    <p class='ocr_par' dir='ltr' id='par_1_3' title="bbox 401 678 1044 1129">
     <span class='ocr_line' id='line_1_3' title="bbox 401 678 1044 769; baseline -0.011 -19"><span class='ocrx_word' id='word_1_6' title='bbox 401 686 487 759; x_wconf 91' lang='lat' dir='ltr'>Nec,</span> <span class='ocrx_word' id='word_1_7' title='bbox 512 684 538 747; x_wconf 92' lang='lat' dir='ltr'>si</span> <span class='ocrx_word' id='word_1_8' title='bbox 561 680 640 769; x_wconf 91' lang='lat' dir='ltr'>quid</span> <span class='ocrx_word' id='word_1_9' title='bbox 662 680 739 746; x_wconf 92' lang='lat' dir='ltr'>olim</span> <span class='ocrx_word' id='word_1_10' title='bbox 761 678 837 745; x_wconf 92' lang='lat' dir='ltr'>lusit</span> <span class='ocrx_word' id='word_1_11' title='bbox 857 680 1044 753; x_wconf 66' lang='lat' dir='ltr'>Anacreon,</span> 
     </span>
     <span class='ocr_line' id='line_1_4' title="bbox 401 798 1025 887; baseline -0.014 -16"><span class='ocrx_word' id='word_1_12' title='bbox 401 804 528 871; x_wconf 90' lang='lat' dir='ltr'>Delevit</span> <span class='ocrx_word' id='word_1_13' title='bbox 549 813 657 881; x_wconf 88' lang='lat' dir='ltr'>aetas;</span> <span class='ocrx_word' id='word_1_14' title='bbox 682 801 784 887; x_wconf 80' lang='lat' dir='ltr'><strong>spirat</strong></span> <span class='ocrx_word' id='word_1_15' title='bbox 805 798 911 866; x_wconf 89' lang='lat' dir='ltr'>adhuc</span> <span class='ocrx_word' id='word_1_16' title='bbox 934 819 1025 865; x_wconf 88' lang='lat' dir='ltr'>arnor</span> 
     </span>
     <span class='ocr_line' id='line_1_5' title="bbox 442 902 959 1011; baseline -0.014 -19"><span class='ocrx_word' id='word_1_17' title='bbox 442 926 623 1011; x_wconf 79' lang='lat' dir='ltr'>vivuntque</span> <span class='ocrx_word' id='word_1_18' title='bbox 645 902 809 989; x_wconf 86' lang='lat' dir='ltr'>commissi</span> <span class='ocrx_word' id='word_1_19' title='bbox 833 918 959 987; x_wconf 90' lang='lat' dir='ltr'>calores</span> 
     </span>
     <span class='ocr_line' id='line_1_6' title="bbox 486 1040 920 1129; baseline -0.018 -16"><span class='ocrx_word' id='word_1_20' title='bbox 486 1044 616 1113; x_wconf 75' lang='lat' dir='ltr'>Aeoliae</span> <span class='ocrx_word' id='word_1_21' title='bbox 638 1041 757 1109; x_wconf 89' lang='lat' dir='ltr'>fidibus</span> <span class='ocrx_word' id='word_1_22' title='bbox 781 1040 920 1129; x_wconf 89' lang='lat' dir='ltr'>puellae.</span> 
     </span>
    </p>
   </div>
   <div class='ocr_carea' id='block_1_4' title="bbox 402 1198 1013 1532">
    <p class='ocr_par' dir='ltr' id='par_1_4' title="bbox 402 1198 1013 1532">
     <span class='ocr_line' id='line_1_7' title="bbox 402 1198 991 1288; baseline -0.014 -17"><span class='ocrx_word' id='word_1_23' title='bbox 402 1208 472 1271; x_wconf 92' lang='lat' dir='ltr'>Non</span> <span class='ocrx_word' id='word_1_24' title='bbox 494 1202 563 1269; x_wconf 90' lang='lat' dir='ltr'>sola</span> <span class='ocrx_word' id='word_1_25' title='bbox 585 1210 731 1288; x_wconf 90' lang='lat' dir='ltr'>comptos</span> <span class='ocrx_word' id='word_1_26' title='bbox 753 1200 833 1266; x_wconf 92' lang='lat' dir='ltr'>arsit</span> <span class='ocrx_word' id='word_1_27' title='bbox 853 1198 991 1265; x_wconf 78' lang='lat' dir='ltr'>adulteri</span> 
     </span>
     <span class='ocr_line' id='line_1_8' title="bbox 406 1319 1013 1393; baseline -0.012 -1"><span class='ocrx_word' id='word_1_28' title='bbox 406 1326 519 1393; x_wconf 85' lang='lat' dir='ltr'>Crines</span> <span class='ocrx_word' id='word_1_29' title='bbox 542 1334 575 1391; x_wconf 90' lang='lat' dir='ltr'>et</span> <span class='ocrx_word' id='word_1_30' title='bbox 595 1344 710 1390; x_wconf 89' lang='lat' dir='ltr'>aurum</span> <span class='ocrx_word' id='word_1_31' title='bbox 733 1319 878 1387; x_wconf 89' lang='lat' dir='ltr'>vestibus</span> <span class='ocrx_word' id='word_1_32' title='bbox 901 1319 1013 1386; x_wconf 89' lang='lat' dir='ltr'>illitum</span> 
     </span>
     <span class='ocr_line' id='line_1_9' title="bbox 445 1441 899 1532; baseline -0.009 -21"><span class='ocrx_word' id='word_1_33' title='bbox 445 1446 556 1512; x_wconf 85' lang='lat' dir='ltr'>Mirata</span> <span class='ocrx_word' id='word_1_34' title='bbox 578 1442 771 1532; x_wconf 81' lang='lat' dir='ltr'>regalesque</span> <span class='ocrx_word' id='word_1_35' title='bbox 795 1441 899 1508; x_wconf 90' lang='lat' dir='ltr'>cultus</span> 
     </span>
    </p>
   </div>
   <div class='ocr_carea' id='block_1_5' title="bbox 341 1650 958 1714">
    <p class='ocr_par' dir='ltr' id='par_1_5' title="bbox 341 1650 958 1714">
     <span class='ocr_line' id='line_1_10' title="bbox 341 1650 958 1714; baseline -0.005 -11"><span class='ocrx_word' id='word_1_36' title='bbox 341 1655 365 1703; x_wconf 87' lang='grc'>8.</span> <span class='ocrx_word' id='word_1_37' title='bbox 385 1652 546 1705; x_wconf 76' lang='lat' dir='ltr'>Stedcbortoe</span> <span class='ocrx_word' id='word_1_38' title='bbox 562 1654 591 1702; x_wconf 85' lang='lat' dir='ltr'>B.</span> <span class='ocrx_word' id='word_1_39' title='bbox 612 1676 640 1689; x_wconf 92' lang='lat'><em>-</em></span> <span class='ocrx_word' id='word_1_40' title='bbox 660 1652 699 1701; x_wconf 81' lang='grc'><strong>45.</strong></span> <span class='ocrx_word' id='word_1_41' title='bbox 718 1650 859 1714; x_wconf 68' lang='lat' dir='ltr'>recolitque</span> <span class='ocrx_word' id='word_1_42' title='bbox 875 1650 958 1703; x_wconf 79' lang='lat' dir='ltr'>Bb&#39;rc.</span> 
     </span>
    </p>
   </div>
   <div class='ocr_carea' id='block_1_6' title="bbox 276 1832 1359 2348">
    <p class='ocr_par' dir='ltr' id='par_1_6' title="bbox 276 1832 1357 2050">
     <span class='ocr_line' id='line_1_11' title="bbox 277 1832 1357 1907; baseline -0.006 -16"><span class='ocrx_word' id='word_1_43' title='bbox 277 1840 378 1902; x_wconf 77' lang='grc' dir='ltr'><strong><em>πολιος</em></strong></span> <span class='ocrx_word' id='word_1_44' title='bbox 395 1834 448 1900; x_wconf 79' lang='grc' dir='ltr'>τᾶς</span> <span class='ocrx_word' id='word_1_45' title='bbox 463 1832 576 1901; x_wconf 59' lang='lat' dir='ltr'>§axilio</span> <span class='ocrx_word' id='word_1_46' title='bbox 595 1836 646 1887; x_wconf 78' lang='lat' dir='ltr'>acl</span> <span class='ocrx_word' id='word_1_47' title='bbox 665 1832 802 1907; x_wconf 64' lang='grc' dir='ltr'><strong><em>βαρυδαν</em></strong></span> <span class='ocrx_word' id='word_1_48' title='bbox 837 1836 986 1886; x_wconf 80' lang='lat' dir='ltr'>rcrcctiom</span> <span class='ocrx_word' id='word_1_49' title='bbox 1001 1836 1029 1885; x_wconf 84' lang='lat' dir='ltr'>io</span> <span class='ocrx_word' id='word_1_50' title='bbox 1044 1835 1156 1897; x_wconf 63' lang='lat' dir='ltr'>matis,</span> <span class='ocrx_word' id='word_1_51' title='bbox 1175 1833 1357 1885; x_wconf 66' lang='lat' dir='ltr'>mosam</span> 
     </span>
     <span class='ocr_line' id='line_1_12' title="bbox 276 1906 1357 1981; baseline -0.006 -17"><span class='ocrx_word' id='word_1_52' title='bbox 276 1928 368 1979; x_wconf 84' lang='grc' dir='ltr'><strong><em>μονος</em></strong></span> <span class='ocrx_word' id='word_1_53' title='bbox 381 1906 560 1963; x_wconf 80' lang='grc' dir='ltr'><strong><em>Ἐστάσαντο</em></strong></span> <span class='ocrx_word' id='word_1_54' title='bbox 580 1906 721 1981; x_wconf 79' lang='grc' dir='ltr'><strong><em>τύραννον</em></strong></span> <span class='ocrx_word' id='word_1_55' title='bbox 737 1910 800 1976; x_wconf 76' lang='grc' dir='ltr'>μέγ’</span> <span class='ocrx_word' id='word_1_56' title='bbox 837 1910 1011 1960; x_wconf 68' lang='grc' dir='ltr'><strong><em>σι’τσσοὶᾱίενε.</em></strong></span> <span class='ocrx_word' id='word_1_57' title='bbox 1043 1908 1224 1969; x_wconf 79' lang='lat' dir='ltr'>Gellius&#39;l,5:</span> <span class='ocrx_word' id='word_1_58' title='bbox 1242 1908 1357 1958; x_wconf 72' lang='lat' dir='ltr'>roua--</span> 
     </span>
     <span class='ocr_line' id='line_1_13' title="bbox 276 1982 1357 2050; baseline -0.008 -9"><span class='ocrx_word' id='word_1_59' title='bbox 276 1989 439 2050; x_wconf 78' lang='grc' dir='ltr'><strong><em>ἐπαινέντες</em></strong></span> <span class='ocrx_word' id='word_1_60' title='bbox 455 1982 581 2049; x_wconf 79' lang='grc' dir='ltr'><strong><em>ἀόλλεες.</em></strong></span> <span class='ocrx_word' id='word_1_61' title='bbox 839 1984 947 2046; x_wconf 78' lang='lat' dir='ltr'>oppleuit</span> <span class='ocrx_word' id='word_1_62' title='bbox 972 1983 1237 2033; x_wconf 80' lang='lat' dir='ltr'>omnio--tomsntts</span> <span class='ocrx_word' id='word_1_63' title='bbox 1259 1984 1323 2032; x_wconf 74' lang='lat' dir='ltr'>uois</span> <span class='ocrx_word' id='word_1_64' title='bbox 1336 1990 1357 2033; x_wconf 85' lang='lat' dir='ltr'>ct</span> 
     </span>
    </p>

    <p class='ocr_par' dir='ltr' id='par_1_7' title="bbox 276 2057 1359 2348">
     <span class='ocr_line' id='line_1_14' title="bbox 309 2057 1359 2125; baseline -0.009 -11"><span class='ocrx_word' id='word_1_65' title='bbox 309 2064 334 2115; x_wconf 90' lang='lat'>8.</span> <span class='ocrx_word' id='word_1_66' title='bbox 358 2061 550 2125; x_wconf 65' lang='lat' dir='ltr'>Stesichorique]</span> <span class='ocrx_word' id='word_1_67' title='bbox 569 2062 632 2111; x_wconf 81' lang='lat' dir='ltr'>stat.</span> <span class='ocrx_word' id='word_1_68' title='bbox 651 2059 712 2110; x_wconf 86' lang='lat' dir='ltr'>Silv.</span> <span class='ocrx_word' id='word_1_69' title='bbox 731 2062 761 2119; x_wconf 82' lang='lat' dir='ltr'>o,</span> <span class='ocrx_word' id='word_1_70' title='bbox 775 2060 799 2120; x_wconf 86' lang='grc'>3,</span> <span class='ocrx_word' id='word_1_71' title='bbox 838 2058 1000 2121; x_wconf 68' lang='lat' dir='ltr'>spiramus.</span> <span class='ocrx_word' id='word_1_72' title='bbox 1028 2084 1057 2095; x_wconf 89' lang='lat'><em>-</em></span> <span class='ocrx_word' id='word_1_73' title='bbox 1085 2057 1232 2121; x_wconf 68' lang='lat' dir='ltr'>unntpuc]</span> <span class='ocrx_word' id='word_1_74' title='bbox 1257 2057 1359 2122; x_wconf 85' lang='lat' dir='ltr'>sappho</span> 
     </span>
     <span class='ocr_line' id='line_1_15' title="bbox 278 2124 1358 2198; baseline -0.006 -10"><span class='ocrx_word' id='word_1_75' title='bbox 278 2139 343 2189; x_wconf 80' lang='lat' dir='ltr'>toi:</span> <span class='ocrx_word' id='word_1_76' title='bbox 362 2138 563 2197; x_wconf 65' lang='lat' dir='ltr'>sauciamque</span> <span class='ocrx_word' id='word_1_77' title='bbox 580 2136 662 2198; x_wconf 75' lang='lat' dir='ltr'>saroa.</span> <span class='ocrx_word' id='word_1_78' title='bbox 692 2132 799 2193; x_wconf 83' lang='lat' dir='ltr'>Quintil.</span> <span class='ocrx_word' id='word_1_79' title='bbox 838 2132 873 2182; x_wconf 91' lang='lat' dir='ltr'>de</span> <span class='ocrx_word' id='word_1_80' title='bbox 890 2144 921 2182; x_wconf 85' lang='lat' dir='ltr'>sa</span> <span class='ocrx_word' id='word_1_81' title='bbox 938 2134 996 2195; x_wconf 85' lang='lat' dir='ltr'>ipsa</span> <span class='ocrx_word' id='word_1_82' title='bbox 1006 2131 1091 2193; x_wconf 76' lang='lat' dir='ltr'>Bergk</span> <span class='ocrx_word' id='word_1_83' title='bbox 1101 2143 1129 2194; x_wconf 93' lang='lat' dir='ltr'>p.</span> <span class='ocrx_word' id='word_1_84' title='bbox 1142 2132 1206 2180; x_wconf 84' lang='lat' dir='ltr'>oio:</span> <span class='ocrx_word' id='word_1_85' title='bbox 1229 2124 1297 2181; x_wconf 73' lang='lat' dir='ltr'>oio</span> <span class='ocrx_word' id='word_1_86' title='bbox 1315 2129 1358 2181; x_wconf 80' lang='grc' dir='ltr'><strong><em>ἴαν</em></strong></span> 
     </span>
     <span class='ocr_line' id='line_1_16' title="bbox 279 2200 1358 2275; baseline -0.006 -13"><span class='ocrx_word' id='word_1_87' title='bbox 279 2213 326 2273; x_wconf 86' lang='lat' dir='ltr'>io,</span> <span class='ocrx_word' id='word_1_88' title='bbox 341 2214 370 2273; x_wconf 94' lang='grc'><strong>4,</strong></span> <span class='ocrx_word' id='word_1_89' title='bbox 385 2212 433 2262; x_wconf 75' lang='lat'>62:</span> <span class='ocrx_word' id='word_1_90' title='bbox 458 2211 575 2260; x_wconf 75' lang='lat' dir='ltr'>mocimo</span> <span class='ocrx_word' id='word_1_91' title='bbox 591 2208 655 2259; x_wconf 76' lang='lat' dir='ltr'>teuc</span> <span class='ocrx_word' id='word_1_92' title='bbox 671 2213 695 2258; x_wconf 86' lang='lat' dir='ltr'>ct</span> <span class='ocrx_word' id='word_1_93' title='bbox 710 2208 802 2257; x_wconf 61' lang='lat' dir='ltr'>clom-</span> <span class='ocrx_word' id='word_1_94' title='bbox 838 2204 983 2270; x_wconf 73' lang='grc' dir='ltr'><strong><em>δοκίμωμι</em></strong></span> <span class='ocrx_word' id='word_1_95' title='bbox 1000 2200 1358 2275; x_wconf 74' lang='grc' dir='ltr'><strong><em>τροσὶδοισανφάσςὰλὶω</em></strong></span> 
     </span>
     <span class='ocr_line' id='line_1_17' title="bbox 276 2274 1358 2348; baseline -0.009 -10"><span class='ocrx_word' id='word_1_96' title='bbox 276 2286 459 2338; x_wconf 82' lang='lat' dir='ltr'>simosceoinit</span> <span class='ocrx_word' id='word_1_97' title='bbox 475 2286 548 2335; x_wconf 79' lang='lat' dir='ltr'>duces</span> <span class='ocrx_word' id='word_1_98' title='bbox 564 2288 587 2334; x_wconf 81' lang='lat' dir='ltr'>st</span> <span class='ocrx_word' id='word_1_99' title='bbox 604 2284 666 2345; x_wconf 84' lang='lat' dir='ltr'>opici</span> <span class='ocrx_word' id='word_1_100' title='bbox 683 2283 804 2332; x_wconf 75' lang='lat' dir='ltr'>carminis</span> <span class='ocrx_word' id='word_1_101' title='bbox 831 2275 993 2330; x_wconf 71' lang='lat' dir='ltr'>’Eoosodac</span> <span class='ocrx_word' id='word_1_102' title='bbox 1017 2280 1129 2340; x_wconf 78' lang='grc' dir='ltr'><strong><em>σοφίαν</em></strong></span> <span class='ocrx_word' id='word_1_103' title='bbox 1155 2274 1302 2348; x_wconf 72' lang='grc' dir='ltr'><strong><em>πάρθενον</em></strong></span> <span class='ocrx_word' id='word_1_104' title='bbox 1322 2280 1358 2341; x_wconf 70' lang='grc' dir='ltr'>εἰς</span> 
     </span>
    </p>
   </div>
   <div class='ocr_carea' id='block_1_7' title="bbox 157 2348 1360 2427">
    <p class='ocr_par' dir='ltr' id='par_1_8' title="bbox 157 2348 1360 2427">
     <span class='ocr_line' id='line_1_18' title="bbox 157 2348 1360 2427; baseline -0.007 -15"><span class='ocrx_word' id='word_1_105' title='bbox 157 2408 167 2427; x_wconf 73' lang='grc'><strong>,</strong></span> <span class='ocrx_word' id='word_1_106' title='bbox 277 2374 356 2411; x_wconf 83' lang='lat' dir='ltr'>onero</span> <span class='ocrx_word' id='word_1_107' title='bbox 378 2360 436 2421; x_wconf 76' lang='lat' dir='ltr'>tyro</span> <span class='ocrx_word' id='word_1_108' title='bbox 461 2358 592 2409; x_wconf 85' lang='lat' dir='ltr'>sustinuit.</span> <span class='ocrx_word' id='word_1_109' title='bbox 627 2358 715 2407; x_wconf 76' lang='lat' dir='ltr'>Reddit</span> <span class='ocrx_word' id='word_1_110' title='bbox 737 2356 803 2406; x_wconf 78' lang='lat' dir='ltr'>ssim</span> <span class='ocrx_word' id='word_1_111' title='bbox 839 2349 944 2406; x_wconf 73' lang='grc' dir='ltr'><strong><em>οὐδένα</em></strong></span> <span class='ocrx_word' id='word_1_112' title='bbox 958 2367 1001 2403; x_wconf 80' lang='grc' dir='ltr'>πω</span> <span class='ocrx_word' id='word_1_113' title='bbox 1010 2348 1118 2423; x_wconf 84' lang='grc' dir='ltr'><strong><em>χρόνον</em></strong></span> <span class='ocrx_word' id='word_1_114' title='bbox 1131 2350 1284 2403; x_wconf 77' lang='grc' dir='ltr'><strong><em>Τοιούτων.</em></strong></span> <span class='ocrx_word' id='word_1_115' title='bbox 1295 2354 1360 2405; x_wconf 83' lang='lat' dir='ltr'>Posi·</span> 
     </span>
    </p>
   </div>
   <div class='ocr_carea' id='block_1_8' title="bbox 271 2426 1361 4275">
    <p class='ocr_par' dir='ltr' id='par_1_9' title="bbox 271 2426 1361 4275">
     <span class='ocr_line' id='line_1_19' title="bbox 275 2426 1357 2499; baseline -0.009 -14"><span class='ocrx_word' id='word_1_116' title='bbox 275 2434 390 2499; x_wconf 79' lang='lat' dir='ltr'>personis</span> <span class='ocrx_word' id='word_1_117' title='bbox 412 2434 440 2483; x_wconf 84' lang='lat' dir='ltr'>tn</span> <span class='ocrx_word' id='word_1_118' title='bbox 458 2434 555 2496; x_wconf 73' lang='grc' dir='ltr'><strong><em>σρσνάο</em></strong></span> <span class='ocrx_word' id='word_1_119' title='bbox 573 2432 648 2481; x_wconf 84' lang='lat' dir='ltr'>simut</span> <span class='ocrx_word' id='word_1_120' title='bbox 666 2432 803 2493; x_wconf 74' lang='lat' dir='ltr'>bpuendo-</span> <span class='ocrx_word' id='word_1_121' title='bbox 839 2429 937 2494; x_wconf 88' lang='lat' dir='ltr'>dippus</span> <span class='ocrx_word' id='word_1_122' title='bbox 961 2428 1039 2478; x_wconf 81' lang='lat' dir='ltr'>Antb.</span> <span class='ocrx_word' id='word_1_123' title='bbox 1067 2426 1121 2477; x_wconf 90' lang='lat' dir='ltr'>Pal.</span> <span class='ocrx_word' id='word_1_124' title='bbox 1147 2428 1179 2477; x_wconf 92' lang='grc'>44.</span> <span class='ocrx_word' id='word_1_125' title='bbox 1207 2440 1269 2491; x_wconf 76' lang='lat' dir='ltr'>pag.</span> <span class='ocrx_word' id='word_1_126' title='bbox 1299 2428 1357 2479; x_wconf 75' lang='lat' dir='ltr'>ito:</span> 
     </span>
     <span class='ocr_line' id='line_1_20' title="bbox 279 2497 1361 2571; baseline -0.007 -13"><span class='ocrx_word' id='word_1_127' title='bbox 279 2522 326 2571; x_wconf 76' lang='grc' dir='ltr'><strong><em>ονε</em></strong></span> <span class='ocrx_word' id='word_1_128' title='bbox 342 2507 451 2558; x_wconf 73' lang='lat' dir='ltr'>motam</span> <span class='ocrx_word' id='word_1_129' title='bbox 467 2508 631 2569; x_wconf 78' lang='lat' dir='ltr'>dtpnttctcm:</span> <span class='ocrx_word' id='word_1_130' title='bbox 649 2518 703 2567; x_wconf 85' lang='lat' dir='ltr'>quo</span> <span class='ocrx_word' id='word_1_131' title='bbox 720 2504 803 2555; x_wconf 85' lang='lat' dir='ltr'>reior-</span> <span class='ocrx_word' id='word_1_132' title='bbox 838 2497 970 2564; x_wconf 78' lang='grc' dir='ltr'>Σαπφώ,</span> <span class='ocrx_word' id='word_1_133' title='bbox 998 2501 1050 2551; x_wconf 75' lang='lat' dir='ltr'>ool</span> <span class='ocrx_word' id='word_1_134' title='bbox 1073 2498 1104 2551; x_wconf 77' lang='lat' dir='ltr'>dl</span> <span class='ocrx_word' id='word_1_135' title='bbox 1128 2502 1251 2566; x_wconf 77' lang='grc' dir='ltr'><strong><em>μένουσι</em></strong></span> <span class='ocrx_word' id='word_1_136' title='bbox 1278 2500 1361 2567; x_wconf 77' lang='grc' dir='ltr'><strong><em>φίλης</em></strong></span> 
     </span>
     <span class='ocr_line' id='line_1_21' title="bbox 277 2570 1361 2644; baseline -0.005 -12"><span class='ocrx_word' id='word_1_137' title='bbox 277 2586 321 2632; x_wconf 88' lang='lat' dir='ltr'>tur</span> <span class='ocrx_word' id='word_1_138' title='bbox 341 2596 366 2631; x_wconf 89' lang='lat' dir='ltr'>v.</span> <span class='ocrx_word' id='word_1_139' title='bbox 385 2593 485 2644; x_wconf 76' lang='grc' dir='ltr'><strong><em>ρτσσοτ.</em></strong></span> <span class='ocrx_word' id='word_1_140' title='bbox 839 2572 882 2628; x_wconf 76' lang='grc' dir='ltr'><strong><em>’ἔτι</em></strong></span> <span class='ocrx_word' id='word_1_141' title='bbox 897 2577 947 2627; x_wconf 73' lang='lat' dir='ltr'>nal</span> <span class='ocrx_word' id='word_1_142' title='bbox 967 2577 1123 2641; x_wconf 76' lang='grc' dir='ltr'><strong><em>μενέουσιν</em></strong></span> <span class='ocrx_word' id='word_1_143' title='bbox 1136 2570 1236 2641; x_wconf 75' lang='grc' dir='ltr'><strong><em>Ὠιδῆς</em></strong></span> <span class='ocrx_word' id='word_1_144' title='bbox 1252 2578 1288 2626; x_wconf 79' lang='grc' dir='ltr'>αἱ</span> <span class='ocrx_word' id='word_1_145' title='bbox 1302 2576 1361 2627; x_wconf 70' lang='grc' dir='ltr'><strong><em>λεν·</em></strong></span> 
     </span>
     <span class='ocr_line' id='line_1_22' title="bbox 310 2646 1359 2717; baseline -0.004 -13"><span class='ocrx_word' id='word_1_146' title='bbox 310 2654 404 2704; x_wconf 71' lang='grc'><strong>9-44.</strong></span> <span class='ocrx_word' id='word_1_147' title='bbox 423 2654 567 2714; x_wconf 75' lang='lat' dir='ltr'>Anacreon]</span> <span class='ocrx_word' id='word_1_148' title='bbox 593 2653 630 2703; x_wconf 73' lang='lat' dir='ltr'>«si</span> <span class='ocrx_word' id='word_1_149' title='bbox 642 2652 707 2715; x_wconf 83' lang='lat' dir='ltr'>quid</span> <span class='ocrx_word' id='word_1_150' title='bbox 718 2651 803 2701; x_wconf 86' lang='lat' dir='ltr'>levio-</span> <span class='ocrx_word' id='word_1_151' title='bbox 839 2652 889 2702; x_wconf 71' lang='lat' dir='ltr'>nat</span> <span class='ocrx_word' id='word_1_152' title='bbox 913 2646 1112 2717; x_wconf 72' lang='grc' dir='ltr'>φθεγγόμεναι</span> <span class='ocrx_word' id='word_1_153' title='bbox 1134 2647 1253 2713; x_wconf 58' lang='lat' dir='ltr'>calidae.</span> <span class='ocrx_word' id='word_1_154' title='bbox 1290 2651 1359 2702; x_wconf 84' lang='lat' dir='ltr'>Piud.</span> 
     </span>
     <span class='ocr_line' id='line_1_23' title="bbox 277 2719 1361 2796; baseline -0.004 -17"><span class='ocrx_word' id='word_1_155' title='bbox 277 2731 328 2789; x_wconf 81' lang='lat' dir='ltr'>ris,</span> <span class='ocrx_word' id='word_1_156' title='bbox 361 2728 492 2791; x_wconf 84' lang='lat' dir='ltr'>imprimis</span> <span class='ocrx_word' id='word_1_157' title='bbox 513 2728 634 2777; x_wconf 84' lang='lat' dir='ltr'>amatorii</span> <span class='ocrx_word' id='word_1_158' title='bbox 654 2727 803 2788; x_wconf 81' lang='lat' dir='ltr'>argumenti</span> <span class='ocrx_word' id='word_1_159' title='bbox 840 2728 915 2777; x_wconf 80' lang='lat' dir='ltr'>Nem.</span> <span class='ocrx_word' id='word_1_160' title='bbox 943 2725 972 2787; x_wconf 84' lang='lat' dir='ltr'>i,</span> <span class='ocrx_word' id='word_1_161' title='bbox 999 2727 1033 2775; x_wconf 87' lang='lat'>6:</span> <span class='ocrx_word' id='word_1_162' title='bbox 1059 2719 1152 2788; x_wconf 77' lang='grc' dir='ltr'>Ῥῆμα</span> <span class='ocrx_word' id='word_1_163' title='bbox 1173 2722 1361 2796; x_wconf 66' lang='grc' dir='ltr'><strong><em>δεργμάτων</em></strong></span> 
     </span>
     <span class='ocr_line' id='line_1_24' title="bbox 277 2795 1361 2871; baseline -0.002 -18"><span class='ocrx_word' id='word_1_164' title='bbox 277 2803 426 2853; x_wconf 82' lang='lat' dir='ltr'>tractavit.»</span> <span class='ocrx_word' id='word_1_165' title='bbox 439 2803 548 2863; x_wconf 78' lang='lat' dir='ltr'>Propter</span> <span class='ocrx_word' id='word_1_166' title='bbox 564 2798 704 2850; x_wconf 89' lang='lat' dir='ltr'>nonnullos</span> <span class='ocrx_word' id='word_1_167' title='bbox 721 2799 804 2849; x_wconf 88' lang='lat' dir='ltr'>lecto-</span> <span class='ocrx_word' id='word_1_168' title='bbox 840 2796 1030 2871; x_wconf 73' lang='grc' dir='ltr'><strong><em>χρονιώτερον</em></strong></span> <span class='ocrx_word' id='word_1_169' title='bbox 1045 2795 1180 2859; x_wconf 75' lang='grc' dir='ltr'><strong><em>βιοτεύει.</em></strong></span> <span class='ocrx_word' id='word_1_170' title='bbox 1210 2800 1267 2850; x_wconf 83' lang='grc' dir='ltr'>Ηοο</span> <span class='ocrx_word' id='word_1_171' title='bbox 1287 2802 1361 2864; x_wconf 75' lang='lat' dir='ltr'>igitur</span> 
     </span>
     <span class='ocr_line' id='line_1_25' title="bbox 278 2873 1361 2936; baseline -0.002 -11"><span class='ocrx_word' id='word_1_172' title='bbox 278 2889 322 2925; x_wconf 88' lang='lat' dir='ltr'>res</span> <span class='ocrx_word' id='word_1_173' title='bbox 339 2873 504 2925; x_wconf 89' lang='lat' dir='ltr'>monendum</span> <span class='ocrx_word' id='word_1_174' title='bbox 520 2873 605 2933; x_wconf 85' lang='lat' dir='ltr'>duco,</span> <span class='ocrx_word' id='word_1_175' title='bbox 631 2874 714 2936; x_wconf 89' lang='lat' dir='ltr'>ipsius</span> <span class='ocrx_word' id='word_1_176' title='bbox 731 2874 804 2924; x_wconf 81' lang='lat' dir='ltr'>Ana·</span> <span class='ocrx_word' id='word_1_177' title='bbox 840 2875 916 2925; x_wconf 89' lang='lat' dir='ltr'>dicit:</span> <span class='ocrx_word' id='word_1_178' title='bbox 937 2874 1107 2925; x_wconf 72' lang='lat' dir='ltr'>uGratissimo</span> <span class='ocrx_word' id='word_1_179' title='bbox 1118 2886 1199 2925; x_wconf 86' lang='lat' dir='ltr'>senso</span> <span class='ocrx_word' id='word_1_180' title='bbox 1211 2874 1361 2925; x_wconf 80' lang='lat' dir='ltr'>etiamnunc</span> 
     </span>
     <span class='ocr_line' id='line_1_26' title="bbox 278 2946 1360 3013; baseline 0 -14"><span class='ocrx_word' id='word_1_181' title='bbox 278 2949 394 2999; x_wconf 85' lang='lat' dir='ltr'>creontis</span> <span class='ocrx_word' id='word_1_182' title='bbox 419 2960 465 2997; x_wconf 85' lang='lat' dir='ltr'>eas</span> <span class='ocrx_word' id='word_1_183' title='bbox 491 2946 628 2997; x_wconf 75' lang='lat' dir='ltr'>dumtaxat</span> <span class='ocrx_word' id='word_1_184' title='bbox 653 2960 713 2999; x_wconf 86' lang='lat' dir='ltr'>esse</span> <span class='ocrx_word' id='word_1_185' title='bbox 739 2947 803 2999; x_wconf 88' lang='lat' dir='ltr'>reli·</span> <span class='ocrx_word' id='word_1_186' title='bbox 839 2962 889 2999; x_wconf 94' lang='lat' dir='ltr'>nos</span> <span class='ocrx_word' id='word_1_187' title='bbox 899 2948 1016 2999; x_wconf 81' lang='lat' dir='ltr'>alliciunt</span> <span class='ocrx_word' id='word_1_188' title='bbox 1032 2960 1155 3009; x_wconf 82' lang='lat' dir='ltr'>amores,</span> <span class='ocrx_word' id='word_1_189' title='bbox 1174 2959 1245 3009; x_wconf 82' lang='lat' dir='ltr'>quos</span> <span class='ocrx_word' id='word_1_190' title='bbox 1255 2950 1360 3013; x_wconf 85' lang='lat' dir='ltr'>Sappho</span> 
     </span>
     <span class='ocr_line' id='line_1_27' title="bbox 278 3022 1360 3088; baseline 0 -14"><span class='ocrx_word' id='word_1_191' title='bbox 278 3025 369 3088; x_wconf 82' lang='lat' dir='ltr'>quius,</span> <span class='ocrx_word' id='word_1_192' title='bbox 397 3035 464 3086; x_wconf 88' lang='lat' dir='ltr'>quas</span> <span class='ocrx_word' id='word_1_193' title='bbox 489 3034 576 3085; x_wconf 86' lang='lat' dir='ltr'>nuper</span> <span class='ocrx_word' id='word_1_194' title='bbox 601 3022 683 3072; x_wconf 85' lang='lat' dir='ltr'>edidit</span> <span class='ocrx_word' id='word_1_195' title='bbox 700 3024 800 3073; x_wconf 84' lang='lat' dir='ltr'>Theod.</span> <span class='ocrx_word' id='word_1_196' title='bbox 838 3024 894 3074; x_wconf 90' lang='lat' dir='ltr'>suis</span> <span class='ocrx_word' id='word_1_197' title='bbox 911 3022 1073 3073; x_wconf 86' lang='lat' dir='ltr'>carminibus</span> <span class='ocrx_word' id='word_1_198' title='bbox 1090 3025 1229 3086; x_wconf 86' lang='lat' dir='ltr'>tamquam</span> <span class='ocrx_word' id='word_1_199' title='bbox 1252 3036 1360 3074; x_wconf 72' lang='lat' dir='ltr'>mosum</span> 
     </span>
     <span class='ocr_line' id='line_1_28' title="bbox 278 3094 1359 3161; baseline -0.001 -13"><span class='ocrx_word' id='word_1_200' title='bbox 278 3097 371 3159; x_wconf 73' lang='lat' dir='ltr'>bergis.</span> <span class='ocrx_word' id='word_1_201' title='bbox 391 3096 494 3159; x_wconf 85' lang='lat' dir='ltr'>Lipsiae</span> <span class='ocrx_word' id='word_1_202' title='bbox 506 3094 579 3147; x_wconf 82' lang='grc'><strong>4834.</strong></span> <span class='ocrx_word' id='word_1_203' title='bbox 598 3097 625 3145; x_wconf 91' lang='lat' dir='ltr'>et</span> <span class='ocrx_word' id='word_1_204' title='bbox 636 3097 800 3147; x_wconf 75' lang='lat' dir='ltr'>Schneidew.</span> <span class='ocrx_word' id='word_1_205' title='bbox 838 3098 955 3161; x_wconf 86' lang='lat' dir='ltr'>pectoris</span> <span class='ocrx_word' id='word_1_206' title='bbox 971 3108 1051 3146; x_wconf 85' lang='lat' dir='ltr'>curas</span> <span class='ocrx_word' id='word_1_207' title='bbox 1069 3095 1235 3147; x_wconf 88' lang='lat' dir='ltr'>concredidit</span> <span class='ocrx_word' id='word_1_208' title='bbox 1256 3098 1320 3159; x_wconf 84' lang='lat' dir='ltr'>(Sat.</span> <span class='ocrx_word' id='word_1_209' title='bbox 1336 3098 1359 3155; x_wconf 78' lang='grc'><strong>4,</strong></span> 
     </span>
     <span class='ocr_line' id='line_1_29' title="bbox 278 3168 1361 3233; baseline -0.002 -12"><span class='ocrx_word' id='word_1_210' title='bbox 278 3172 304 3221; x_wconf 93' lang='lat' dir='ltr'>in</span> <span class='ocrx_word' id='word_1_211' title='bbox 327 3168 437 3221; x_wconf 84' lang='lat' dir='ltr'>Delectu</span> <span class='ocrx_word' id='word_1_212' title='bbox 462 3172 533 3227; x_wconf 86' lang='lat' dir='ltr'>cet.;</span> <span class='ocrx_word' id='word_1_213' title='bbox 569 3169 710 3223; x_wconf 85' lang='lat' dir='ltr'>subditicia</span> <span class='ocrx_word' id='word_1_214' title='bbox 735 3183 801 3220; x_wconf 82' lang='lat' dir='ltr'>vero</span> <span class='ocrx_word' id='word_1_215' title='bbox 839 3172 868 3230; x_wconf 95' lang='grc'><strong>4,</strong></span> <span class='ocrx_word' id='word_1_216' title='bbox 885 3169 980 3233; x_wconf 80' lang='lat' dir='ltr'>3⁰sq.)</span> <span class='ocrx_word' id='word_1_217' title='bbox 1005 3169 1155 3233; x_wconf 86' lang='lat' dir='ltr'>iisdemque</span> <span class='ocrx_word' id='word_1_218' title='bbox 1171 3170 1361 3221; x_wconf 79' lang='lat' dir='ltr'>admirabiliter</span> 
     </span>
     <span class='ocr_line' id='line_1_30' title="bbox 279 3242 1360 3311; baseline 0.001 -15"><span class='ocrx_word' id='word_1_219' title='bbox 279 3245 375 3296; x_wconf 85' lang='lat' dir='ltr'>Odaria</span> <span class='ocrx_word' id='word_1_220' title='bbox 392 3242 434 3293; x_wconf 85' lang='lat' dir='ltr'>illa</span> <span class='ocrx_word' id='word_1_221' title='bbox 450 3242 610 3306; x_wconf 87' lang='lat' dir='ltr'>aStepbano</span> <span class='ocrx_word' id='word_1_222' title='bbox 627 3246 744 3308; x_wconf 90' lang='lat' dir='ltr'>primum</span> <span class='ocrx_word' id='word_1_223' title='bbox 762 3258 804 3294; x_wconf 91' lang='lat' dir='ltr'>re-</span> <span class='ocrx_word' id='word_1_224' title='bbox 839 3246 995 3309; x_wconf 78' lang='lat' dir='ltr'>erpressit.»</span> <span class='ocrx_word' id='word_1_225' title='bbox 1014 3270 1043 3280; x_wconf 95' lang='lat'>-</span> <span class='ocrx_word' id='word_1_226' title='bbox 1063 3245 1158 3307; x_wconf 71' lang='lat' dir='ltr'>iunge:</span> <span class='ocrx_word' id='word_1_227' title='bbox 1175 3248 1360 3311; x_wconf 59' lang='lat' dir='ltr'>minimi·</span> 
     </span>
     <span class='ocr_line' id='line_1_31' title="bbox 278 3317 1357 3386; baseline -0.002 -16"><span class='ocrx_word' id='word_1_228' title='bbox 278 3323 362 3386; x_wconf 82' lang='lat' dir='ltr'>perta.</span> <span class='ocrx_word' id='word_1_229' title='bbox 378 3346 405 3355; x_wconf 97' lang='lat'>-</span> <span class='ocrx_word' id='word_1_230' title='bbox 423 3319 463 3369; x_wconf 88' lang='lat' dir='ltr'>De</span> <span class='ocrx_word' id='word_1_231' title='bbox 480 3318 549 3367; x_wconf 91' lang='lat' dir='ltr'>miro</span> <span class='ocrx_word' id='word_1_232' title='bbox 559 3318 671 3369; x_wconf 80' lang='lat' dir='ltr'>Acronis</span> <span class='ocrx_word' id='word_1_233' title='bbox 685 3317 800 3369; x_wconf 85' lang='lat' dir='ltr'>scholio:</span> <span class='ocrx_word' id='word_1_234' title='bbox 838 3319 883 3369; x_wconf 82' lang='lat' dir='ltr'>bus</span> <span class='ocrx_word' id='word_1_235' title='bbox 893 3319 991 3368; x_wconf 79' lang='lat' dir='ltr'>Aeolios</span> <span class='ocrx_word' id='word_1_236' title='bbox 1003 3317 1132 3380; x_wconf 79' lang='lat' dir='ltr'>(Lesbiae)</span> <span class='ocrx_word' id='word_1_237' title='bbox 1142 3320 1243 3380; x_wconf 80' lang='lat' dir='ltr'>pucttoc</span> <span class='ocrx_word' id='word_1_238' title='bbox 1254 3322 1357 3384; x_wconf 69' lang='lat' dir='ltr'>(geniti.</span> 
     </span>
     <span class='ocr_line' id='line_1_32' title="bbox 279 3392 1359 3459; baseline 0.005 -20"><span class='ocrx_word' id='word_1_239' title='bbox 279 3398 434 3445; x_wconf 75' lang='lat' dir='ltr'>«Anacreon</span> <span class='ocrx_word' id='word_1_240' title='bbox 449 3394 539 3443; x_wconf 90' lang='lat' dir='ltr'>autern</span> <span class='ocrx_word' id='word_1_241' title='bbox 552 3392 674 3455; x_wconf 78' lang='lat' dir='ltr'>satyram</span> <span class='ocrx_word' id='word_1_242' title='bbox 686 3393 801 3456; x_wconf 84' lang='lat' dir='ltr'>scripsit,</span> <span class='ocrx_word' id='word_1_243' title='bbox 838 3392 887 3444; x_wconf 77' lang='lat' dir='ltr'>Alii</span> <span class='ocrx_word' id='word_1_244' title='bbox 898 3394 985 3443; x_wconf 90' lang='lat' dir='ltr'>minus</span> <span class='ocrx_word' id='word_1_245' title='bbox 996 3392 1067 3443; x_wconf 88' lang='lat' dir='ltr'>bens</span> <span class='ocrx_word' id='word_1_246' title='bbox 1082 3393 1183 3443; x_wconf 79' lang='lat' dir='ltr'>Ascliae</span> <span class='ocrx_word' id='word_1_247' title='bbox 1194 3394 1298 3455; x_wconf 81' lang='grc' dir='ltr'>ρωι44σε</span> <span class='ocrx_word' id='word_1_248' title='bbox 1315 3407 1359 3459; x_wconf 89' lang='lat' dir='ltr'>pro</span> 
     </span>
     <span class='ocr_line' id='line_1_33' title="bbox 278 3464 1335 3532; baseline 0.001 -14"><span class='ocrx_word' id='word_1_249' title='bbox 278 3470 381 3518; x_wconf 88' lang='lat' dir='ltr'>amicus</span> <span class='ocrx_word' id='word_1_250' title='bbox 398 3466 536 3529; x_wconf 78' lang='lat' dir='ltr'>Lysandri.</span> <span class='ocrx_word' id='word_1_251' title='bbox 555 3464 603 3516; x_wconf 83' lang='lat' dir='ltr'>Alii</span> <span class='ocrx_word' id='word_1_252' title='bbox 616 3465 716 3525; x_wconf 87' lang='lat' dir='ltr'>dicunt,</span> <span class='ocrx_word' id='word_1_253' title='bbox 730 3465 802 3528; x_wconf 89' lang='lat' dir='ltr'>quod</span> <span class='ocrx_word' id='word_1_254' title='bbox 839 3468 927 3518; x_wconf 85' lang='lat' dir='ltr'>dativo</span> <span class='ocrx_word' id='word_1_255' title='bbox 937 3466 1039 3516; x_wconf 87' lang='lat' dir='ltr'>babent</span> <span class='ocrx_word' id='word_1_256' title='bbox 1056 3465 1105 3516; x_wconf 80' lang='lat' dir='ltr'>«ab</span> <span class='ocrx_word' id='word_1_257' title='bbox 1117 3466 1208 3517; x_wconf 83' lang='lat' dir='ltr'>Aeolia</span> <span class='ocrx_word' id='word_1_258' title='bbox 1220 3467 1335 3532; x_wconf 75' lang='lat' dir='ltr'>puella.-</span> 
     </span>
     <span class='ocr_line' id='line_1_34' title="bbox 280 3536 1360 3607; baseline -0.003 -13"><span class='ocrx_word' id='word_1_259' title='bbox 280 3540 386 3605; x_wconf 86' lang='lat' dir='ltr'>soripslt</span> <span class='ocrx_word' id='word_1_260' title='bbox 419 3540 514 3589; x_wconf 86' lang='lat' dir='ltr'>Circen</span> <span class='ocrx_word' id='word_1_261' title='bbox 540 3542 568 3589; x_wconf 88' lang='lat' dir='ltr'>et</span> <span class='ocrx_word' id='word_1_262' title='bbox 595 3536 748 3603; x_wconf 88' lang='lat' dir='ltr'>Penelopen</span> <span class='ocrx_word' id='word_1_263' title='bbox 776 3539 803 3588; x_wconf 89' lang='lat' dir='ltr'>in</span> <span class='ocrx_word' id='word_1_264' title='bbox 871 3539 981 3589; x_wconf 81' lang='grc'><strong>43-45.</strong></span> <span class='ocrx_word' id='word_1_265' title='bbox 1000 3540 1075 3604; x_wconf 82' lang='lat' dir='ltr'>arsit]</span> <span class='ocrx_word' id='word_1_266' title='bbox 1094 3552 1203 3591; x_wconf 81' lang='lat' dir='ltr'>«amore</span> <span class='ocrx_word' id='word_1_267' title='bbox 1223 3545 1304 3607; x_wconf 85' lang='lat' dir='ltr'>capta</span> <span class='ocrx_word' id='word_1_268' title='bbox 1322 3543 1360 3591; x_wconf 84' lang='lat' dir='ltr'>est</span> 
     </span>
     <span class='ocr_line' id='line_1_35' title="bbox 278 3612 1360 3678; baseline 0 -13"><span class='ocrx_word' id='word_1_269' title='bbox 278 3628 332 3665; x_wconf 90' lang='lat' dir='ltr'>uno</span> <span class='ocrx_word' id='word_1_270' title='bbox 348 3612 525 3663; x_wconf 76' lang='lat' dir='ltr'>laborantes.»</span> <span class='ocrx_word' id='word_1_271' title='bbox 545 3613 601 3675; x_wconf 84' lang='lat' dir='ltr'>(od.</span> <span class='ocrx_word' id='word_1_272' title='bbox 613 3615 624 3662; x_wconf 92' lang='grc'><strong>4</strong></span> <span class='ocrx_word' id='word_1_273' title='bbox 635 3650 641 3675; x_wconf 92' lang='grc'><strong>,</strong></span> <span class='ocrx_word' id='word_1_274' title='bbox 652 3612 696 3675; x_wconf 81' lang='lat' dir='ltr'>ii,</span> <span class='ocrx_word' id='word_1_275' title='bbox 708 3612 802 3675; x_wconf 77' lang='lat' dir='ltr'>resq.)</span> <span class='ocrx_word' id='word_1_276' title='bbox 839 3613 975 3677; x_wconf 79' lang='lat' dir='ltr'>eleganter</span> <span class='ocrx_word' id='word_1_277' title='bbox 999 3616 1099 3678; x_wconf 85' lang='lat' dir='ltr'>compti</span> <span class='ocrx_word' id='word_1_278' title='bbox 1123 3615 1266 3678; x_wconf 85' lang='lat' dir='ltr'>ornatique</span> <span class='ocrx_word' id='word_1_279' title='bbox 1288 3614 1360 3667; x_wconf 87' lang='lat' dir='ltr'>adul·</span> 
     </span>
     <span class='ocr_line' id='line_1_36' title="bbox 279 3688 1357 3753; baseline -0.004 -14"><span class='ocrx_word' id='word_1_280' title='bbox 279 3689 325 3739; x_wconf 85' lang='lat' dir='ltr'>cir.</span> <span class='ocrx_word' id='word_1_281' title='bbox 353 3688 438 3750; x_wconf 78' lang='lat' dir='ltr'>Bergk</span> <span class='ocrx_word' id='word_1_282' title='bbox 463 3690 558 3737; x_wconf 72' lang='lat' dir='ltr'>anaor.</span> <span class='ocrx_word' id='word_1_283' title='bbox 581 3702 641 3752; x_wconf 78' lang='lat' dir='ltr'>pag.</span> <span class='ocrx_word' id='word_1_284' title='bbox 661 3690 701 3739; x_wconf 77' lang='lat' dir='ltr'>ts.</span> <span class='ocrx_word' id='word_1_285' title='bbox 728 3688 802 3739; x_wconf 88' lang='lat' dir='ltr'>Bode</span> <span class='ocrx_word' id='word_1_286' title='bbox 839 3690 913 3740; x_wconf 79' lang='lat' dir='ltr'>teri.»</span> <span class='ocrx_word' id='word_1_287' title='bbox 933 3689 1078 3749; x_wconf 84' lang='lat' dir='ltr'>construe,</span> <span class='ocrx_word' id='word_1_288' title='bbox 1096 3689 1127 3739; x_wconf 89' lang='lat' dir='ltr'>ut</span> <span class='ocrx_word' id='word_1_289' title='bbox 1143 3691 1185 3739; x_wconf 88' lang='lat' dir='ltr'>est</span> <span class='ocrx_word' id='word_1_290' title='bbox 1201 3690 1275 3753; x_wconf 85' lang='lat' dir='ltr'>apud</span> <span class='ocrx_word' id='word_1_291' title='bbox 1293 3692 1357 3753; x_wconf 75' lang='lat' dir='ltr'>virg.</span> 
     </span>
     <span class='ocr_line' id='line_1_37' title="bbox 280 3762 1360 3827; baseline 0.002 -13"><span class='ocrx_word' id='word_1_292' title='bbox 280 3762 364 3814; x_wconf 73' lang='lat' dir='ltr'>caci.</span> <span class='ocrx_word' id='word_1_293' title='bbox 382 3762 427 3811; x_wconf 78' lang='lat' dir='ltr'>der</span> <span class='ocrx_word' id='word_1_294' title='bbox 442 3776 482 3825; x_wconf 76' lang='lat' dir='ltr'>pr.</span> <span class='ocrx_word' id='word_1_295' title='bbox 500 3762 584 3812; x_wconf 68' lang='lat' dir='ltr'>Poetis</span> <span class='ocrx_word' id='word_1_296' title='bbox 600 3764 629 3822; x_wconf 76' lang='lat' dir='ltr'>i,</span> <span class='ocrx_word' id='word_1_297' title='bbox 643 3763 687 3824; x_wconf 83' lang='grc'><strong>49,</strong></span> <span class='ocrx_word' id='word_1_298' title='bbox 700 3764 725 3813; x_wconf 72' lang='lat'>2.</span> <span class='ocrx_word' id='word_1_299' title='bbox 740 3775 800 3827; x_wconf 82' lang='lat' dir='ltr'>pag.</span> <span class='ocrx_word' id='word_1_300' title='bbox 839 3763 943 3823; x_wconf 58' lang='lat' dir='ltr'>Eclsi,</span> <span class='ocrx_word' id='word_1_301' title='bbox 963 3764 973 3812; x_wconf 94' lang='grc'><strong>4</strong></span> <span class='ocrx_word' id='word_1_302' title='bbox 988 3778 995 3812; x_wconf 91' lang='grc'>·.</span> <span class='ocrx_word' id='word_1_303' title='bbox 1021 3768 1112 3825; x_wconf 64' lang='lat' dir='ltr'><em>W</em></span> <span class='ocrx_word' id='word_1_304' title='bbox 1127 3763 1245 3826; x_wconf 67' lang='grc' dir='ltr'><strong>0444νᾶ044</strong></span> <span class='ocrx_word' id='word_1_305' title='bbox 1260 3764 1360 3816; x_wconf 64' lang='lat' dir='ltr'>maists</span> 
     </span>
     <span class='ocr_line' id='line_1_38' title="bbox 279 3836 1357 3900; baseline 0.005 -13"><span class='ocrx_word' id='word_1_306' title='bbox 279 3837 336 3887; x_wconf 83' lang='grc'>360.</span> <span class='ocrx_word' id='word_1_307' title='bbox 365 3862 392 3873; x_wconf 92' lang='lat'>-·</span> <span class='ocrx_word' id='word_1_308' title='bbox 421 3836 516 3900; x_wconf 80' lang='lat' dir='ltr'>spirat]</span> <span class='ocrx_word' id='word_1_309' title='bbox 539 3838 582 3887; x_wconf 89' lang='lat' dir='ltr'>Sic</span> <span class='ocrx_word' id='word_1_310' title='bbox 599 3837 749 3888; x_wconf 87' lang='lat' dir='ltr'>Simonides</span> <span class='ocrx_word' id='word_1_311' title='bbox 767 3837 801 3887; x_wconf 93' lang='lat' dir='ltr'>de</span> <span class='ocrx_word' id='word_1_312' title='bbox 838 3838 946 3889; x_wconf 69' lang='lat' dir='ltr'>dimin:</span> <span class='ocrx_word' id='word_1_313' title='bbox 971 3837 1036 3886; x_wconf 81' lang='lat' dir='ltr'>arsit</span> <span class='ocrx_word' id='word_1_314' title='bbox 1059 3839 1156 3900; x_wconf 72' lang='grc' dir='ltr'>σείεται,</span> <span class='ocrx_word' id='word_1_315' title='bbox 1183 3850 1224 3888; x_wconf 80' lang='lat' dir='ltr'>eos</span> <span class='ocrx_word' id='word_1_316' title='bbox 1248 3840 1357 3893; x_wconf 63' lang='lat' dir='ltr'>mi</span> 
     </span>
     <span class='ocr_line' id='line_1_39' title="bbox 279 3908 1356 3976; baseline 0.001 -17"><span class='ocrx_word' id='word_1_317' title='bbox 279 3912 445 3960; x_wconf 78' lang='lat' dir='ltr'>Anacreonte</span> <span class='ocrx_word' id='word_1_318' title='bbox 471 3910 548 3960; x_wconf 76' lang='lat' dir='ltr'>loth.</span> <span class='ocrx_word' id='word_1_319' title='bbox 572 3908 664 3961; x_wconf 86' lang='lat' dir='ltr'>Pali.</span> <span class='ocrx_word' id='word_1_320' title='bbox 689 3925 715 3976; x_wconf 89' lang='lat' dir='ltr'>p.</span> <span class='ocrx_word' id='word_1_321' title='bbox 735 3911 800 3961; x_wconf 74' lang='lat'><strong>3⁴3:</strong></span> <span class='ocrx_word' id='word_1_322' title='bbox 839 3926 893 3963; x_wconf 93' lang='lat' dir='ltr'>non</span> <span class='ocrx_word' id='word_1_323' title='bbox 905 3924 967 3963; x_wconf 88' lang='lat' dir='ltr'>cum</span> <span class='ocrx_word' id='word_1_324' title='bbox 984 3909 1055 3961; x_wconf 85' lang='lat' dir='ltr'>aliis:</span> <span class='ocrx_word' id='word_1_325' title='bbox 1073 3913 1356 3973; x_wconf 52' lang='lat' dir='ltr'>irritamentum.</span> 
     </span>
     <span class='ocr_line' id='line_1_40' title="bbox 271 3977 1357 4055; baseline 0.005 -23"><span class='ocrx_word' id='word_1_326' title='bbox 271 3977 321 4045; x_wconf 85' lang='grc' dir='ltr'>’Ὸς</span> <span class='ocrx_word' id='word_1_327' title='bbox 337 3982 471 4053; x_wconf 84' lang='grc' dir='ltr'><strong><em>Χαρ4των</em></strong></span> <span class='ocrx_word' id='word_1_328' title='bbox 483 3985 616 4035; x_wconf 74' lang='lat' dir='ltr'>avelona</span> <span class='ocrx_word' id='word_1_329' title='bbox 626 3983 710 4049; x_wconf 73' lang='grc' dir='ltr'>μέλη,</span> <span class='ocrx_word' id='word_1_330' title='bbox 724 3986 803 4036; x_wconf 69' lang='lat' dir='ltr'>xvst-</span> <span class='ocrx_word' id='word_1_331' title='bbox 839 3986 971 4050; x_wconf 79' lang='lat' dir='ltr'>Aristopb.</span> <span class='ocrx_word' id='word_1_332' title='bbox 989 3985 1090 4037; x_wconf 84' lang='lat' dir='ltr'>Eccles.</span> <span class='ocrx_word' id='word_1_333' title='bbox 1110 3985 1175 4037; x_wconf 79' lang='lat' dir='ltr'>oti:</span> <span class='ocrx_word' id='word_1_334' title='bbox 1204 3982 1291 4037; x_wconf 86' lang='grc' dir='ltr'><strong><em>Πάνν</em></strong></span> <span class='ocrx_word' id='word_1_335' title='bbox 1307 3982 1357 4055; x_wconf 76' lang='grc' dir='ltr'>γάρ</span> 
     </span>
     <span class='ocr_line' id='line_1_41' title="bbox 280 4052 1359 4131; baseline 0.001 -24"><span class='ocrx_word' id='word_1_336' title='bbox 280 4070 351 4107; x_wconf 78' lang='grc' dir='ltr'><strong><em>οντα</em></strong></span> <span class='ocrx_word' id='word_1_337' title='bbox 374 4055 398 4106; x_wconf 88' lang='lat' dir='ltr'>d&#39;</span> <span class='ocrx_word' id='word_1_338' title='bbox 413 4052 542 4129; x_wconf 75' lang='grc' dir='ltr'><strong><em>Ἐρώτων</em></strong></span> <span class='ocrx_word' id='word_1_339' title='bbox 567 4055 624 4109; x_wconf 82' lang='grc' dir='ltr'><strong><em>Τὸν</em></strong></span> <span class='ocrx_word' id='word_1_340' title='bbox 649 4054 756 4125; x_wconf 72' lang='grc' dir='ltr'><strong><em>γλυκὺν</em></strong></span> <span class='ocrx_word' id='word_1_341' title='bbox 772 4058 802 4122; x_wconf 81' lang='grc' dir='ltr'>ἐς</span> <span class='ocrx_word' id='word_1_342' title='bbox 838 4074 882 4123; x_wconf 82' lang='grc' dir='ltr'>τις</span> <span class='ocrx_word' id='word_1_343' title='bbox 898 4054 970 4131; x_wconf 75' lang='grc' dir='ltr'><strong><em>ῗρως</em></strong></span> <span class='ocrx_word' id='word_1_344' title='bbox 986 4057 1115 4125; x_wconf 65' lang='lat' dir='ltr'>padova?</span> <span class='ocrx_word' id='word_1_345' title='bbox 1124 4056 1219 4110; x_wconf 69' lang='grc' dir='ltr'><strong><em>Ἐῶνδε</em></strong></span> <span class='ocrx_word' id='word_1_346' title='bbox 1229 4056 1289 4109; x_wconf 80' lang='grc' dir='ltr'><strong><em>τῶν</em></strong></span> <span class='ocrx_word' id='word_1_347' title='bbox 1305 4056 1359 4110; x_wconf 76' lang='grc' dir='ltr'><strong><em>σῶν</em></strong></span> 
     </span>
     <span class='ocr_line' id='line_1_42' title="bbox 281 4128 1360 4205; baseline 0.004 -26"><span class='ocrx_word' id='word_1_348' title='bbox 281 4128 388 4180; x_wconf 77' lang='grc' dir='ltr'><strong><em>παίδων</em></strong></span> <span class='ocrx_word' id='word_1_349' title='bbox 413 4130 512 4203; x_wconf 82' lang='grc' dir='ltr'><strong><em>4μερον</em></strong></span> <span class='ocrx_word' id='word_1_350' title='bbox 538 4129 699 4204; x_wconf 84' lang='grc' dir='ltr'><strong><em>ἡρμόσατο.</em></strong></span> <span class='ocrx_word' id='word_1_351' title='bbox 744 4134 799 4183; x_wconf 85' lang='lat' dir='ltr'>Cic.</span> <span class='ocrx_word' id='word_1_352' title='bbox 838 4130 1019 4205; x_wconf 78' lang='grc' dir='ltr'><strong><em>βοστρύχων.</em></strong></span> <span class='ocrx_word' id='word_1_353' title='bbox 1039 4158 1067 4169; x_wconf 91' lang='grc'><strong>-</strong></span> <span class='ocrx_word' id='word_1_354' title='bbox 1086 4148 1181 4184; x_wconf 70' lang='lat' dir='ltr'>caman</span> <span class='ocrx_word' id='word_1_355' title='bbox 1195 4134 1304 4185; x_wconf 67' lang='lat' dir='ltr'>cestibus</span> <span class='ocrx_word' id='word_1_356' title='bbox 1318 4134 1360 4183; x_wconf 69' lang='lat' dir='ltr'>titt</span> 
     </span>
     <span class='ocr_line' id='line_1_43' title="bbox 279 4205 1359 4275; baseline 0.003 -21"><span class='ocrx_word' id='word_1_357' title='bbox 279 4206 351 4255; x_wconf 86' lang='lat' dir='ltr'>Brut.</span> <span class='ocrx_word' id='word_1_358' title='bbox 369 4205 418 4257; x_wconf 70' lang='lat' dir='ltr'>si:</span> <span class='ocrx_word' id='word_1_359' title='bbox 448 4208 548 4259; x_wconf 78' lang='lat' dir='ltr'>Videtur</span> <span class='ocrx_word' id='word_1_360' title='bbox 564 4208 642 4259; x_wconf 78' lang='lat' dir='ltr'>Lucili</span> <span class='ocrx_word' id='word_1_361' title='bbox 657 4222 725 4259; x_wconf 75' lang='lat' dir='ltr'>motis</span> <span class='ocrx_word' id='word_1_362' title='bbox 748 4210 802 4272; x_wconf 80' lang='lat' dir='ltr'>spi-</span> <span class='ocrx_word' id='word_1_363' title='bbox 838 4210 898 4274; x_wconf 80' lang='lat' dir='ltr'>mm]</span> <span class='ocrx_word' id='word_1_364' title='bbox 917 4208 997 4260; x_wconf 88' lang='lat' dir='ltr'>veluti</span> <span class='ocrx_word' id='word_1_365' title='bbox 1015 4211 1180 4275; x_wconf 86' lang='lat' dir='ltr'>inspersum,</span> <span class='ocrx_word' id='word_1_366' title='bbox 1198 4208 1233 4259; x_wconf 86' lang='lat' dir='ltr'>de</span> <span class='ocrx_word' id='word_1_367' title='bbox 1244 4208 1359 4260; x_wconf 86' lang='lat' dir='ltr'>vestibus</span> 
     </span>
    </p>
   </div>
   <div class='ocr_carea' id='block_1_9' title="bbox 0 0 1481 4884">
    <p class='ocr_par' dir='ltr' id='par_1_10' title="bbox 0 0 1481 4884">
     <span class='ocr_line' id='line_1_44' title="bbox 0 0 1481 4884; baseline 0 0"><span class='ocrx_word' id='word_1_368' title='bbox 0 0 1481 4884; x_wconf 95' lang='lat' dir='ltr'> </span> 
     </span>
    </p>
   </div>
  </div>
 </body>
</html>
