2934 4884
484 363 585 414 elaea.
621 363 718 413 canti.
737 363 790 414 XV.

479 811 715 878 (im
742 815 834 876 XV.

198 997 267 1061 Nox
289 1003 359 1060 erat
381 1003 413 1059 et
434 993 526 1059 caelo
547 993 689 1080 fulgebat
709 994 784 1059 luna
807 1015 924 1060 sereno

240 1116 327 1182 lnter
347 1117 472 1180 minora
494 1113 617 1189 sidera,

199 1239 281 1304 Cum
302 1246 336 1301 tu
358 1255 549 1322 magnorum
570 1255 689 1301 numen
712 1234 840 1301 laesura
864 1235 1000 1301 deorum

242 1356 277 1421 ln
299 1354 400 1422 verba
421 1355 552 1422 iurabas
578 1376 665 1429 mea,

197 1478 305 1544 Artius
326 1489 424 1564 atque
445 1476 569 1542 hedera
590 1495 727 1563 procera
750 1473 960 1562 adstringitur
982 1474 1059 1552 ilex,
1181 1478 1200 1539 ii

242 1598 351 1666 Lentis
374 1596 555 1663 adhaerens
576 1587 737 1663 brachiis:

181 1770 234 1819 XV.
252 1769 336 1817 lusor.
355 1765 424 1829 vulg.
442 1766 626 1817 tolleman.
640 1794 668 1802 *
686 1767 814 1817 Neaeram
825 1769 934 1818 woicam
945 1769 1084 1832 alloquitur
1094 1772 1122 1820 Β.
1139 1797 1165 1808 -

145 1845 176 1893 Io
192 1844 319 1893 Neaeram
335 1841 445 1890 moen
462 1852 485 1889 c.
506 1865 535 1876 -
554 1841 611 1889 0m.
630 1841 659 1890 Τ.
680 1865 708 1876 -
727 1842 752 1890 5.
772 1843 922 1905 ostrinoitur
939 1845 966 1892 B.

144 1991 200 2040 xv.
234 1991 368 2048 Neaerae,
399 1966 471 2050 quae·
488 1988 638 2036 amatorem
675 1985 739 2036 hull.
760 1989 788 2046 l,
807 1987 834 2047 9,
856 1990 884 2037 t:
905 1989 970 2050 Quid
984 1989 1063 2050 mihi,
1081 1989 1200 2054 stlitem

110 2065 224 2115 divitem
236 2063 344 2112 lioralio
356 2059 540 2124 praelerebat,
559 2060 639 2122 perti-
674 2061 778 2109 miseros
804 2061 918 2110 masana
944 2075 1059 2123 umores,
1088 2065 1201 2114 Foedera

110 2141 186 2189 diam
207 2137 322 2200 mutter
344 2135 460 2194 incusat,
487 2134 637 2197 iniectaque
671 2147 720 2195 per
740 2135 821 2195 divos,
850 2135 918 2184 olom
939 2137 1071 2196 omlondo,
1100 2138 1201 2189 dodosi

109 2209 312 2270 iurisiurandi,
335 2221 483 2272 quosnam
500 2207 638 2270 quondam
676 2207 766 2256 «Ovid.
787 2209 848 2257 Her.
868 2209 896 2268 ἲ,
914 2207 955 2258 ta.
975 2209 1008 2268 da
1026 2209 1105 2261 laesis
1123 2213 1201 2262 alte-

112 2285 215 2336 amoris
232 2283 313 2333 fldem
330 2281 498 2332 sanctissime
518 2279 637 2344 alligant,
675 2281 838 2345 mophoonte
850 2295 899 2345 per
909 2283 1025 2345 periuria
1036 2283 1199 2336 numinibus:

109 2358 240 2421 religione
263 2370 295 2407 ac
317 2353 432 2419 neglecti
454 2354 577 2405 eiusdem
597 2353 639 2402 di·
674 2355 704 2403 st
723 2355 754 2404 dc
769 2359 805 2404 tot
824 2355 897 2404 laesia
912 2369 960 2405 nto
975 2358 1082 2406 nmnino
1098 2359 1202 2420 cadmeo

108 2434 174 2484 vina
191 2431 306 2481 vindicta
321 2430 492 2491 minutasque
509 2442 539 2478 se
557 2427 639 2477 disci·
675 2429 779 2478 deorum
799 2429 919 2490 Vindicet,
938 2431 965 2480 tn
980 2445 1074 2493 pomos
1088 2446 1140 2482 noo
1156 2447 1201 2482 aa·

110 2507 201 2566 dium,
218 2501 548 2567 uhlsemelperdoluerit‚
566 2500 638 2551 hene
674 2503 706 2551 tis
726 2515 793 2552 anuo
814 2503 888 2552 σνίσ.»
915 2504 995 2554 Dona.
1017 2529 1044 2540 -
1062 2507 1092 2564 In
1110 2507 1200 2572 uerba]

110 2593 145 2631 ac
156 2579 259 2629 lortiter
268 2577 394 2638 laturum,
413 2576 448 2626 ad
459 2577 564 2627 saniora
577 2589 638 2625 eam
675 2574 841 2638 Formulam‚
861 2589 912 2639 qua
931 2576 1029 2628 milites
1046 2579 1108 2630 duci
1120 2593 1150 2631 sa
1162 2580 1201 2630 di-

111 2651 222 2705 consilia
245 2663 375 2701 revocare
402 2650 536 2700 annititur.
571 2651 638 2699 Tum
675 2653 718 2700 cto
731 2651 869 2701 audientes
884 2650 941 2705 lore
959 2651 1092 2715 iurabant,
1110 2654 1155 2703 hic
1166 2654 1201 2704 ad

110 2726 148 2778 ad
171 2724 282 2775 rivalem
304 2737 384 2775 suum
401 2737 561 2783 conversus,
588 2736 638 2773 suo
675 2737 783 2774 amores
808 2724 945 2788 translert,
973 2727 1002 2776 ut
1021 2727 1056 2776 ad
1082 2725 1201 2790 philoso—

110 2803 202 2866 ipsum
220 2798 343 2862 exemplo
360 2798 458 2848 edocet
474 2801 637 2862 monetque,
675 2799 767 2863 phium
784 2800 850 2863 Epp.
867 2800 895 2861 t,
915 2802 944 2861 l,
965 2800 1010 2850 tl:
1037 2801 1137 2852 Nullius
1152 2803 1203 2852 od-

110 2887 195 2939 quam
207 2872 284 2924 lallax
294 2885 358 2922 aura
370 2873 419 2922 ista
431 2874 478 2934 sit,
491 2885 574 2936 quam
585 2873 649 2922 iam·
676 2875 756 2923 dictus
771 2873 860 2924 iurare
876 2874 903 2923 io
917 2873 996 2924 verbo
1007 2876 1132 2941 moueat.

111 2948 265 3012 experiatur
281 2948 336 2996 tam
353 2946 510 2997 secundam.
529 2947 636 2995 hirrscn.
708 2946 780 2995 it-tll.
808 2947 895 2996 Attiou
911 2949 994 3013 atqie]
1012 2951 1051 2999 De
1069 2949 1121 3000 hoc
1137 2963 1201 3014 par·

111 3021 319 3085 Compositionis
341 3021 447 3083 tempus
468 3031 580 3084 prorsus
597 3019 639 3068 in·
675 3016 771 3067 ticulae
789 3031 840 3068 usu
861 3020 937 3069 Hand
958 3023 1034 3072 Turs.
1053 3025 1073 3073 1.
1092 3038 1118 3088 p.
1138 3023 1198 3076 lli:

111 3098 217 3146 certum
242 3095 290 3143 est.
326 3093 456 3143 Kirchuer
486 3096 513 3142 et
537 3092 637 3142 Franke
677 3093 815 3141 «Oratores
844 3093 894 3142 hac
920 3093 1035 3144 dictione
1064 3109 1201 3161 nunquam

110 3169 232 3220 referunt
248 3168 282 3218 ad
299 3180 324 3216 a.
343 3180 370 3217 u.
389 3180 413 3217 c.
433 3167 509 3226 iat,
536 3164 639 3216 Weber
675 3167 722 3214 aut
738 3165 873 3214 rarissime
891 3168 1016 3227 utuntur,
1036 3168 1201 3231 frequentius

109 3245 198 3293 Horas
213 3253 240 3306 p.
260 3241 300 3291 tt.
320 3240 355 3290 ad
370 3255 396 3291 a.
415 3242 472 3290 tta.
499 3239 541 3290 vel
560 3240 636 3299 tta,
675 3241 780 3303 poetae.
799 3239 831 3288 Et
846 3238 984 3288 veteribus
998 3239 1097 3302 (Plauto
1110 3255 1142 3291 ac
1154 3244 1201 3292 Te·

110 3315 256 3367 Grolelend
272 3315 306 3364 ad
324 3328 348 3364 a.
367 3315 425 3364 746.
674 3312 768 3375 rentlol
782 3325 814 3362 ea
831 3313 885 3362 iam
903 3313 1006 3375 cognita
1018 3315 1089 3372 erat;
1108 3327 1201 3365 recen·

142 3389 199 3440 Η.
226 3389 328 3438 minora
347 3388 447 3452 sidero]
473 3388 526 3439 Cir,
545 3387 593 3438 0d.
608 3390 636 3449 l,
675 3385 786 3436 tioribus
794 3385 939 3449 elegantiae
948 3399 1028 3437 causa
1037 3399 1199 3452 magnopere

111 3465 153 3522 tt,
166 3463 207 3513 ll.
219 3463 289 3513 etad
301 3464 505 3513 totamsoenam
514 3460 638 3524 Meleagri
674 3459 798 3526 placuit.»
818 3487 845 3495 -
865 3460 966 3522 hedera]
984 3461 1077 3520 Odi,
1096 3461 1138 3523 36,
1156 3464 1197 3513 20.

109 3538 159 3601 Ep.
177 3537 219 3587 il.
244 3537 321 3587 nuth.
346 3535 400 3588 Pal.
420 3538 439 3586 l.
458 3549 485 3600 p.
504 3535 549 3586 θῦε
576 3531 638 3598 Νὺξ
675 3532 768 3585 Catuli.
780 3533 821 3592 6⁴,
833 3533 880 3584 33:
898 3535 1200 3587 Mentnnamorerooio-

110 3606 174 3680 ἱερὴ
191 3611 242 3659 καὶ
265 3605 367 3671 λύχνε,
394 3612 569 3680 συνίστορας
586 3604 638 3660 οὔ·
673 3611 752 3669 ciens‚
775 3608 1144 3659 Uttmurohedcrahucathuo
1154 3612 1201 3660 Ar-

109 3698 191 3745 τινας
208 3677 449 3755 ἅλλονςὌρκοις,
468 3677 530 3733 ἀλλ’
546 3678 637 3749 ὑμέας
674 3683 760 3732 horem
774 3682 887 3744 iruplicot
903 3695 1001 3732 mons.
1029 3683 1199 3734 «adhaerens

109 3755 236 3821 εἱλόμεθ’
252 3752 425 3828 ἀμφότεροι.
444 3753 497 3808 Χῶ
514 3757 569 3822 μὲν
586 3757 637 3822 ἐμὲ
673 3755 752 3806 lentis
780 3757 832 3806 tuis
858 3754 975 3806 brachiis
1006 3757 1087 3806 artius
1117 3771 1199 3821 quam

109 3827 254 3900 στέρξειν,
279 3837 375 3881 κεῖνον
396 3829 421 3880 δ’
439 3827 494 3898 ἐγώ
512 3824 549 3881 ot
568 3844 638 3881 ποτε
673 3829 1005 3895 procera(hochrcoend)
1022 3828 1074 3880 ilex
1087 3832 1200 3881 circum-

110 3904 225 3967 λείψειν
232 3897 418 3970 Ὠμόσαμεν·
436 3899 539 3970 κοινὴν
555 3902 578 3956 d’
597 3902 637 3955 εἶ’-
675 3904 787 3969 plicatur
798 3902 832 3952 ab
849 3902 976 3953 hedera.»
993 3929 1019 3939 -
1033 3904 1123 3967 imis]
1138 3905 1218 3954 asse.

110 3992 177 4038 xera
193 3980 363 4050 μαρτνρίην.
380 3976 442 4030 Νῦν
458 3973 509 4028 δ’ὁ
525 3977 579 4044 μὲν
591 3969 639 4049 do·
674 3976 799 4028 nibilihus
812 3989 843 4026 ac
854 3977 1020 4028 tenacibus„
1034 3975 1096 4041 (mit
1106 3979 1199 4028 sithen

110 4068 163 4103 κισ
178 4054 271 4118 φησὶν
293 4054 324 4103 ἐν
342 4046 423 4104 ὕδατι
448 4059 530 4103 κεῖνα
552 4054 638 4125 φέρε·
674 4052 786 4102 Armua
811 4052 1057 4114 anoctchmieot.
1087 4053 1155 4103 Voss
1173 4055 1200 4102 el

112 4127 200 4189 odat,
212 4123 322 4187 Λόχνε,
336 4124 372 4178 σὺ
384 4126 407 4177 δ’
418 4127 448 4178 ἐν
460 4124 579 4189 κόλποις
589 4120 640 4177 αὐ·
676 4125 780 4186 (larva.)
799 4125 840 4173 Sic
857 4123 926 4187 virg.
941 4122 994 4175 Ecl.
1008 4125 1037 4185 3,
1056 4125 1102 4176 38:
1121 4127 1199 4177 Lento

112 4196 164 4250 τὸν
186 4194 258 4270 ὁρᾷς
279 4199 391 4269 ἑτέρων.
413 4226 439 4236 -
459 4201 569 4264 honac]
595 4201 639 4250 Ti·
675 4200 764 4261 quihus
786 4197 903 4263 (poculis)
926 4205 998 4250 torno
1019 4199 1090 4262 sacili
1111 4214 1199 4262 σφεν-

200 4291 293 4336 nonar.
309 4303 364 4337 vot.
381 4291 398 4335 l.
429 4303 467 4337 eo.
484 4302 563 4337 aaron
579 4291 615 4335 lii.
973 4289 1000 4336 ta
