2934 4884
296 366 357 429 430
676 368 804 419 llOllAl'll
822 368 990 421 clamabit

464 526 652 611 Spartacum
678 524 704 589 si
728 543 794 611 qua
815 523 918 610 potuit
938 532 1106 610 vagantem

548 642 671 710 Fallere
694 653 785 710 testa.

465 802 523 870 Dic
545 812 577 869 et
599 811 731 889 argutae
753 814 907 889 properet
928 804 1072 869 Neaerae

464 924 648 991 llurrheum
669 922 756 989 nodo
778 923 931 991 cohibere
953 924 1093 1003 crinem3

361 1106 401 1155 49.
420 1103 525 1155 liabent
541 1104 562 1152 si
579 1116 630 1164 quo
646 1102 773 1162 BbSTcd,
791 1116 844 1152 non
861 1104 883 1152 ai
900 1116 977 1164 qaae,
1009 1106 1038 1152 ut
1055 1100 1162 1152 volebat
1188 1104 1296 1155 Parcus.
1316 1132 1344 1141 -

328 1192 448 1243 capacem
465 1178 600 1229 Charisius
619 1178 646 1239 l,
665 1177 705 1227 37.
729 1192 755 1242 p.
774 1176 816 1227 as.
835 1177 909 1227 liud.
928 1175 1105 1228 Memorabilis
1116 1190 1181 1228 sane
1199 1177 1287 1229 lectio.
1307 1181 1345 1229 Cl.

329 1254 469 1307 Paldamus
485 1254 569 1303 libain
588 1252 652 1303 lira.
666 1254 698 1302 N.
711 1254 739 1303 F.
752 1253 793 1301 Vl.
807 1266 833 1316 p.
847 1252 895 1302 633
907 1265 947 1315 sq.
964 1253 1066 1302 -Post
1082 1265 1108 1301 v.
1119 1252 1160 1301 il.
1174 1252 1265 1304 deficit
1281 1254 1346 1303 Cod.

331 1328 348 1379 d
365 1342 450 1391 nsque
473 1327 508 1376 ad
531 1327 619 1376 Carm.
638 1327 684 1387 46,
708 1326 750 1378 ll.
770 1353 799 1363 -
818 1328 859 1377 44.
877 1328 1024 1377 licerium
1046 1328 1141 1391 scripsi
1163 1342 1225 1379 cum
1242 1329 1347 1379 latinio:

329 1406 460 1455 Murram
471 1402 574 1462 libSl'c,
591 1398 655 1467 βγκ,
668 1400 765 1461 Bentl,
784 1402 823 1460 ll,
836 1402 982 1462 nentem
994 1402 1074 1451 ncta.
1088 1428 1117 1438 —
1130 1403 1254 1453 cohibente
1264 1403 1347 1453 Bentl.

331 1480 410 1539 coni,
430 1479 457 1527 in
474 1488 555 1541 quam
572 1476 701 1526 inciderat
717 1476 771 1525 iam
788 1477 905 1527 Muretus
922 1476 956 1525 ad
973 1474 1065 1526 Tibull.
1085 1476 1114 1536 3,
1132 1476 1160 1537 l,
1177 1478 1218 1527 28.

298 1642 321 1677 c.
332 1625 469 1685 663-665„
485 1625 539 1675 iam
549 1637 632 1689 prope
645 1626 822 1687 septuagena·
859 1623 974 1688 sepiam]
993 1637 1122 1675 «canorae
1135 1623 1290 1689 psalmas.»
1314 1628 1378 1690 Epp.

297 1703 379 1760 rium,
398 1701 420 1749 si
437 1713 490 1763 qua
502 1700 602 1749 ratione
615 1699 746 1749 eiusmodi
759 1704 822 1749 teste
858 1700 886 1755 2,
905 1698 934 1760 2,
951 1700 996 1750 90:
1019 1706 1124 1764 wpatos
1138 1726 1154 1737 ·
1167 1703 1286 1762 -poetaa
1310 1701 1379 1763 virg.

299 1774 401 1839 (cadus)
429 1776 566 1838 superstes
584 1774 631 1824 luit
650 1772 720 1823 bello
741 1775 822 1838 Spar·
859 1772 912 1824 Ecl.
931 1774 960 1835 a,
987 1775 1032 1825 36:
1061 1781 1164 1839 &putea
1188 1776 1254 1825 ieter
1273 1780 1382 1837 atr-epm

298 1850 430 1901 laciosive
440 1846 526 1899 servili
539 1860 563 1897 a.
577 1848 697 1898 eat-aaa.
710 1846 821 1911 illasque
859 1862 935 1898 maer
951 1850 1039 1899 olores.

298 1927 419 1975 catervas
437 1923 535 1986 fefellit,
554 1921 653 1973 latuita
688 1922 765 1986 Apud
777 1924 823 1972 lu·
890 1923 1096 1988 eanonicam]
1107 1922 1381 1987 «perseaeqnebeae

297 2014 359 2050 ven.
378 2000 406 2057 5,
426 1998 467 2048 34.
487 1998 570 2061 magis
587 1998 668 2047 etiam
684 1995 823 2060 hyperbo-
859 1996 975 2047 olentem
996 2010 1028 2048 ac
1048 1999 1071 2049 si
1088 1998 1226 2060 myrrhino
1246 2002 1381 2060 unguento

298 2075 364 2125 lice:
390 2072 567 2133 saeuamque
584 2076 646 2121 tenet
662 2071 729 2121 bellis
744 2073 824 2122 socic-
859 2074 931 2121 esset
947 2071 1108 2123 delibutus.»
1133 2073 1172 2122 De
1189 2071 1278 2122 colore
1297 2074 1382 2123 «inter

299 2149 361 2198 tibus
370 2146 538 2197 wmudives.
551 2172 580 2182 —
603 2146 639 2208 (lu
652 2146 822 2209 homonymis
858 2146 958 2196 ssavum
975 2150 1003 2195 et
1019 2148 1142 2209 nigrum»
1168 2147 1201 2210 (id
1219 2148 1274 2207 est,
1298 2146 1380 2207 fusco)

298 2225 415 2274 cadurci
430 2227 493 2272 testa
509 2221 720 2284 (vaslquomodo
737 2233 823 2284 nuper
859 2218 938 2279 falso,
967 2222 998 2269 nt
1023 2221 1142 2282 videtur,
1172 2222 1381 2284 interpretantur

299 2293 820 2362 quishaererepotuerit,haudiatelligo.
857 2292 1028 2343 Scholiastae.
1064 2295 1114 2354 Qui
1139 2295 1190 2345 boc
1211 2295 1380 2359 praeierunt,

333 2373 373 2422 49.
400 2372 421 2420 si
447 2368 510 2433 que]
533 2371 590 2419 Non
613 2372 686 2419 recte
713 2370 823 2431 iungunt
858 2366 991 2432 appellant
1011 2370 1139 2433 Propertii
1155 2370 1185 2429 3,
1208 2370 1252 2429 to,
1276 2370 1324 2419 22:
1350 2371 1383 2419 li't

299 2444 415 2495 nonnulli
438 2445 459 2493 ai
479 2456 531 2505 pso
551 2448 627 2501 teste,
655 2456 716 2493 cum
734 2443 822 2492 nomi·
857 2444 958 2492 crociam
977 2456 1053 2492 mes
1068 2444 1186 2493 marmus
1203 2449 1284 2507 capet
1300 2458 1379 2505 osee.

299 2522 352 2570 nat.
377 2532 429 2581 qua
451 2516 550 2579 ubique
576 2518 745 2580 corripiatur;
771 2515 822 2567 sed
860 2543 887 2553 -
905 2517 1029 2581 cohibere]
1048 2518 1178 2578 Muretus,
1204 2516 1307 2577 Bentl',
1328 2520 1383 2569 Cu-

299 2597 341 2645 est
357 2591 436 2642 ablat.
449 2590 636 2641 adverbialiter
649 2591 763 2655 positus,
783 2591 821 2641 «si
859 2592 947 2654 ningh.
965 2592 1089 2641 cohibente
1111 2592 1171 2642 ideo
1187 2591 1381 2655 praetulerunt,

299 2680 352 2732 qua
377 2667 431 2725 via,
459 2664 578 2725 sicubi»
608 2666 637 2714 ut
658 2665 728 2728 virg.
754 2668 819 2715 llen.
858 2668 919 2729 quia
947 2680 973 2715 v.
996 2670 1115 2728 properat
1141 2669 1305 2729 acceperunt
1330 2680 1380 2731 pro

300 2745 329 2802 4,
348 2741 394 2791 ta:
419 2740 447 2789 Si
468 2753 519 2801 qua
539 2739 596 2801 sata
614 2740 705 2788 simet.
727 2767 755 2775 —
773 2753 822 2788 va-
859 2753 988 2805 «propere
1012 2741 1135 2802 veniat»,
1161 2744 1191 2790 ut
1211 2740 1260 2791 Od.
1278 2742 1309 2801 2,
1335 2744 1381 2797 44,

298 2815 406 2881 pastea]
424 2828 456 2863 ex
469 2813 824 2877 Campaniausqueadliu·
858 2816 904 2865 23:
929 2820 1052 2871 metim
1078 2828 1172 2865 verum
1197 2815 1225 2864 in
1249 2828 1282 2865 eo
1305 2816 1382 2879 ipso,

300 2891 395 2949 tinam,
414 2889 476 2939 inde
488 2901 580 2939 rursus
598 2889 624 2937 in
636 2888 737 2938 ltaliam
754 2888 822 2938 inle-
858 2889 931 2953 qaod
957 2887 1000 2938 illa
1023 2894 1141 2950 properet
1162 2889 1286 2950 cohibea,
1313 2890 1384 2945 inest

299 2966 410 3025 riorem,
438 2962 523 3013 donec
546 2963 573 3013 iu
594 2962 733 3026 peninsula
751 2964 822 3013 lihe-
858 2964 1003 3015 senectia:
1018 2960 1122 3015 'enode
1142 2962 1298 3027 simpliciter
1319 2962 1384 3013 reli·

300 3039 403 3102 giorum
419 3052 435 3087 a
452 3038 486 3089 ll.
500 3038 596 3088 Crasso
614 3050 709 3088 caesus
726 3039 776 3087 est.
859 3040 919 3101 gato
936 3038 992 3099 lOd.
1011 3039 1041 3099 2,
1065 3039 1108 3097 44,
1131 3037 1183 3100 23.)
1202 3040 1280 3087 exeat
1301 3037 1383 3088 domo

332 3114 373 3162 44.
391 3112 447 3176 Dic]
466 3112 521 3161 lloc
538 3112 614 3173 igitur
629 3112 672 3161 die
683 3125 741 3161 vere
751 3112 820 3174 sato,
859 3114 1003 3175 statimque
1019 3111 1054 3161 ad
1071 3124 1115 3161 me
1132 3113 1246 3161 veniat.»

301 3190 330 3238 ut
344 3186 470 3238 laetitiam
487 3184 646 3247 cumularet,
671 3184 743 3237 solus
760 3200 822 3236 cum
892 3187 980 3236 23-25.
990 3185 1143 3249 Sipercet.l
1155 3185 1383 3237 «Simolestusille

301 3260 356 3313 sola
374 3274 434 3311 esse
451 3259 571 3320 volebat,
593 3260 823 3323 quemadmodum
859 3263 965 3320 ianitor,
985 3262 1030 3323 qui
1046 3272 1141 3323 saepe,
1165 3260 1229 3311 dum
1247 3259 1290 3311 alii
1307 3274 1384 3311 ama·

300 3336 348 3387 0d.
366 3338 395 3397 2,
419 3336 463 3394 44,
486 3336 527 3385 il.
549 3332 599 3384 alia
620 3333 727 3397 psaltria
745 3334 823 3384 simili
859 3338 931 3385 tores
961 3334 1032 3398 apud
1061 3346 1123 3383 eam
1153 3336 1215 3383 sunt
1245 3334 1287 3385 vel
1321 3348 1384 3387 cum

300 3409 409 3461 consilio
437 3410 581 3459 arcessitur
609 3407 644 3458 ad
672 3409 822 3457 convivium
859 3408 968 3458 delicias
984 3409 1041 3471 ipsa
1066 3407 1140 3467 iacit,
1174 3410 1204 3457 ut
1228 3409 1383 3473 cupidinem

301 3498 363 3535 cum
381 3485 501 3545 Quinctio
519 3482 718 3534 celebrandum.
732 3481 823 3533 Nullus
859 3496 949 3533 meam
965 3482 1074 3542 excitet,
1097 3494 1141 3531 me
1159 3481 1288 3544 excludit,
1311 3498 1383 3535 nnnc

301 3562 392 3611 antem
415 3561 472 3609 eius
495 3556 644 3621 aequalium
667 3556 822 3606 haedere
860 3569 966 3620 quoque
988 3558 1016 3605 te
1039 3569 1092 3606 non
1115 3556 1250 3618 admittet,
1277 3558 1330 3609 noli
1356 3560 1383 3609 id

302 3646 364 3685 enm
382 3632 579 3697 reprehendere
596 3632 713 3694 poterat,
741 3630 823 3680 nostri
859 3630 970 3681 nimium
991 3642 1099 3691 curare,
1126 3630 1176 3681 sed
1197 3632 1232 3681 ad
1253 3646 1298 3683 me
1315 3632 1382 3684 illico

300 3712 331 3759 ut
346 3708 404 3758 sine
421 3706 502 3756 dubio
518 3704 637 3754 lacerent
653 3705 823 3767 hominespii
859 3704 931 3764 redi;
961 3717 1024 3755 nam
1053 3706 1081 3754 et
1107 3705 1165 3756 sine
1191 3708 1308 3767 Neaera,
1337 3708 1382 3757 ubi

302 3785 329 3833 et
346 3780 501 3846 gravissimi.
531 3780 624 3828 Facete
644 3790 708 3827 vero
725 3778 822 3827 deinde
860 3792 969 3829 mecum
985 3792 1045 3830 esse
1066 3780 1209 3841 recusarit,
1236 3780 1335 3831 testum
1351 3796 1382 3831 ac

302 3856 431 3921 siguificat
455 3854 534 3903 etiam
559 3854 616 3903 sine
642 3853 728 3902 amica
750 3851 822 3901 diem
859 3851 959 3904 laetum
986 3853 1058 3904 diem
1086 3853 1243 3905 celebrabo:
1273 3855 1382 3920 capillus

302 3933 376 3983 illum
392 3929 443 3982 sibl
464 3928 519 3979 iore
534 3927 719 3977 laetissimum.
743 3927 822 3989 (llaec
861 3929 933 3979 enim
953 3942 1097 3991 praecem
1121 3929 1196 3993 (Epp.
1216 3932 1243 3989 4,
1267 3930 1297 3991 7,
1320 3932 1381 3991 atil,

303 4006 417 4057 notanda
434 4006 487 4055 iam
504 4006 579 4054 erant
595 4004 705 4067 propter
721 4002 773 4052 HP.
786 4003 824 4051 at·
860 4004 935 4052 aetas
951 4003 1005 4053 iam
1021 4004 1173 4067 provectior
1189 4003 1383 4068 (quadragena-

303 4093 355 4144 que
372 4080 565 4141 Eiclrsladium,
592 4090 661 4141 quos
683 4078 823 4142 peritiores
860 4078 918 4141 ria),
930 4079 1033 4141 mitigat
1042 4079 1122 4128 animi
1137 4078 1293 4130 affectiones
1305 4080 1381 4129 nimis

302 4166 408 4205 morum
432 4156 612 4205 aomanorum
637 4155 718 4216 atque
745 4153 824 4205 huius
860 4153 1008 4204 turbidas.-
1040 4181 1067 4190 -
1096 4154 1193 4204 ianitor
1223 4156 1315 4205 autem
1342 4158 1382 4204 est

303 4226 395 4277 aetatis
415 4226 539 4278 italorum
559 4240 619 4278 esse
641 4224 775 4291 decebat.)
795 4255 821 4263 -
861 4242 954 4279 servus
975 4229 1057 4292 ipsius
1081 4227 1220 4279 libertinae
1247 4230 1379 4294 innuptae.
