<?xml version="1.0" encoding="UTF-8"?>
<!DOCTYPE html PUBLIC "-//W3C//DTD XHTML 1.0 Transitional//EN"
    "http://www.w3.org/TR/xhtml1/DTD/xhtml1-transitional.dtd">
<html xmlns="http://www.w3.org/1999/xhtml" xml:lang="en" lang="en">
 <head>
  <title>
</title>
<meta http-equiv="Content-Type" content="text/html;charset=utf-8" />
  <meta name='ocr-system' content='tesseract 3.04.00' />
  <meta name='ocr-capabilities' content='ocr_page ocr_carea ocr_par ocr_line ocrx_word'/>
</head>
<body>
  <div class='ocr_page' id='page_1' title='image "./qhoratiusflaccu04baitgoog/qhoratiusflaccu04baitgoog_0299.png"; bbox 0 0 2934 4884; ppageno 0'>
   <div class='ocr_carea' id='block_1_1' title="bbox 484 353 697 404">
    <p class='ocr_par' dir='ltr' id='par_1_1' title="bbox 484 353 697 404">
     <span class='ocr_line' id='line_1_1' title="bbox 484 353 697 404; baseline -0.005 -1"><span class='ocrx_word' id='word_1_1' title='bbox 484 353 542 404; x_wconf 80' lang='lat' dir='ltr'><strong>tta.</strong></span> <span class='ocrx_word' id='word_1_2' title='bbox 563 353 593 404; x_wconf 86' lang='lat' dir='ltr'><strong>it.</strong></span> <span class='ocrx_word' id='word_1_3' title='bbox 619 355 647 404; x_wconf 88' lang='lat' dir='ltr'><strong>C.</strong></span> <span class='ocrx_word' id='word_1_4' title='bbox 668 353 697 404; x_wconf 83' lang='lat' dir='ltr'><strong>x.</strong></span> 
     </span>
    </p>
   </div>
   <div class='ocr_carea' id='block_1_2' title="bbox 258 509 917 956">
    <p class='ocr_par' dir='ltr' id='par_1_2' title="bbox 261 509 821 598">
     <span class='ocr_line' id='line_1_2' title="bbox 261 509 821 598; baseline -0.009 -24"><span class='ocrx_word' id='word_1_5' title='bbox 261 509 397 594; x_wconf 86' lang='lat' dir='ltr'><strong>Saepius</strong></span> <span class='ocrx_word' id='word_1_6' title='bbox 419 510 523 574; x_wconf 89' lang='lat' dir='ltr'><strong>ventis</strong></span> <span class='ocrx_word' id='word_1_7' title='bbox 546 510 684 598; x_wconf 81' lang='lat' dir='ltr'>agitatur</span> <span class='ocrx_word' id='word_1_8' title='bbox 705 510 821 596; x_wconf 75' lang='lat' dir='ltr'><strong>ingens</strong></span> 
     </span>
    </p>

    <p class='ocr_par' dir='ltr' id='par_1_3' title="bbox 258 629 810 716">
     <span class='ocr_line' id='line_1_3' title="bbox 258 629 810 716; baseline 0.002 -23"><span class='ocrx_word' id='word_1_9' title='bbox 258 629 357 694; x_wconf 87' lang='lat' dir='ltr'><strong>Pinus</strong></span> <span class='ocrx_word' id='word_1_10' title='bbox 378 641 411 695; x_wconf 88' lang='lat' dir='ltr'><strong>et</strong></span> <span class='ocrx_word' id='word_1_11' title='bbox 432 629 540 696; x_wconf 87' lang='lat' dir='ltr'><strong>celsae</strong></span> <span class='ocrx_word' id='word_1_12' title='bbox 562 630 709 716; x_wconf 87' lang='lat' dir='ltr'><strong>graviore</strong></span> <span class='ocrx_word' id='word_1_13' title='bbox 732 645 810 696; x_wconf 84' lang='lat' dir='ltr'><strong>&#39;casu</strong></span> 
     </span>
    </p>

    <p class='ocr_par' dir='ltr' id='par_1_4' title="bbox 258 747 917 956">
     <span class='ocr_line' id='line_1_4' title="bbox 258 747 917 838; baseline 0.006 -27"><span class='ocrx_word' id='word_1_14' title='bbox 258 747 417 815; x_wconf 87' lang='lat' dir='ltr'><strong>Decidunt</strong></span> <span class='ocrx_word' id='word_1_15' title='bbox 438 759 544 815; x_wconf 85' lang='lat' dir='ltr'><strong>turres</strong></span> <span class='ocrx_word' id='word_1_16' title='bbox 567 749 750 838; x_wconf 83' lang='lat' dir='ltr'><strong>feriuntque</strong></span> <span class='ocrx_word' id='word_1_17' title='bbox 774 771 917 816; x_wconf 87' lang='lat' dir='ltr'><strong>summos</strong></span> 
     </span>
     <span class='ocr_line' id='line_1_5' title="bbox 385 869 683 956; baseline 0 -22"><span class='ocrx_word' id='word_1_18' title='bbox 385 869 526 956; x_wconf 74' lang='lat' dir='ltr'><strong>Fulgura</strong></span> <span class='ocrx_word' id='word_1_19' title='bbox 549 881 683 936; x_wconf 80' lang='lat' dir='ltr'><strong>montes,</strong></span> 
     </span>
    </p>
   </div>
   <div class='ocr_carea' id='block_1_3' title="bbox 258 1027 844 1113">
    <p class='ocr_par' dir='ltr' id='par_1_5' title="bbox 258 1027 844 1113">
     <span class='ocr_line' id='line_1_6' title="bbox 258 1027 844 1113; baseline 0 -19"><span class='ocrx_word' id='word_1_20' title='bbox 258 1029 372 1113; x_wconf 82' lang='lat' dir='ltr'>Sperat</span> <span class='ocrx_word' id='word_1_21' title='bbox 394 1027 531 1105; x_wconf 81' lang='lat' dir='ltr'><strong>infestis,</strong></span> <span class='ocrx_word' id='word_1_22' title='bbox 555 1029 668 1094; x_wconf 90' lang='lat' dir='ltr'><strong>metuit</strong></span> <span class='ocrx_word' id='word_1_23' title='bbox 691 1028 844 1094; x_wconf 88' lang='lat' dir='ltr'><strong>secundis</strong></span> 
     </span>
    </p>
   </div>
   <div class='ocr_carea' id='block_1_4' title="bbox 125 1177 1145 1466">
    <p class='ocr_par' dir='ltr' id='par_1_6' title="bbox 125 1177 1145 1466">
     <span class='ocr_line' id='line_1_7' title="bbox 155 1177 1145 1242; baseline 0.007 -15"><span class='ocrx_word' id='word_1_24' title='bbox 155 1179 178 1227; x_wconf 82' lang='grc'><strong>9.</strong></span> <span class='ocrx_word' id='word_1_25' title='bbox 196 1178 300 1228; x_wconf 81' lang='grc'><strong>8444444444</strong></span> <span class='ocrx_word' id='word_1_26' title='bbox 316 1177 471 1228; x_wconf 85' lang='lat' dir='ltr'><strong>FcValarti</strong></span> <span class='ocrx_word' id='word_1_27' title='bbox 490 1179 554 1228; x_wconf 85' lang='lat' dir='ltr'><strong>cod.</strong></span> <span class='ocrx_word' id='word_1_28' title='bbox 573 1177 684 1228; x_wconf 85' lang='lat' dir='ltr'><strong>sorbon.</strong></span> <span class='ocrx_word' id='word_1_29' title='bbox 698 1179 909 1242; x_wconf 84' lang='lat' dir='ltr'><strong>suspectissimo.</strong></span> <span class='ocrx_word' id='word_1_30' title='bbox 931 1207 958 1216; x_wconf 88' lang='lat'>—</span> <span class='ocrx_word' id='word_1_31' title='bbox 978 1181 1018 1231; x_wconf 85' lang='lat' dir='ltr'><strong>to.</strong></span> <span class='ocrx_word' id='word_1_32' title='bbox 1031 1183 1145 1234; x_wconf 78' lang='grc'><strong>4444444444</strong></span> 
     </span>
     <span class='ocr_line' id='line_1_8' title="bbox 126 1253 1145 1315; baseline 0.009 -15"><span class='ocrx_word' id='word_1_33' title='bbox 126 1265 184 1302; x_wconf 91' lang='lat' dir='ltr'><strong>cum</strong></span> <span class='ocrx_word' id='word_1_34' title='bbox 200 1253 279 1302; x_wconf 87' lang='lat' dir='ltr'><strong>Brod.</strong></span> <span class='ocrx_word' id='word_1_35' title='bbox 299 1253 429 1315; x_wconf 78' lang='lat' dir='ltr'><strong>cuningh.</strong></span> <span class='ocrx_word' id='word_1_36' title='bbox 443 1255 503 1302; x_wconf 87' lang='lat' dir='ltr'><strong>San.</strong></span> <span class='ocrx_word' id='word_1_37' title='bbox 517 1255 572 1303; x_wconf 86' lang='lat' dir='ltr'><strong>lani</strong></span> <span class='ocrx_word' id='word_1_38' title='bbox 590 1255 617 1303; x_wconf 88' lang='lat' dir='ltr'><strong>et</strong></span> <span class='ocrx_word' id='word_1_39' title='bbox 629 1253 654 1303; x_wconf 83' lang='lat' dir='ltr'><strong>F.</strong></span> <span class='ocrx_word' id='word_1_40' title='bbox 670 1253 709 1315; x_wconf 82' lang='lat' dir='ltr'><strong>(Ut</strong></span> <span class='ocrx_word' id='word_1_41' title='bbox 720 1266 785 1314; x_wconf 88' lang='lat' dir='ltr'><strong>nos,</strong></span> <span class='ocrx_word' id='word_1_42' title='bbox 804 1253 918 1304; x_wconf 83' lang='lat' dir='ltr'><strong>BbS&#39;lcd</strong></span> <span class='ocrx_word' id='word_1_43' title='bbox 935 1258 963 1305; x_wconf 90' lang='lat' dir='ltr'><strong>et</strong></span> <span class='ocrx_word' id='word_1_44' title='bbox 979 1268 1073 1308; x_wconf 88' lang='lat' dir='ltr'><strong>omnes</strong></span> <span class='ocrx_word' id='word_1_45' title='bbox 1085 1261 1145 1308; x_wconf 85' lang='lat' dir='ltr'><strong>Pot-</strong></span> 
     </span>
     <span class='ocr_line' id='line_1_9' title="bbox 126 1327 1144 1396; baseline 0.008 -22"><span class='ocrx_word' id='word_1_46' title='bbox 126 1327 207 1388; x_wconf 82' lang='lat' dir='ltr'><strong>tierii.)</strong></span> <span class='ocrx_word' id='word_1_47' title='bbox 228 1354 256 1362; x_wconf 91' lang='lat'>-</span> <span class='ocrx_word' id='word_1_48' title='bbox 276 1327 316 1376; x_wconf 70' lang='grc'><strong>44.</strong></span> <span class='ocrx_word' id='word_1_49' title='bbox 335 1327 453 1376; x_wconf 81' lang='lat' dir='ltr'><strong>Fulmina</strong></span> <span class='ocrx_word' id='word_1_50' title='bbox 469 1329 518 1378; x_wconf 82' lang='lat' dir='ltr'><strong>LtF</strong></span> <span class='ocrx_word' id='word_1_51' title='bbox 536 1341 551 1376; x_wconf 89' lang='grc'><strong>4</strong></span> <span class='ocrx_word' id='word_1_52' title='bbox 569 1327 654 1378; x_wconf 89' lang='lat' dir='ltr'><strong>Codd.</strong></span> <span class='ocrx_word' id='word_1_53' title='bbox 675 1327 714 1390; x_wconf 83' lang='lat' dir='ltr'><strong>(Ut</strong></span> <span class='ocrx_word' id='word_1_54' title='bbox 731 1340 793 1387; x_wconf 83' lang='lat' dir='ltr'><strong>nos,</strong></span> <span class='ocrx_word' id='word_1_55' title='bbox 813 1341 908 1379; x_wconf 83' lang='lat' dir='ltr'><strong>omnes</strong></span> <span class='ocrx_word' id='word_1_56' title='bbox 919 1331 1015 1390; x_wconf 84' lang='lat' dir='ltr'><strong>nostri,</strong></span> <span class='ocrx_word' id='word_1_57' title='bbox 1034 1333 1144 1396; x_wconf 89' lang='lat' dir='ltr'><strong>Cruquil</strong></span> 
     </span>
     <span class='ocr_line' id='line_1_10' title="bbox 125 1401 785 1466; baseline 0.002 -17"><span class='ocrx_word' id='word_1_58' title='bbox 125 1401 150 1448; x_wconf 84' lang='lat' dir='ltr'><strong>el</strong></span> <span class='ocrx_word' id='word_1_59' title='bbox 166 1401 300 1462; x_wconf 81' lang='lat' dir='ltr'><strong>Pottierii.)</strong></span> <span class='ocrx_word' id='word_1_60' title='bbox 320 1428 348 1437; x_wconf 96' lang='lat'>-</span> <span class='ocrx_word' id='word_1_61' title='bbox 365 1407 461 1451; x_wconf 84' lang='grc'><strong>44444444</strong></span> <span class='ocrx_word' id='word_1_62' title='bbox 478 1401 525 1451; x_wconf 87' lang='grc'><strong>4444.</strong></span> <span class='ocrx_word' id='word_1_63' title='bbox 545 1416 558 1452; x_wconf 88' lang='grc'><strong>4</strong></span> <span class='ocrx_word' id='word_1_64' title='bbox 575 1413 710 1466; x_wconf 86' lang='lat' dir='ltr'><strong>superscr.</strong></span> <span class='ocrx_word' id='word_1_65' title='bbox 730 1403 740 1450; x_wconf 90' lang='grc'><strong>4</strong></span> <span class='ocrx_word' id='word_1_66' title='bbox 757 1404 785 1452; x_wconf 88' lang='grc' dir='ltr'><strong>Β.</strong></span> 
     </span>
    </p>
   </div>
   <div class='ocr_carea' id='block_1_5' title="bbox 96 1519 1180 3880">
    <p class='ocr_par' dir='ltr' id='par_1_7' title="bbox 96 1519 1180 3880">
     <span class='ocr_line' id='line_1_11' title="bbox 96 1519 1177 1589; baseline 0.007 -20"><span class='ocrx_word' id='word_1_67' title='bbox 96 1519 179 1578; x_wconf 78' lang='grc'><strong>[4444444</strong></span> <span class='ocrx_word' id='word_1_68' title='bbox 196 1521 229 1570; x_wconf 79' lang='lat' dir='ltr'><strong>at</strong></span> <span class='ocrx_word' id='word_1_69' title='bbox 246 1535 306 1570; x_wconf 81' lang='lat' dir='ltr'><strong>orco</strong></span> <span class='ocrx_word' id='word_1_70' title='bbox 321 1523 395 1571; x_wconf 84' lang='grc'><strong>44444.</strong></span> <span class='ocrx_word' id='word_1_71' title='bbox 426 1523 550 1572; x_wconf 76' lang='lat' dir='ltr'><strong>Attamen</strong></span> <span class='ocrx_word' id='word_1_72' title='bbox 567 1535 613 1572; x_wconf 85' lang='lat' dir='ltr'><strong>re-</strong></span> <span class='ocrx_word' id='word_1_73' title='bbox 651 1521 712 1584; x_wconf 84' lang='lat' dir='ltr'><strong>que)</strong></span> <span class='ocrx_word' id='word_1_74' title='bbox 725 1522 1004 1588; x_wconf 74' lang='lat' dir='ltr'><strong>eotsoe--forlontqoa</strong></span> <span class='ocrx_word' id='word_1_75' title='bbox 1014 1539 1095 1589; x_wconf 74' lang='lat' dir='ltr'><strong>quiam</strong></span> <span class='ocrx_word' id='word_1_76' title='bbox 1107 1527 1177 1576; x_wconf 80' lang='lat' dir='ltr'><strong>Feac</strong></span> 
     </span>
     <span class='ocr_line' id='line_1_12' title="bbox 98 1589 1176 1664; baseline 0.007 -22"><span class='ocrx_word' id='word_1_77' title='bbox 98 1595 208 1657; x_wconf 81' lang='lat' dir='ltr'><strong>cipienda</strong></span> <span class='ocrx_word' id='word_1_78' title='bbox 225 1608 279 1644; x_wconf 93' lang='lat' dir='ltr'><strong>non</strong></span> <span class='ocrx_word' id='word_1_79' title='bbox 298 1598 367 1656; x_wconf 84' lang='lat' dir='ltr'><strong>erat,</strong></span> <span class='ocrx_word' id='word_1_80' title='bbox 392 1597 518 1659; x_wconf 83' lang='lat' dir='ltr'><strong>quoniam</strong></span> <span class='ocrx_word' id='word_1_81' title='bbox 535 1598 561 1646; x_wconf 89' lang='lat' dir='ltr'><strong>in</strong></span> <span class='ocrx_word' id='word_1_82' title='bbox 579 1609 613 1645; x_wconf 87' lang='lat' dir='ltr'><strong>eo</strong></span> <span class='ocrx_word' id='word_1_83' title='bbox 650 1589 808 1646; x_wconf 78' lang='grc' dir='ltr'><em>ἀσύνδετον</em></span> <span class='ocrx_word' id='word_1_84' title='bbox 830 1599 951 1650; x_wconf 80' lang='grc'><strong>44444444.</strong></span> <span class='ocrx_word' id='word_1_85' title='bbox 978 1627 1005 1636; x_wconf 94' lang='grc'>-</span> <span class='ocrx_word' id='word_1_86' title='bbox 1024 1600 1114 1664; x_wconf 65' lang='lat' dir='ltr'><strong>turos]</strong></span> <span class='ocrx_word' id='word_1_87' title='bbox 1132 1603 1176 1650; x_wconf 87' lang='lat' dir='ltr'><strong>Sic</strong></span> 
     </span>
     <span class='ocr_line' id='line_1_13' title="bbox 97 1668 1177 1740; baseline 0.009 -24"><span class='ocrx_word' id='word_1_88' title='bbox 97 1668 162 1730; x_wconf 87' lang='lat' dir='ltr'><strong>ipso,</strong></span> <span class='ocrx_word' id='word_1_89' title='bbox 181 1668 252 1732; x_wconf 86' lang='lat' dir='ltr'><strong>quod</strong></span> <span class='ocrx_word' id='word_1_90' title='bbox 270 1671 370 1730; x_wconf 78' lang='lat' dir='ltr'><strong>sceptus</strong></span> <span class='ocrx_word' id='word_1_91' title='bbox 385 1684 402 1718; x_wconf 86' lang='lat' dir='ltr'><strong>a</strong></span> <span class='ocrx_word' id='word_1_92' title='bbox 414 1669 538 1734; x_wconf 86' lang='lat' dir='ltr'><strong>procellis</strong></span> <span class='ocrx_word' id='word_1_93' title='bbox 551 1683 614 1720; x_wconf 85' lang='lat' dir='ltr'><strong>con·</strong></span> <span class='ocrx_word' id='word_1_94' title='bbox 651 1672 739 1720; x_wconf 88' lang='lat' dir='ltr'><strong>omnia</strong></span> <span class='ocrx_word' id='word_1_95' title='bbox 762 1671 883 1723; x_wconf 88' lang='lat' dir='ltr'><strong>aedilicia</strong></span> <span class='ocrx_word' id='word_1_96' title='bbox 905 1672 958 1724; x_wconf 86' lang='lat' dir='ltr'><strong>alta</strong></span> <span class='ocrx_word' id='word_1_97' title='bbox 975 1677 1003 1724; x_wconf 88' lang='grc'><strong>44</strong></span> <span class='ocrx_word' id='word_1_98' title='bbox 1022 1675 1110 1740; x_wconf 87' lang='lat' dir='ltr'><strong>ampla</strong></span> <span class='ocrx_word' id='word_1_99' title='bbox 1126 1689 1177 1726; x_wconf 87' lang='lat' dir='ltr'><strong>vo-</strong></span> 
     </span>
     <span class='ocr_line' id='line_1_14' title="bbox 98 1743 1177 1816; baseline 0.01 -26"><span class='ocrx_word' id='word_1_100' title='bbox 98 1743 185 1792; x_wconf 85' lang='lat' dir='ltr'><strong>cutitur</strong></span> <span class='ocrx_word' id='word_1_101' title='bbox 208 1756 323 1806; x_wconf 88' lang='lat' dir='ltr'><strong>procera</strong></span> <span class='ocrx_word' id='word_1_102' title='bbox 351 1744 429 1808; x_wconf 82' lang='lat' dir='ltr'>pinus</span> <span class='ocrx_word' id='word_1_103' title='bbox 455 1758 536 1807; x_wconf 91' lang='lat' dir='ltr'><strong>quam</strong></span> <span class='ocrx_word' id='word_1_104' title='bbox 561 1746 613 1794; x_wconf 88' lang='lat' dir='ltr'><strong>hu·</strong></span> <span class='ocrx_word' id='word_1_105' title='bbox 651 1748 759 1803; x_wconf 83' lang='lat' dir='ltr'><strong>eantur,</strong></span> <span class='ocrx_word' id='word_1_106' title='bbox 796 1744 945 1811; x_wconf 80' lang='grc' dir='ltr'><em>οἰκήματα</em></span> <span class='ocrx_word' id='word_1_107' title='bbox 982 1745 1020 1798; x_wconf 82' lang='grc' dir='ltr'><strong>τὰ</strong></span> <span class='ocrx_word' id='word_1_108' title='bbox 1052 1753 1177 1816; x_wconf 73' lang='grc' dir='ltr'><em>μέγιστα</em></span> 
     </span>
     <span class='ocr_line' id='line_1_15' title="bbox 98 1816 1175 1884; baseline 0.009 -19"><span class='ocrx_word' id='word_1_109' title='bbox 98 1816 151 1866; x_wconf 87' lang='lat' dir='ltr'><strong>mile</strong></span> <span class='ocrx_word' id='word_1_110' title='bbox 175 1817 331 1876; x_wconf 85' lang='lat' dir='ltr'><strong>arbustum,</strong></span> <span class='ocrx_word' id='word_1_111' title='bbox 361 1820 424 1869; x_wconf 89' lang='lat' dir='ltr'><strong>satis</strong></span> <span class='ocrx_word' id='word_1_112' title='bbox 452 1819 614 1882; x_wconf 73' lang='lat' dir='ltr'><strong>significatur</strong></span> <span class='ocrx_word' id='word_1_113' title='bbox 651 1819 778 1869; x_wconf 88' lang='lat' dir='ltr'><strong>Herodot.</strong></span> <span class='ocrx_word' id='word_1_114' title='bbox 811 1818 828 1870; x_wconf 92' lang='lat' dir='ltr'><strong>l.</strong></span> <span class='ocrx_word' id='word_1_115' title='bbox 846 1820 863 1870; x_wconf 90' lang='lat' dir='ltr'><strong>l.</strong></span> <span class='ocrx_word' id='word_1_116' title='bbox 887 1822 1019 1874; x_wconf 88' lang='lat' dir='ltr'><strong>luvenalis</strong></span> <span class='ocrx_word' id='word_1_117' title='bbox 1041 1825 1085 1884; x_wconf 86' lang='grc'><strong>444,</strong></span> <span class='ocrx_word' id='word_1_118' title='bbox 1113 1825 1175 1875; x_wconf 79' lang='lat' dir='ltr'><strong>tos:</strong></span> 
     </span>
     <span class='ocr_line' id='line_1_16' title="bbox 97 1889 1178 1957; baseline 0.01 -19"><span class='ocrx_word' id='word_1_119' title='bbox 97 1889 158 1940; x_wconf 86' lang='lat' dir='ltr'><strong>illam</strong></span> <span class='ocrx_word' id='word_1_120' title='bbox 178 1891 262 1942; x_wconf 91' lang='lat' dir='ltr'><strong>multo</strong></span> <span class='ocrx_word' id='word_1_121' title='bbox 283 1893 368 1955; x_wconf 83' lang='lat' dir='ltr'><strong>magis</strong></span> <span class='ocrx_word' id='word_1_122' title='bbox 386 1895 534 1957; x_wconf 86' lang='lat' dir='ltr'><strong>expositam</strong></span> <span class='ocrx_word' id='word_1_123' title='bbox 551 1907 612 1945; x_wconf 89' lang='lat' dir='ltr'><strong>esse</strong></span> <span class='ocrx_word' id='word_1_124' title='bbox 649 1907 785 1944; x_wconf 68' lang='lat' dir='ltr'><strong>samsai-oro</strong></span> <span class='ocrx_word' id='word_1_125' title='bbox 806 1895 920 1956; x_wconf 69' lang='lat' dir='ltr'><strong>paratas</strong></span> <span class='ocrx_word' id='word_1_126' title='bbox 949 1898 1071 1948; x_wconf 74' lang='grc'><strong>44444444</strong></span> <span class='ocrx_word' id='word_1_127' title='bbox 1098 1901 1178 1948; x_wconf 78' lang='grc'><strong>4444444</strong></span> 
     </span>
     <span class='ocr_line' id='line_1_17' title="bbox 97 1965 1177 2032; baseline 0.007 -18"><span class='ocrx_word' id='word_1_128' title='bbox 97 1965 218 2027; x_wconf 83' lang='lat' dir='ltr'><strong>periculo,</strong></span> <span class='ocrx_word' id='word_1_129' title='bbox 247 1979 281 2016; x_wconf 89' lang='lat' dir='ltr'><strong>ne</strong></span> <span class='ocrx_word' id='word_1_130' title='bbox 299 1965 435 2029; x_wconf 81' lang='lat' dir='ltr'><strong>frangatur</strong></span> <span class='ocrx_word' id='word_1_131' title='bbox 451 1971 531 2032; x_wconf 82' lang='lat' dir='ltr'><strong>atque</strong></span> <span class='ocrx_word' id='word_1_132' title='bbox 551 1981 613 2017; x_wconf 86' lang='grc'><strong>444-</strong></span> <span class='ocrx_word' id='word_1_133' title='bbox 650 1966 777 2028; x_wconf 67' lang='lat' dir='ltr'><strong>anuo,</strong></span> <span class='ocrx_word' id='word_1_134' title='bbox 803 1970 870 2020; x_wconf 78' lang='grc'><strong>4444444</strong></span> <span class='ocrx_word' id='word_1_135' title='bbox 892 1970 969 2020; x_wconf 82' lang='lat' dir='ltr'><strong>altior</strong></span> <span class='ocrx_word' id='word_1_136' title='bbox 984 1978 1044 2020; x_wconf 88' lang='grc'><strong>44444</strong></span> <span class='ocrx_word' id='word_1_137' title='bbox 1060 1973 1138 2023; x_wconf 74' lang='lat' dir='ltr'><strong>Corus</strong></span> <span class='ocrx_word' id='word_1_138' title='bbox 1154 1977 1177 2022; x_wconf 90' lang='grc'><strong>44</strong></span> 
     </span>
     <span class='ocr_line' id='line_1_18' title="bbox 99 2037 1174 2112; baseline 0.007 -25"><span class='ocrx_word' id='word_1_139' title='bbox 99 2038 200 2089; x_wconf 86' lang='lat' dir='ltr'><strong>dicetur.</strong></span> <span class='ocrx_word' id='word_1_140' title='bbox 220 2040 348 2090; x_wconf 88' lang='lat' dir='ltr'><strong>llerodot.</strong></span> <span class='ocrx_word' id='word_1_141' title='bbox 368 2043 394 2102; x_wconf 83' lang='lat'><strong>7,</strong></span> <span class='ocrx_word' id='word_1_142' title='bbox 415 2043 458 2092; x_wconf 82' lang='lat' dir='ltr'><strong>to:</strong></span> <span class='ocrx_word' id='word_1_143' title='bbox 477 2037 560 2112; x_wconf 79' lang='grc' dir='ltr'><strong><em>Ὁρᾷς</em></strong></span> <span class='ocrx_word' id='word_1_144' title='bbox 577 2037 612 2091; x_wconf 84' lang='grc' dir='ltr'><strong>τὰ</strong></span> <span class='ocrx_word' id='word_1_145' title='bbox 649 2043 772 2103; x_wconf 65' lang='lat' dir='ltr'><strong>aspersae</strong></span> <span class='ocrx_word' id='word_1_146' title='bbox 796 2057 918 2106; x_wconf 77' lang='lat' dir='ltr'><strong>praeceps</strong></span> <span class='ocrx_word' id='word_1_147' title='bbox 941 2045 1051 2094; x_wconf 79' lang='grc'><strong>4444444444</strong></span> <span class='ocrx_word' id='word_1_148' title='bbox 1075 2047 1174 2095; x_wconf 79' lang='grc'><strong>44444444.</strong></span> 
     </span>
     <span class='ocr_line' id='line_1_19' title="bbox 98 2107 1177 2186; baseline 0.006 -25"><span class='ocrx_word' id='word_1_149' title='bbox 98 2107 266 2180; x_wconf 71' lang='grc' dir='ltr'><em>ὑπερέχοντα</em></span> <span class='ocrx_word' id='word_1_150' title='bbox 291 2112 351 2178; x_wconf 84' lang='grc' dir='ltr'><strong>ζῶα</strong></span> <span class='ocrx_word' id='word_1_151' title='bbox 374 2109 414 2178; x_wconf 81' lang='grc' dir='ltr'><strong>ὥς</strong></span> <span class='ocrx_word' id='word_1_152' title='bbox 437 2121 575 2186; x_wconf 75' lang='grc' dir='ltr'><em>κεραυνοῖ</em></span> <span class='ocrx_word' id='word_1_153' title='bbox 595 2111 613 2166; x_wconf 89' lang='grc' dir='ltr'>ὁ</span> <span class='ocrx_word' id='word_1_154' title='bbox 652 2119 1177 2181; x_wconf 73' lang='lat' dir='ltr'><strong>-smnnws-montcs1rmonttum</strong></span> 
     </span>
     <span class='ocr_line' id='line_1_20' title="bbox 97 2183 1177 2257; baseline 0.006 -22"><span class='ocrx_word' id='word_1_155' title='bbox 97 2183 158 2249; x_wconf 77' lang='grc' dir='ltr'><em>θεὸς</em></span> <span class='ocrx_word' id='word_1_156' title='bbox 173 2183 240 2238; x_wconf 76' lang='grc' dir='ltr'><strong>οὐδὲ</strong></span> <span class='ocrx_word' id='word_1_157' title='bbox 258 2187 293 2257; x_wconf 80' lang='grc' dir='ltr'><strong>ἐᾷ</strong></span> <span class='ocrx_word' id='word_1_158' title='bbox 304 2187 516 2256; x_wconf 72' lang='grc' dir='ltr'><em>φαντάζεσθαι,</em></span> <span class='ocrx_word' id='word_1_159' title='bbox 534 2187 613 2241; x_wconf 68' lang='lat' dir='ltr'><strong>caol</strong></span> <span class='ocrx_word' id='word_1_160' title='bbox 652 2190 817 2240; x_wconf 82' lang='lat' dir='ltr'><strong>eacumina.»</strong></span> <span class='ocrx_word' id='word_1_161' title='bbox 805 2192 951 2241; x_wconf 76' lang='lat' dir='ltr'><strong>»lucret</strong></span> <span class='ocrx_word' id='word_1_162' title='bbox 971 2193 1000 2250; x_wconf 87' lang='lat' dir='ltr'><strong>o,</strong></span> <span class='ocrx_word' id='word_1_163' title='bbox 1019 2192 1080 2242; x_wconf 79' lang='lat' dir='ltr'><strong>tao:</strong></span> <span class='ocrx_word' id='word_1_164' title='bbox 1104 2193 1177 2242; x_wconf 79' lang='lat' dir='ltr'><strong>Alto·</strong></span> 
     </span>
     <span class='ocr_line' id='line_1_21' title="bbox 98 2259 1177 2346; baseline 0.004 -34"><span class='ocrx_word' id='word_1_165' title='bbox 98 2259 196 2346; x_wconf 77' lang='grc' dir='ltr'><em>σμικροὶ</em></span> <span class='ocrx_word' id='word_1_166' title='bbox 213 2259 299 2315; x_wconf 77' lang='grc' dir='ltr'><em>οὐδὲν</em></span> <span class='ocrx_word' id='word_1_167' title='bbox 314 2282 366 2331; x_wconf 85' lang='grc' dir='ltr'><strong>μιν</strong></span> <span class='ocrx_word' id='word_1_168' title='bbox 380 2269 478 2330; x_wconf 79' lang='grc' dir='ltr'><em>κνίζει·</em></span> <span class='ocrx_word' id='word_1_169' title='bbox 496 2261 568 2338; x_wconf 78' lang='grc' dir='ltr'><strong><em>ὁρᾷς</em></strong></span> <span class='ocrx_word' id='word_1_170' title='bbox 581 2265 613 2318; x_wconf 69' lang='lat' dir='ltr'><strong>cll</strong></span> <span class='ocrx_word' id='word_1_171' title='bbox 650 2277 698 2326; x_wconf 78' lang='lat' dir='ltr'><strong>que</strong></span> <span class='ocrx_word' id='word_1_172' title='bbox 719 2277 766 2312; x_wconf 82' lang='lat' dir='ltr'><strong>cur</strong></span> <span class='ocrx_word' id='word_1_173' title='bbox 784 2265 932 2328; x_wconf 69' lang='lat' dir='ltr'><strong>plemnqoo</strong></span> <span class='ocrx_word' id='word_1_174' title='bbox 950 2268 1012 2328; x_wconf 76' lang='lat' dir='ltr'><strong>petit</strong></span> <span class='ocrx_word' id='word_1_175' title='bbox 1037 2268 1093 2316; x_wconf 86' lang='lat' dir='ltr'><strong>loco</strong></span> <span class='ocrx_word' id='word_1_176' title='bbox 1116 2268 1177 2329; x_wconf 84' lang='lat' dir='ltr'><strong>plu-</strong></span> 
     </span>
     <span class='ocr_line' id='line_1_22' title="bbox 97 2331 1178 2408; baseline 0.002 -20"><span class='ocrx_word' id='word_1_177' title='bbox 97 2331 131 2398; x_wconf 74' lang='grc' dir='ltr'><strong>ὦς</strong></span> <span class='ocrx_word' id='word_1_178' title='bbox 147 2338 174 2400; x_wconf 81' lang='grc' dir='ltr'><strong>ἐς</strong></span> <span class='ocrx_word' id='word_1_179' title='bbox 191 2335 339 2404; x_wconf 80' lang='grc' dir='ltr'><strong>οἰκήματα</strong></span> <span class='ocrx_word' id='word_1_180' title='bbox 359 2337 396 2390; x_wconf 84' lang='grc' dir='ltr'><strong>τὰ</strong></span> <span class='ocrx_word' id='word_1_181' title='bbox 415 2343 538 2408; x_wconf 73' lang='grc' dir='ltr'><em>μέγιστα</em></span> <span class='ocrx_word' id='word_1_182' title='bbox 555 2344 613 2392; x_wconf 82' lang='lat' dir='ltr'><strong>aial</strong></span> <span class='ocrx_word' id='word_1_183' title='bbox 649 2339 766 2400; x_wconf 67' lang='grc'><strong>4444444444</strong></span> <span class='ocrx_word' id='word_1_184' title='bbox 787 2339 861 2388; x_wconf 81' lang='lat' dir='ltr'><strong>lotus</strong></span> <span class='ocrx_word' id='word_1_185' title='bbox 882 2341 1037 2390; x_wconf 65' lang='lat' dir='ltr'><strong>Montibus</strong></span> <span class='ocrx_word' id='word_1_186' title='bbox 1027 2356 1055 2390; x_wconf 84' lang='grc'><strong>44</strong></span> <span class='ocrx_word' id='word_1_187' title='bbox 1074 2343 1178 2390; x_wconf 85' lang='grc'><strong>4444444444</strong></span> 
     </span>
     <span class='ocr_line' id='line_1_23' title="bbox 98 2411 1178 2484; baseline 0.007 -27"><span class='ocrx_word' id='word_1_188' title='bbox 98 2413 141 2460; x_wconf 78' lang='grc' dir='ltr'><strong>καὶ</strong></span> <span class='ocrx_word' id='word_1_189' title='bbox 160 2411 276 2484; x_wconf 77' lang='grc' dir='ltr'><em>δένδρεα</em></span> <span class='ocrx_word' id='word_1_190' title='bbox 297 2411 334 2464; x_wconf 79' lang='grc' dir='ltr'><strong>τὰ</strong></span> <span class='ocrx_word' id='word_1_191' title='bbox 356 2414 464 2466; x_wconf 79' lang='grc' dir='ltr'><em>τοιαῦτ</em></span> <span class='ocrx_word' id='word_1_192' title='bbox 480 2411 614 2482; x_wconf 74' lang='grc' dir='ltr'><em>ἁποοκή-</em></span> <span class='ocrx_word' id='word_1_193' title='bbox 650 2414 754 2478; x_wconf 71' lang='grc'><strong>44444944</strong></span> <span class='ocrx_word' id='word_1_194' title='bbox 782 2415 907 2464; x_wconf 66' lang='lat' dir='ltr'><strong>comanos</strong></span> <span class='ocrx_word' id='word_1_195' title='bbox 932 2415 1072 2479; x_wconf 63' lang='grc'><strong>4444444-</strong></span> <span class='ocrx_word' id='word_1_196' title='bbox 1099 2417 1178 2465; x_wconf 71' lang='grc'><strong>«44444-</strong></span> 
     </span>
     <span class='ocr_line' id='line_1_24' title="bbox 98 2485 1175 2561; baseline 0.006 -27"><span class='ocrx_word' id='word_1_197' title='bbox 98 2499 152 2536; x_wconf 76' lang='grc'><strong>44444</strong></span> <span class='ocrx_word' id='word_1_198' title='bbox 167 2485 203 2538; x_wconf 81' lang='grc' dir='ltr'><strong>τὰ</strong></span> <span class='ocrx_word' id='word_1_199' title='bbox 218 2487 315 2548; x_wconf 80' lang='grc' dir='ltr'><em>βέλεα·</em></span> <span class='ocrx_word' id='word_1_200' title='bbox 333 2489 425 2551; x_wconf 79' lang='grc' dir='ltr'><em>φιλέει</em></span> <span class='ocrx_word' id='word_1_201' title='bbox 439 2485 526 2561; x_wconf 81' lang='grc' dir='ltr'><strong>γὰρ</strong></span> <span class='ocrx_word' id='word_1_202' title='bbox 510 2506 527 2540; x_wconf 94' lang='grc' dir='ltr'><em>ο</em></span> <span class='ocrx_word' id='word_1_203' title='bbox 544 2490 613 2554; x_wconf 77' lang='grc' dir='ltr'><em>θεὸς</em></span> <span class='ocrx_word' id='word_1_204' title='bbox 650 2502 700 2552; x_wconf 72' lang='lat' dir='ltr'><strong>pur</strong></span> <span class='ocrx_word' id='word_1_205' title='bbox 715 2489 823 2552; x_wconf 88' lang='lat' dir='ltr'><strong>proprie</strong></span> <span class='ocrx_word' id='word_1_206' title='bbox 844 2492 887 2539; x_wconf 88' lang='grc'><strong>444</strong></span> <span class='ocrx_word' id='word_1_207' title='bbox 907 2489 1034 2552; x_wconf 83' lang='lat' dir='ltr'><strong>splendor</strong></span> <span class='ocrx_word' id='word_1_208' title='bbox 1050 2489 1175 2540; x_wconf 84' lang='grc'><strong>4444444444.</strong></span> 
     </span>
     <span class='ocr_line' id='line_1_25' title="bbox 97 2556 1178 2632; baseline 0.005 -23"><span class='ocrx_word' id='word_1_209' title='bbox 97 2556 128 2609; x_wconf 84' lang='grc' dir='ltr'><strong>τὰ</strong></span> <span class='ocrx_word' id='word_1_210' title='bbox 151 2557 327 2632; x_wconf 72' lang='grc' dir='ltr'><em>ὑπερέχοντα</em></span> <span class='ocrx_word' id='word_1_211' title='bbox 352 2562 445 2614; x_wconf 68' lang='lat' dir='ltr'><strong>odora</strong></span> <span class='ocrx_word' id='word_1_212' title='bbox 470 2563 611 2617; x_wconf 77' lang='grc' dir='ltr'><em>κολούειν.</em></span> <span class='ocrx_word' id='word_1_213' title='bbox 651 2563 703 2613; x_wconf 85' lang='lat' dir='ltr'><strong>Sed</strong></span> <span class='ocrx_word' id='word_1_214' title='bbox 721 2577 754 2612; x_wconf 83' lang='lat' dir='ltr'><strong>ex</strong></span> <span class='ocrx_word' id='word_1_215' title='bbox 771 2564 926 2614; x_wconf 86' lang='lat' dir='ltr'><strong>auctoritato</strong></span> <span class='ocrx_word' id='word_1_216' title='bbox 945 2565 1028 2614; x_wconf 88' lang='lat' dir='ltr'><strong>Codd.</strong></span> <span class='ocrx_word' id='word_1_217' title='bbox 1049 2565 1178 2614; x_wconf 87' lang='lat' dir='ltr'><strong>etlliero·</strong></span> 
     </span>
     <span class='ocr_line' id='line_1_26' title="bbox 98 2635 1177 2723; baseline 0.004 -39"><span class='ocrx_word' id='word_1_218' title='bbox 98 2635 229 2688; x_wconf 84' lang='lat' dir='ltr'><strong>Lucilius</strong></span> <span class='ocrx_word' id='word_1_219' title='bbox 223 2653 249 2688; x_wconf 87' lang='grc'><strong>44</strong></span> <span class='ocrx_word' id='word_1_220' title='bbox 267 2638 370 2690; x_wconf 71' lang='lat' dir='ltr'><strong>anthol.</strong></span> <span class='ocrx_word' id='word_1_221' title='bbox 389 2639 443 2690; x_wconf 89' lang='lat' dir='ltr'><strong>Pal.</strong></span> <span class='ocrx_word' id='word_1_222' title='bbox 461 2641 493 2690; x_wconf 94' lang='lat' dir='ltr'><strong>ll.</strong></span> <span class='ocrx_word' id='word_1_223' title='bbox 509 2654 536 2723; x_wconf 90' lang='lat' dir='ltr'>p</span> <span class='ocrx_word' id='word_1_224' title='bbox 550 2642 613 2691; x_wconf 75' lang='lat' dir='ltr'><strong>ata:</strong></span> <span class='ocrx_word' id='word_1_225' title='bbox 651 2639 726 2701; x_wconf 83' lang='lat' dir='ltr'><strong>nymi</strong></span> <span class='ocrx_word' id='word_1_226' title='bbox 750 2641 846 2701; x_wconf 85' lang='lat' dir='ltr'><strong>quater</strong></span> <span class='ocrx_word' id='word_1_227' title='bbox 869 2640 908 2689; x_wconf 89' lang='grc'><strong>444</strong></span> <span class='ocrx_word' id='word_1_228' title='bbox 930 2639 1065 2689; x_wconf 85' lang='grc'><strong>4444444444</strong></span> <span class='ocrx_word' id='word_1_229' title='bbox 1087 2653 1113 2688; x_wconf 90' lang='lat' dir='ltr'><strong>v.</strong></span> <span class='ocrx_word' id='word_1_230' title='bbox 1125 2639 1177 2702; x_wconf 67' lang='grc'><strong>4444</strong></span> 
     </span>
     <span class='ocr_line' id='line_1_27' title="bbox 98 2703 1177 2782; baseline 0.006 -24"><span class='ocrx_word' id='word_1_231' title='bbox 98 2703 132 2760; x_wconf 74' lang='lat' dir='ltr'><strong>ot·</strong></span> <span class='ocrx_word' id='word_1_232' title='bbox 151 2709 255 2782; x_wconf 69' lang='grc' dir='ltr'><em>θρύον,</em></span> <span class='ocrx_word' id='word_1_233' title='bbox 289 2707 324 2763; x_wconf 84' lang='grc' dir='ltr'><strong>οὐ</strong></span> <span class='ocrx_word' id='word_1_234' title='bbox 347 2709 526 2780; x_wconf 81' lang='grc' dir='ltr'><em>μαλάχην</em></span> <span class='ocrx_word' id='word_1_235' title='bbox 506 2712 614 2780; x_wconf 75' lang='grc' dir='ltr'><em>ανεμός</em></span> <span class='ocrx_word' id='word_1_236' title='bbox 650 2714 912 2776; x_wconf 70' lang='lat' dir='ltr'><strong>pararetinendum3</strong></span> <span class='ocrx_word' id='word_1_237' title='bbox 931 2727 994 2764; x_wconf 87' lang='lat' dir='ltr'><strong>nam</strong></span> <span class='ocrx_word' id='word_1_238' title='bbox 1006 2713 1177 2777; x_wconf 67' lang='lat' dir='ltr'><strong>solporidem</strong></span> 
     </span>
     <span class='ocr_line' id='line_1_28' title="bbox 98 2783 1178 2859; baseline 0.002 -25"><span class='ocrx_word' id='word_1_239' title='bbox 98 2797 171 2843; x_wconf 77' lang='lat' dir='ltr'><strong>rore</strong></span> <span class='ocrx_word' id='word_1_240' title='bbox 190 2783 481 2854; x_wconf 79' lang='grc' dir='ltr'><strong><em>τάςδὲμεγίσταςἪ</em></strong></span> <span class='ocrx_word' id='word_1_241' title='bbox 494 2784 614 2859; x_wconf 79' lang='grc' dir='ltr'><strong><em>δρύαςῆ</em></strong></span> <span class='ocrx_word' id='word_1_242' title='bbox 652 2799 733 2850; x_wconf 82' lang='lat' dir='ltr'><strong>saepe</strong></span> <span class='ocrx_word' id='word_1_243' title='bbox 755 2790 848 2837; x_wconf 83' lang='lat' dir='ltr'><strong>notare</strong></span> <span class='ocrx_word' id='word_1_244' title='bbox 870 2801 902 2838; x_wconf 89' lang='grc'><strong>44</strong></span> <span class='ocrx_word' id='word_1_245' title='bbox 918 2789 1012 2851; x_wconf 72' lang='grc'><strong>44444444</strong></span> <span class='ocrx_word' id='word_1_246' title='bbox 1029 2788 1101 2852; x_wconf 89' lang='lat' dir='ltr'><strong>apud</strong></span> <span class='ocrx_word' id='word_1_247' title='bbox 1117 2789 1178 2836; x_wconf 82' lang='lat' dir='ltr'><strong>Vir-</strong></span> 
     </span>
     <span class='ocr_line' id='line_1_29' title="bbox 98 2859 1178 2930; baseline 0.005 -23"><span class='ocrx_word' id='word_1_248' title='bbox 98 2859 251 2924; x_wconf 76' lang='grc' dir='ltr'><strong>4λατάνονς</strong></span> <span class='ocrx_word' id='word_1_249' title='bbox 275 2859 335 2912; x_wconf 76' lang='grc' dir='ltr'><strong>οἶδε</strong></span> <span class='ocrx_word' id='word_1_250' title='bbox 355 2864 448 2928; x_wconf 62' lang='lat' dir='ltr'><strong>papst</strong></span> <span class='ocrx_word' id='word_1_251' title='bbox 468 2861 611 2930; x_wconf 75' lang='grc' dir='ltr'><em>κατάγειν.</em></span> <span class='ocrx_word' id='word_1_252' title='bbox 652 2861 755 2924; x_wconf 77' lang='lat' dir='ltr'><strong>gilium,</strong></span> <span class='ocrx_word' id='word_1_253' title='bbox 774 2863 898 2922; x_wconf 83' lang='lat' dir='ltr'><strong>Plinium,</strong></span> <span class='ocrx_word' id='word_1_254' title='bbox 912 2864 1031 2912; x_wconf 87' lang='lat' dir='ltr'><strong>Taciturn</strong></span> <span class='ocrx_word' id='word_1_255' title='bbox 1043 2864 1095 2912; x_wconf 83' lang='lat' dir='ltr'><strong>cet.</strong></span> <span class='ocrx_word' id='word_1_256' title='bbox 1108 2861 1178 2912; x_wconf 88' lang='lat' dir='ltr'><strong>adeo</strong></span> 
     </span>
     <span class='ocr_line' id='line_1_30' title="bbox 98 2935 1177 3000; baseline 0.002 -16"><span class='ocrx_word' id='word_1_257' title='bbox 98 2935 163 2986; x_wconf 83' lang='lat' dir='ltr'><strong>Cani.</strong></span> <span class='ocrx_word' id='word_1_258' title='bbox 190 2936 279 2986; x_wconf 86' lang='lat' dir='ltr'><strong>Babrii</strong></span> <span class='ocrx_word' id='word_1_259' title='bbox 313 2937 364 2990; x_wconf 89' lang='lat' dir='ltr'><strong>lab.</strong></span> <span class='ocrx_word' id='word_1_260' title='bbox 395 2939 436 2988; x_wconf 83' lang='lat'><strong>36.</strong></span> <span class='ocrx_word' id='word_1_261' title='bbox 475 2941 614 2991; x_wconf 83' lang='lat' dir='ltr'><strong>Maecenas</strong></span> <span class='ocrx_word' id='word_1_262' title='bbox 652 2939 745 2987; x_wconf 88' lang='lat' dir='ltr'><strong>notum</strong></span> <span class='ocrx_word' id='word_1_263' title='bbox 762 2940 817 2996; x_wconf 83' lang='lat' dir='ltr'><strong>est,</strong></span> <span class='ocrx_word' id='word_1_264' title='bbox 836 2938 865 2986; x_wconf 88' lang='lat' dir='ltr'><strong>ut</strong></span> <span class='ocrx_word' id='word_1_265' title='bbox 876 2936 1004 3000; x_wconf 82' lang='lat' dir='ltr'><strong>exemplis</strong></span> <span class='ocrx_word' id='word_1_266' title='bbox 1021 2936 1049 2986; x_wconf 90' lang='lat' dir='ltr'><strong>id</strong></span> <span class='ocrx_word' id='word_1_267' title='bbox 1059 2936 1177 3000; x_wconf 87' lang='lat' dir='ltr'><strong>probare</strong></span> 
     </span>
     <span class='ocr_line' id='line_1_31' title="bbox 98 3009 1176 3075; baseline 0.001 -16"><span class='ocrx_word' id='word_1_268' title='bbox 98 3009 160 3072; x_wconf 85' lang='lat' dir='ltr'><strong>apud</strong></span> <span class='ocrx_word' id='word_1_269' title='bbox 170 3012 302 3060; x_wconf 85' lang='lat' dir='ltr'><strong>Senecam</strong></span> <span class='ocrx_word' id='word_1_270' title='bbox 314 3012 379 3075; x_wconf 86' lang='lat' dir='ltr'>Epp.</span> <span class='ocrx_word' id='word_1_271' title='bbox 392 3013 436 3061; x_wconf 84' lang='lat' dir='ltr'><strong>ts:</strong></span> <span class='ocrx_word' id='word_1_272' title='bbox 449 3013 562 3062; x_wconf 80' lang='lat' dir='ltr'><strong>Fortuna</strong></span> <span class='ocrx_word' id='word_1_273' title='bbox 573 3019 615 3062; x_wconf 88' lang='lat' dir='ltr'><strong>ot-</strong></span> <span class='ocrx_word' id='word_1_274' title='bbox 652 3012 761 3062; x_wconf 85' lang='lat' dir='ltr'><strong>minimo</strong></span> <span class='ocrx_word' id='word_1_275' title='bbox 787 3012 830 3061; x_wconf 88' lang='lat' dir='ltr'><strong>hic</strong></span> <span class='ocrx_word' id='word_1_276' title='bbox 852 3024 965 3060; x_wconf 88' lang='lat' dir='ltr'><strong>necesse</strong></span> <span class='ocrx_word' id='word_1_277' title='bbox 989 3011 1048 3061; x_wconf 81' lang='lat' dir='ltr'><strong>sil.»</strong></span> <span class='ocrx_word' id='word_1_278' title='bbox 1083 3013 1176 3060; x_wconf 83' lang='lat' dir='ltr'><strong>Bsnrr..</strong></span> 
     </span>
     <span class='ocr_line' id='line_1_32' title="bbox 98 3083 1178 3138; baseline 0.001 -5"><span class='ocrx_word' id='word_1_279' title='bbox 98 3087 159 3133; x_wconf 78' lang='lat' dir='ltr'><strong>torol</strong></span> <span class='ocrx_word' id='word_1_280' title='bbox 173 3099 280 3134; x_wconf 84' lang='grc'><strong>4444444444.</strong></span> <span class='ocrx_word' id='word_1_281' title='bbox 310 3087 451 3136; x_wconf 86' lang='lat' dir='ltr'><strong>Praeterea</strong></span> <span class='ocrx_word' id='word_1_282' title='bbox 473 3101 499 3136; x_wconf 90' lang='lat' dir='ltr'><strong>v.</strong></span> <span class='ocrx_word' id='word_1_283' title='bbox 517 3089 615 3138; x_wconf 82' lang='grc'><strong>44444444</strong></span> <span class='ocrx_word' id='word_1_284' title='bbox 651 3085 769 3134; x_wconf 67' lang='grc'><strong>4444444444</strong></span> <span class='ocrx_word' id='word_1_285' title='bbox 793 3083 911 3134; x_wconf 79' lang='lat' dir='ltr'><strong>defendit</strong></span> <span class='ocrx_word' id='word_1_286' title='bbox 934 3085 984 3133; x_wconf 81' lang='lat' dir='ltr'><strong>Fea</strong></span> <span class='ocrx_word' id='word_1_287' title='bbox 1007 3084 1035 3132; x_wconf 93' lang='lat' dir='ltr'><strong>in</strong></span> <span class='ocrx_word' id='word_1_288' title='bbox 1052 3083 1178 3134; x_wconf 80' lang='lat' dir='ltr'><strong>auxilium</strong></span> 
     </span>
     <span class='ocr_line' id='line_1_33' title="bbox 98 3156 1178 3225; baseline 0.001 -19"><span class='ocrx_word' id='word_1_289' title='bbox 98 3156 160 3207; x_wconf 87' lang='lat' dir='ltr'><strong>hand</strong></span> <span class='ocrx_word' id='word_1_290' title='bbox 174 3158 288 3208; x_wconf 89' lang='lat' dir='ltr'><strong>multum</strong></span> <span class='ocrx_word' id='word_1_291' title='bbox 306 3159 425 3209; x_wconf 75' lang='lat' dir='ltr'><strong>differret</strong></span> <span class='ocrx_word' id='word_1_292' title='bbox 436 3173 461 3209; x_wconf 91' lang='lat' dir='ltr'><strong>a.</strong></span> <span class='ocrx_word' id='word_1_293' title='bbox 472 3174 514 3210; x_wconf 85' lang='lat' dir='ltr'><strong>vv.</strong></span> <span class='ocrx_word' id='word_1_294' title='bbox 524 3164 615 3225; x_wconf 76' lang='lat' dir='ltr'><strong>prcol-</strong></span> <span class='ocrx_word' id='word_1_295' title='bbox 651 3161 746 3209; x_wconf 87' lang='lat' dir='ltr'><strong>vocata</strong></span> <span class='ocrx_word' id='word_1_296' title='bbox 769 3159 888 3207; x_wconf 87' lang='lat' dir='ltr'><strong>Senecae</strong></span> <span class='ocrx_word' id='word_1_297' title='bbox 910 3160 1003 3220; x_wconf 72' lang='lat' dir='ltr'><strong>agam.</strong></span> <span class='ocrx_word' id='word_1_298' title='bbox 1027 3158 1067 3207; x_wconf 89' lang='grc'><strong>93.</strong></span> <span class='ocrx_word' id='word_1_299' title='bbox 1087 3156 1178 3207; x_wconf 86' lang='lat' dir='ltr'><strong>decla-</strong></span> 
     </span>
     <span class='ocr_line' id='line_1_34' title="bbox 98 3230 1178 3299; baseline 0.004 -21"><span class='ocrx_word' id='word_1_300' title='bbox 98 3245 134 3280; x_wconf 81' lang='lat' dir='ltr'><strong>ure</strong></span> <span class='ocrx_word' id='word_1_301' title='bbox 148 3247 222 3294; x_wconf 77' lang='lat' dir='ltr'><strong>coau3</strong></span> <span class='ocrx_word' id='word_1_302' title='bbox 243 3234 281 3283; x_wconf 89' lang='lat' dir='ltr'><strong>sic</strong></span> <span class='ocrx_word' id='word_1_303' title='bbox 298 3247 363 3283; x_wconf 87' lang='lat' dir='ltr'><strong>vero</strong></span> <span class='ocrx_word' id='word_1_304' title='bbox 375 3234 441 3284; x_wconf 88' lang='lat' dir='ltr'><strong>duas</strong></span> <span class='ocrx_word' id='word_1_305' title='bbox 452 3237 615 3299; x_wconf 85' lang='lat' dir='ltr'><strong>percipimus</strong></span> <span class='ocrx_word' id='word_1_306' title='bbox 653 3233 766 3284; x_wconf 86' lang='lat' dir='ltr'><strong>matoria</strong></span> <span class='ocrx_word' id='word_1_307' title='bbox 782 3230 999 3295; x_wconf 79' lang='lat' dir='ltr'><strong>amplificatione:</strong></span> <span class='ocrx_word' id='word_1_308' title='bbox 1019 3233 1110 3282; x_wconf 81' lang='grc'><strong>84444444</strong></span> <span class='ocrx_word' id='word_1_309' title='bbox 1124 3235 1178 3294; x_wconf 74' lang='lat' dir='ltr'><strong>ipso</strong></span> 
     </span>
     <span class='ocr_line' id='line_1_35' title="bbox 99 3305 1179 3374; baseline 0.002 -22"><span class='ocrx_word' id='word_1_310' title='bbox 99 3307 210 3357; x_wconf 89' lang='lat' dir='ltr'><strong>notiones</strong></span> <span class='ocrx_word' id='word_1_311' title='bbox 234 3307 384 3358; x_wconf 86' lang='lat' dir='ltr'><strong>distinctas:</strong></span> <span class='ocrx_word' id='word_1_312' title='bbox 416 3309 468 3358; x_wconf 79' lang='grc'><strong>4444</strong></span> <span class='ocrx_word' id='word_1_313' title='bbox 490 3309 616 3374; x_wconf 82' lang='lat' dir='ltr'><strong>trequen—</strong></span> <span class='ocrx_word' id='word_1_314' title='bbox 649 3305 1179 3370; x_wconf 76' lang='lat' dir='ltr'><strong>ponderomopnoCoditqooonoriFot-tooo</strong></span> 
     </span>
     <span class='ocr_line' id='line_1_36' title="bbox 99 3379 1179 3446; baseline 0.003 -20"><span class='ocrx_word' id='word_1_315' title='bbox 99 3379 141 3430; x_wconf 83' lang='lat' dir='ltr'><strong>tius</strong></span> <span class='ocrx_word' id='word_1_316' title='bbox 162 3384 188 3430; x_wconf 89' lang='lat' dir='ltr'><strong>et</strong></span> <span class='ocrx_word' id='word_1_317' title='bbox 208 3381 384 3446; x_wconf 80' lang='lat' dir='ltr'><strong>periculosius</strong></span> <span class='ocrx_word' id='word_1_318' title='bbox 405 3384 562 3446; x_wconf 86' lang='lat' dir='ltr'><strong>praecipitat</strong></span> <span class='ocrx_word' id='word_1_319' title='bbox 589 3385 615 3434; x_wconf 94' lang='lat' dir='ltr'><strong>in</strong></span> <span class='ocrx_word' id='word_1_320' title='bbox 652 3395 711 3440; x_wconf 83' lang='grc'><strong>4444,·</strong></span> <span class='ocrx_word' id='word_1_321' title='bbox 732 3382 791 3431; x_wconf 86' lang='lat' dir='ltr'><strong>Volo</strong></span> <span class='ocrx_word' id='word_1_322' title='bbox 806 3379 919 3430; x_wconf 76' lang='grc'><strong>4444444444</strong></span> <span class='ocrx_word' id='word_1_323' title='bbox 933 3380 1105 3443; x_wconf 72' lang='grc' dir='ltr'><strong>444444444Ν4444</strong></span> <span class='ocrx_word' id='word_1_324' title='bbox 1118 3381 1179 3429; x_wconf 81' lang='lat' dir='ltr'><strong>Voo-</strong></span> 
     </span>
     <span class='ocr_line' id='line_1_37' title="bbox 98 3453 1178 3508; baseline 0.004 -10"><span class='ocrx_word' id='word_1_325' title='bbox 98 3453 229 3506; x_wconf 84' lang='lat' dir='ltr'><strong>adversam</strong></span> <span class='ocrx_word' id='word_1_326' title='bbox 240 3455 372 3506; x_wconf 74' lang='lat' dir='ltr'><strong>fortunam</strong></span> <span class='ocrx_word' id='word_1_327' title='bbox 380 3456 461 3506; x_wconf 88' lang='lat' dir='ltr'><strong>homo</strong></span> <span class='ocrx_word' id='word_1_328' title='bbox 469 3457 614 3508; x_wconf 81' lang='lat' dir='ltr'><strong>excelsiore</strong></span> <span class='ocrx_word' id='word_1_329' title='bbox 653 3463 690 3506; x_wconf 87' lang='grc'><strong>444</strong></span> <span class='ocrx_word' id='word_1_330' title='bbox 710 3456 816 3506; x_wconf 84' lang='grc'><strong>4444444444</strong></span> <span class='ocrx_word' id='word_1_331' title='bbox 840 3457 945 3504; x_wconf 81' lang='grc'><strong>4444444444</strong></span> <span class='ocrx_word' id='word_1_332' title='bbox 964 3467 1030 3503; x_wconf 78' lang='lat' dir='ltr'><strong>auos.</strong></span> <span class='ocrx_word' id='word_1_333' title='bbox 1065 3453 1178 3503; x_wconf 81' lang='grc' dir='ltr'><strong>Ν44644444</strong></span> 
     </span>
     <span class='ocr_line' id='line_1_38' title="bbox 98 3525 1179 3594; baseline 0.003 -20"><span class='ocrx_word' id='word_1_334' title='bbox 98 3525 149 3578; x_wconf 90' lang='lat' dir='ltr'><strong>loco</strong></span> <span class='ocrx_word' id='word_1_335' title='bbox 183 3533 342 3582; x_wconf 90' lang='lat' dir='ltr'><strong>constitutus</strong></span> <span class='ocrx_word' id='word_1_336' title='bbox 371 3544 452 3594; x_wconf 90' lang='lat' dir='ltr'><strong>quam</strong></span> <span class='ocrx_word' id='word_1_337' title='bbox 482 3531 614 3582; x_wconf 70' lang='lat' dir='ltr'><strong>humilis.»</strong></span> <span class='ocrx_word' id='word_1_338' title='bbox 652 3533 712 3593; x_wconf 82' lang='lat' dir='ltr'><strong>ipsis</strong></span> <span class='ocrx_word' id='word_1_339' title='bbox 728 3532 824 3580; x_wconf 84' lang='grc'><strong>44444444</strong></span> <span class='ocrx_word' id='word_1_340' title='bbox 839 3533 916 3590; x_wconf 73' lang='lat' dir='ltr'><strong>caput</strong></span> <span class='ocrx_word' id='word_1_341' title='bbox 934 3529 1020 3578; x_wconf 77' lang='grc'><strong>4444444</strong></span> <span class='ocrx_word' id='word_1_342' title='bbox 1031 3529 1179 3591; x_wconf 77' lang='lat' dir='ltr'><strong>pluvioso-</strong></span> 
     </span>
     <span class='ocr_line' id='line_1_39' title="bbox 99 3601 1180 3670; baseline 0.001 -18"><span class='ocrx_word' id='word_1_343' title='bbox 99 3601 149 3662; x_wconf 67' lang='lat' dir='ltr'><strong>{Qui</strong></span> <span class='ocrx_word' id='word_1_344' title='bbox 164 3606 263 3654; x_wconf 83' lang='grc'><strong>44444444</strong></span> <span class='ocrx_word' id='word_1_345' title='bbox 285 3605 453 3669; x_wconf 86' lang='lat' dir='ltr'><strong>praeierunt,</strong></span> <span class='ocrx_word' id='word_1_346' title='bbox 481 3605 616 3670; x_wconf 85' lang='lat' dir='ltr'><strong>appellare</strong></span> <span class='ocrx_word' id='word_1_347' title='bbox 651 3605 838 3668; x_wconf 59' lang='lat' dir='ltr'><strong>potatam</strong></span> <span class='ocrx_word' id='word_1_348' title='bbox 855 3605 1000 3666; x_wconf 72' lang='grc'><strong>4444444444</strong></span> <span class='ocrx_word' id='word_1_349' title='bbox 1010 3617 1180 3665; x_wconf 55' lang='lat' dir='ltr'><strong>trotrirsaaputs</strong></span> 
     </span>
     <span class='ocr_line' id='line_1_40' title="bbox 99 3678 1180 3744; baseline -0.002 -16"><span class='ocrx_word' id='word_1_350' title='bbox 99 3684 200 3737; x_wconf 79' lang='lat' dir='ltr'><strong>possum</strong></span> <span class='ocrx_word' id='word_1_351' title='bbox 209 3681 291 3730; x_wconf 89' lang='lat' dir='ltr'><strong>etiam</strong></span> <span class='ocrx_word' id='word_1_352' title='bbox 301 3681 387 3731; x_wconf 81' lang='lat' dir='ltr'><strong>Front.</strong></span> <span class='ocrx_word' id='word_1_353' title='bbox 397 3681 482 3730; x_wconf 82' lang='lat' dir='ltr'><strong>Prine.</strong></span> <span class='ocrx_word' id='word_1_354' title='bbox 495 3681 558 3732; x_wconf 88' lang='lat' dir='ltr'><strong>llist.</strong></span> <span class='ocrx_word' id='word_1_355' title='bbox 567 3682 614 3731; x_wconf 88' lang='lat' dir='ltr'><strong>Ed.</strong></span> <span class='ocrx_word' id='word_1_356' title='bbox 654 3693 714 3744; x_wconf 70' lang='grc'><strong>9444</strong></span> <span class='ocrx_word' id='word_1_357' title='bbox 740 3678 844 3729; x_wconf 71' lang='lat' dir='ltr'><strong>morsa</strong></span> <span class='ocrx_word' id='word_1_358' title='bbox 867 3679 969 3728; x_wconf 79' lang='lat' dir='ltr'><strong>Aoooso</strong></span> <span class='ocrx_word' id='word_1_359' title='bbox 994 3680 1060 3728; x_wconf 81' lang='lat' dir='ltr'><strong>otdat</strong></span> <span class='ocrx_word' id='word_1_360' title='bbox 1086 3678 1180 3728; x_wconf 78' lang='lat' dir='ltr'><strong>roboro</strong></span> 
     </span>
     <span class='ocr_line' id='line_1_41' title="bbox 98 3751 1179 3818; baseline 0 -19"><span class='ocrx_word' id='word_1_361' title='bbox 98 3751 141 3800; x_wconf 86' lang='lat' dir='ltr'><strong>llai</strong></span> <span class='ocrx_word' id='word_1_362' title='bbox 150 3753 221 3804; x_wconf 87' lang='grc'><strong>4846,</strong></span> <span class='ocrx_word' id='word_1_363' title='bbox 231 3767 258 3818; x_wconf 95' lang='lat' dir='ltr'><strong>p.</strong></span> <span class='ocrx_word' id='word_1_364' title='bbox 272 3754 334 3804; x_wconf 74' lang='lat'>230:</span> <span class='ocrx_word' id='word_1_365' title='bbox 346 3756 458 3818; x_wconf 77' lang='lat' dir='ltr'><strong>Profecto</strong></span> <span class='ocrx_word' id='word_1_366' title='bbox 470 3755 533 3805; x_wconf 83' lang='grc'><strong>444444</strong></span> <span class='ocrx_word' id='word_1_367' title='bbox 545 3755 618 3805; x_wconf 85' lang='lat' dir='ltr'><strong>orbo·</strong></span> <span class='ocrx_word' id='word_1_368' title='bbox 657 3755 753 3818; x_wconf 63' lang='lat' dir='ltr'><strong>frangi.</strong></span> <span class='ocrx_word' id='word_1_369' title='bbox 771 3754 875 3803; x_wconf 69' lang='grc'><strong>44444444</strong></span> <span class='ocrx_word' id='word_1_370' title='bbox 891 3753 966 3804; x_wconf 72' lang='lat' dir='ltr'><strong>cenos</strong></span> <span class='ocrx_word' id='word_1_371' title='bbox 980 3753 1088 3816; x_wconf 72' lang='grc'><strong>4444444444</strong></span> <span class='ocrx_word' id='word_1_372' title='bbox 1098 3753 1179 3811; x_wconf 80' lang='lat' dir='ltr'><strong>colles,</strong></span> 
     </span>
     <span class='ocr_line' id='line_1_42' title="bbox 98 3829 706 3880; baseline 0.002 -5"><span class='ocrx_word' id='word_1_373' title='bbox 98 3829 519 3878; x_wconf 72' lang='grc'><strong>4444444444444444444444444444</strong></span> <span class='ocrx_word' id='word_1_374' title='bbox 539 3833 619 3880; x_wconf 84' lang='grc'><strong>4444444</strong></span> <span class='ocrx_word' id='word_1_375' title='bbox 655 3829 706 3878; x_wconf 89' lang='grc'><strong>444.</strong></span> 
     </span>
    </p>
   </div>
   <div class='ocr_carea' id='block_1_6' title="bbox 17 3897 1181 3964">
    <p class='ocr_par' dir='ltr' id='par_1_8' title="bbox 17 3897 1181 3964">
     <span class='ocr_line' id='line_1_43' title="bbox 17 3897 1181 3964; baseline -0.012 -5"><span class='ocrx_word' id='word_1_376' title='bbox 17 3897 18 3900; x_wconf 76' lang='grc'>’</span> <span class='ocrx_word' id='word_1_377' title='bbox 98 3903 162 3958; x_wconf 73' lang='lat' dir='ltr'><strong>nott</strong></span> <span class='ocrx_word' id='word_1_378' title='bbox 176 3903 301 3964; x_wconf 67' lang='grc'><strong>44444444,</strong></span> <span class='ocrx_word' id='word_1_379' title='bbox 319 3903 357 3951; x_wconf 80' lang='lat' dir='ltr'><strong>tta</strong></span> <span class='ocrx_word' id='word_1_380' title='bbox 373 3904 477 3952; x_wconf 72' lang='lat' dir='ltr'><strong>virtues</strong></span> <span class='ocrx_word' id='word_1_381' title='bbox 490 3907 618 3954; x_wconf 72' lang='grc'><strong>44444444</strong></span> <span class='ocrx_word' id='word_1_382' title='bbox 689 3901 728 3952; x_wconf 82' lang='grc'><strong>44.</strong></span> <span class='ocrx_word' id='word_1_383' title='bbox 749 3901 788 3952; x_wconf 83' lang='grc'><strong>44.</strong></span> <span class='ocrx_word' id='word_1_384' title='bbox 807 3902 908 3964; x_wconf 64' lang='lat' dir='ltr'><strong>casata]</strong></span> <span class='ocrx_word' id='word_1_385' title='bbox 927 3900 1011 3951; x_wconf 82' lang='lat' dir='ltr'><strong>cono.</strong></span> <span class='ocrx_word' id='word_1_386' title='bbox 1030 3898 1130 3960; x_wconf 75' lang='lat' dir='ltr'><strong>aliquo</strong></span> <span class='ocrx_word' id='word_1_387' title='bbox 1143 3898 1181 3946; x_wconf 63' lang='grc'><strong>44</strong></span> 
     </span>
    </p>
   </div>
   <div class='ocr_carea' id='block_1_7' title="bbox 17 3972 1181 4262">
    <p class='ocr_par' dir='ltr' id='par_1_9' title="bbox 17 3972 1181 4262">
     <span class='ocr_line' id='line_1_44' title="bbox 17 3972 1180 4046; baseline -0.003 -23"><span class='ocrx_word' id='word_1_388' title='bbox 17 4033 18 4046; x_wconf 20' lang='lat'>¹</span> <span class='ocrx_word' id='word_1_389' title='bbox 98 3974 185 4025; x_wconf 78' lang='grc'><strong>44444444</strong></span> <span class='ocrx_word' id='word_1_390' title='bbox 201 3979 360 4027; x_wconf 78' lang='grc'><strong>4444444444444</strong></span> <span class='ocrx_word' id='word_1_391' title='bbox 376 3979 495 4041; x_wconf 83' lang='grc'><strong>44444444.)</strong></span> <span class='ocrx_word' id='word_1_392' title='bbox 656 3977 756 4038; x_wconf 88' lang='lat' dir='ltr'><strong>quinati</strong></span> <span class='ocrx_word' id='word_1_393' title='bbox 773 3979 836 4026; x_wconf 89' lang='lat' dir='ltr'><strong>sunt</strong></span> <span class='ocrx_word' id='word_1_394' title='bbox 852 3975 931 4038; x_wconf 82' lang='lat' dir='ltr'><strong>gloss.</strong></span> <span class='ocrx_word' id='word_1_395' title='bbox 950 3974 1069 4023; x_wconf 72' lang='grc'><strong>4444444444.</strong></span> <span class='ocrx_word' id='word_1_396' title='bbox 1089 3972 1180 4020; x_wconf 87' lang='lat' dir='ltr'><strong>-Co-</strong></span> 
     </span>
     <span class='ocr_line' id='line_1_45' title="bbox 17 4046 1179 4116; baseline -0.004 -17"><span class='ocrx_word' id='word_1_397' title='bbox 17 4049 19 4068; x_wconf 82' lang='lat'><em>&#39;</em></span> <span class='ocrx_word' id='word_1_398' title='bbox 126 4050 618 4116; x_wconf 63' lang='lat' dir='ltr'><strong>til-twinus]hicquoquepuloher-</strong></span> <span class='ocrx_word' id='word_1_399' title='bbox 655 4051 744 4099; x_wconf 84' lang='lat' dir='ltr'><strong>terum</strong></span> <span class='ocrx_word' id='word_1_400' title='bbox 772 4064 815 4098; x_wconf 86' lang='lat' dir='ltr'><strong>vv.</strong></span> <span class='ocrx_word' id='word_1_401' title='bbox 836 4049 930 4113; x_wconf 75' lang='grc'><strong>44444444</strong></span> <span class='ocrx_word' id='word_1_402' title='bbox 954 4075 969 4084; x_wconf 98' lang='grc'>-</span> <span class='ocrx_word' id='word_1_403' title='bbox 990 4046 1102 4096; x_wconf 77' lang='grc'><strong>4444444444</strong></span> <span class='ocrx_word' id='word_1_404' title='bbox 1129 4046 1179 4095; x_wconf 88' lang='grc' dir='ltr'><strong>Ρ4-</strong></span> 
     </span>
     <span class='ocr_line' id='line_1_46' title="bbox 97 4117 1177 4190; baseline -0.002 -18"><span class='ocrx_word' id='word_1_405' title='bbox 97 4123 159 4172; x_wconf 86' lang='lat' dir='ltr'><strong>rima</strong></span> <span class='ocrx_word' id='word_1_406' title='bbox 175 4123 218 4174; x_wconf 88' lang='grc'><strong>4414</strong></span> <span class='ocrx_word' id='word_1_407' title='bbox 229 4125 319 4175; x_wconf 88' lang='lat' dir='ltr'><strong>italica</strong></span> <span class='ocrx_word' id='word_1_408' title='bbox 331 4117 521 4190; x_wconf 82' lang='grc' dir='ltr'><em>ἀμφιλαφής,</em></span> <span class='ocrx_word' id='word_1_409' title='bbox 538 4127 615 4176; x_wconf 80' lang='lat' dir='ltr'><strong>Pinio.</strong></span> <span class='ocrx_word' id='word_1_410' title='bbox 656 4127 729 4174; x_wconf 86' lang='lat' dir='ltr'><strong>trenz</strong></span> <span class='ocrx_word' id='word_1_411' title='bbox 755 4123 840 4187; x_wconf 77' lang='lat' dir='ltr'><strong>(obss.</strong></span> <span class='ocrx_word' id='word_1_412' title='bbox 866 4125 893 4172; x_wconf 90' lang='lat' dir='ltr'><strong>in</strong></span> <span class='ocrx_word' id='word_1_413' title='bbox 916 4123 978 4171; x_wconf 91' lang='lat' dir='ltr'><strong>llor.</strong></span> <span class='ocrx_word' id='word_1_414' title='bbox 1002 4123 1091 4171; x_wconf 81' lang='lat' dir='ltr'><strong>carm.</strong></span> <span class='ocrx_word' id='word_1_415' title='bbox 1115 4119 1177 4184; x_wconf 83' lang='lat' dir='ltr'><strong>aliq.</strong></span> 
     </span>
     <span class='ocr_line' id='line_1_47' title="bbox 98 4195 1181 4262; baseline -0.002 -16"><span class='ocrx_word' id='word_1_416' title='bbox 98 4222 122 4230; x_wconf 91' lang='lat'>-</span> <span class='ocrx_word' id='word_1_417' title='bbox 135 4197 334 4262; x_wconf 83' lang='lat' dir='ltr'><strong>lleliorduplex</strong></span> <span class='ocrx_word' id='word_1_418' title='bbox 353 4199 473 4249; x_wconf 88' lang='lat' dir='ltr'><strong>iunctura</strong></span> <span class='ocrx_word' id='word_1_419' title='bbox 492 4205 515 4248; x_wconf 87' lang='grc'><strong>44</strong></span> <span class='ocrx_word' id='word_1_420' title='bbox 533 4200 618 4260; x_wconf 86' lang='lat' dir='ltr'><strong>(item-</strong></span> <span class='ocrx_word' id='word_1_421' title='bbox 655 4197 706 4248; x_wconf 85' lang='lat' dir='ltr'><strong>loe.</strong></span> <span class='ocrx_word' id='word_1_422' title='bbox 725 4198 822 4248; x_wconf 86' lang='lat' dir='ltr'><strong>Gumb.</strong></span> <span class='ocrx_word' id='word_1_423' title='bbox 842 4197 924 4258; x_wconf 86' lang='grc'><strong>4846.)</strong></span> <span class='ocrx_word' id='word_1_424' title='bbox 948 4209 998 4259; x_wconf 87' lang='lat' dir='ltr'><strong>pro</strong></span> <span class='ocrx_word' id='word_1_425' title='bbox 1020 4195 1115 4246; x_wconf 89' lang='lat' dir='ltr'><strong>dativis</strong></span> <span class='ocrx_word' id='word_1_426' title='bbox 1130 4195 1181 4245; x_wconf 88' lang='lat' dir='ltr'><strong>ha·</strong></span> 
     </span>
    </p>
   </div>
   <div class='ocr_carea' id='block_1_8' title="bbox 0 0 1473 4884">
    <p class='ocr_par' dir='ltr' id='par_1_10' title="bbox 0 0 1473 4884">
     <span class='ocr_line' id='line_1_48' title="bbox 0 0 1473 4884; baseline 0 0"><span class='ocrx_word' id='word_1_427' title='bbox 0 0 1473 4884; x_wconf 95' lang='lat' dir='ltr'><strong> </strong></span> 
     </span>
    </p>
   </div>
  </div>
 </body>
</html>
