2934 4884
500 363 559 412 tte.
579 362 609 412 li.
647 365 674 412 Cr
695 363 759 414 xvi·

273 515 417 602 Mugiunt
438 535 573 592 vaceae,
600 515 655 582 tibi
680 515 761 582 tollit
782 517 938 584 hinnitum

270 637 352 723 Apta
373 635 542 723 quadrigis
564 657 666 724 equa,
692 647 723 704 to
746 636 797 704 bis
818 639 894 706 diro

356 759 477 825 Murice
500 757 616 824 linetae

271 914 414 980 vestiunt
436 914 547 981 lanae:
572 912 648 980 mihi
672 935 773 1002 parva
795 937 871 981 rura
898 928 931 982 et
1000 885 1006 900 ἱ

273 1035 426 1122 Spiritum
449 1035 565 1102 Graiae
588 1046 719 1101 tenuem
744 1038 906 1103 Camenae

209 1195 219 1206 -
270 1157 371 1221 Parca
394 1177 458 1220 nou
481 1155 620 1222 mendax
642 1156 733 1223 dedit
756 1168 789 1223 et
810 1157 985 1245 malignum

361 1277 524 1364 Speruere
547 1277 670 1365 volgus.

166 1456 206 1508 66.
225 1455 267 1506 36.
286 1455 373 1516 muniti
387 1456 448 1506 tana
464 1461 526 1518 apta
542 1457 570 1506 T.
593 1483 620 1494 -
640 1455 690 1520 (to.
710 1456 799 1508 Habet
813 1457 902 1521 oolam
918 1459 953 1520 c.)

100 1613 231 1678 limiam]
260 1614 327 1662 Nola
356 1611 492 1663 elisionem
517 1615 544 1662 iu
572 1613 625 1662 flue
661 1607 755 1684 ὁρμῆς
772 1627 803 1663 aa
819 1618 880 1676 τοῖς
897 1621 1054 1678 σοφισταῖς
1066 1607 1187 1687 ἦρξε--

102 1701 125 1736 v.
143 1688 232 1736 hinnit
249 1687 325 1748 Apta.
661 1689 711 1738 καὶ
739 1685 911 1753 πνεύματος.
945 1718 972 1727 -
998 1693 1104 1756 usuam]
1131 1695 1188 1742 Non

132 1762 172 1812 35.
190 1761 266 1824 Apta]
280 1774 332 1811 uon
345 1761 474 1821 «iuncta»,
493 1760 542 1811 sed
555 1762 627 1812 «ido-
661 1763 791 1825 siguificat
807 1763 979 1827 «particulam
996 1765 1114 1829 aliquam
1132 1767 1188 1816 eri-

100 1849 175 1886 nean.
197 1863 226 1872 -
245 1834 319 1898 equa]
339 1833 464 1898 Equabus
481 1834 623 1898 inprimis,
661 1849 741 1898 guam
758 1838 878 1900 spiritus,
898 1839 1000 1888 vividae
1019 1839 1086 1890 illius
1104 1839 1188 1890 lacui-

100 1923 151 1959 non
170 1911 262 1971 equis,
290 1907 435 1957 utebantur
455 1909 482 1958 iu
500 1911 626 1959 certami-
661 1912 721 1960 letis
747 1913 902 1974 poeticae»,
929 1917 959 1962 ut
983 1916 1077 1966 Ianum
1103 1915 1189 1964 secuti

100 1983 185 2032 uibus.
215 1983 287 2045 virg.
311 1985 357 2030 Ge.
380 1982 406 2043 i,
431 1982 475 2031 tte:
506 1983 626 2032 Eliadum
662 1982 754 2034 falsam
772 1986 933 2036 modestiam
951 1987 1190 2037 Horatiotrihuen-

95 2059 197 2120 paenas
213 2057 306 2118 Epiros
322 2069 455 2117 equanam.
660 2062 702 2108 tes
714 2060 832 2119 Escheu,
846 2060 947 2119 Preiss,
967 2061 1094 2123 Schmidt,
1108 2063 1187 2122 Voss‚=

129 2131 172 2182 36.
190 2129 297 2194 Mariae]
321 2130 404 2193 Epod.
424 2132 469 2192 ta,
493 2131 538 2179 nt:
566 2133 625 2180 ua-
660 2133 771 2192 Btuder‚
790 2134 887 2182 Garve:
912 2135 960 2182 ein
981 2136 1189 2198 wentaGeist

97 2207 192 2256 ἠοίὸιιι
210 2206 292 2266 Tyriis
307 2205 416 2253 iteratae
430 2205 524 2255 vellera
540 2205 623 2256 laetae.
659 2204 701 2253 vei
714 2205 1026 2266 ainPrdlteinGetat;
1045 2208 1094 2257 sed
1107 2209 1187 2258 «sub-

96 2283 163 2344 Epp.
183 2281 212 2340 2,
232 2281 261 2340 6,
282 2278 343 2327 tet:
361 2283 438 2327 aesna
454 2279 624 2328 Gaetntomu-
661 2277 733 2329 tilam
761 2281 842 2342 atque
876 2281 1056 2342 ingeniosum,
1091 2283 1184 2344 feta,

96 2357 148 2404 riae
166 2355 268 2412 tinctae,
290 2349 415 2412 diducam
442 2365 560 2416 purpura
584 2354 625 2403 ui·
659 2359 744 2412 cartu
763 2357 793 2403 ut
809 2356 839 2403 h.
859 2356 887 2404 Ρ.
906 2354 953 2405 to:
970 2356 1001 2404 In
1015 2355 1097 2405 corae
1112 2357 1188 2407 etiarn

96 2429 226 2491 gricante.
262 2427 353 2477 Murex
371 2439 385 2474 e
400 2429 626 2489 geueretestace-
660 2428 740 2476 tenale
763 2433 900 2490 comaeque
921 2431 1039 2480 serenata
1075 2431 1129 2481 Cic.
1152 2431 1188 2480 do

96 2515 189 2561 orum,
208 2501 254 2564 qui
273 2499 306 2548 ad
325 2500 483 2562 Phoenices,
511 2501 623 2559 Africae,
661 2501 804 2561 onata:
823 2503 1039 2565 orationalem
1050 2505 1184 2565 quaedam

96 2577 246 2627 Laconicae
280 2573 355 2623 litora
383 2575 417 2624 ab
446 2575 625 2625 urinatorihus
659 2575 701 2622 sed
717 2579 801 2624 tomen
817 2580 881 2625 terea
900 2581 924 2626 et
940 2578 1033 2639 ισσσὶι,
1060 2591 1112 2627 non
1132 2579 1186 2628 nne

96 2651 299 2702 extrahebatur.
340 2650 393 2698 Suo
417 2662 492 2699 more
517 2651 568 2698 hoc
590 2651 625 2698 ita
659 2649 744 2697 nemis
758 2661 790 2697 ae
805 2649 908 2698 etnam.
942 2651 1128 2703 idemadhtt.
1144 2654 1185 2712 ⁴2,

95 2723 271 2789 amplificavit
279 2724 399 2773 Lucanus
409 2723 449 2784 40,
461 2723 522 2772 lid:
537 2725 626 2772 Strata
661 2723 688 2770 6:
708 2727 805 2773 unaem
820 2724 946 2795 θεωρίαν
958 2739 1021 2777 mox
1036 2730 1115 2776 vocat
1124 2740 1188 2776 aaa·

95 2802 206 2856 micant;
228 2797 300 2858 mm
317 2811 424 2858 qaorum
434 2799 626 2859 parsmaeima
660 2801 712 2844 tom
723 2801 747 2845 et
756 2811 869 2860 aranon.
888 2799 1014 2850 Martialis
1026 2800 1054 2861 6,
1074 2799 1121 2860 di,
1142 2801 1185 2849 ll:

93 2877 155 2936 fuco
173 2874 249 2922 Cocta
266 2873 318 2932 dia,
336 2873 406 2921 virro
422 2886 473 2920 nort
489 2885 540 2921 nno
552 2873 625 2921 duxlt
660 2876 744 2920 maes
768 2873 889 2933 Atium,
917 2873 1048 2936 similique
1073 2874 1187 2936 imagine

95 2953 173 2999 atho.
209 2946 275 2997 Vide
294 2947 449 2996 Excursum.
661 2942 726 2993 Piin.
745 2947 812 3010 Epp.
832 2948 861 3008 2,
880 2947 908 2996 3:
930 2948 1059 3010 praefatio
1075 2948 1185 3012 praeitis.

129 3024 173 3073 37.
188 3035 275 3084 parea
290 3020 368 3083 rura]
393 3018 527 3082 «agellum
548 3019 625 3069 Sahl-
660 3022 790 3081 panegyr.
809 3021 837 3070 iu
854 3021 942 3071 Pisou.
960 3022 1024 3071 230:
1042 3023 1189 3085 promtis·-

95 3111 194 3148 ηοω.»
238 3092 412 3156 Bacchylides
446 3095 548 3155 Fragm.
582 3094 623 3142 28.
659 3093 758 3141 Horati.
778 3093 859 3142 Aliter
877 3095 957 3144 ettam
974 3095 1119 3145 Barteras:
1139 3100 1190 3144 «te-

95 3171 198 3233 Bergk:
218 3161 258 3218 oe
275 3163 356 3227 βοῶν
373 3164 492 3235 πάρεστι
506 3163 624 3230 σώματ’,
660 3179 748 3226 naam,
762 3167 823 3229 quia
836 3181 879 3216 res
892 3168 1069 3229 grandaeuou
1078 3169 1187 3230 attigit.»

95 3239 168 3296 οὔτε
183 3239 303 3313 χρυσός,
322 3235 389 3291 οὔτε
406 3235 566 3312 πορφύρεοι
578 3238 627 3292 τά·
661 3240 713 3289 Sed
731 3253 794 3289 cum
810 3240 845 3290 de
862 3244 917 3290 tota
933 3243 1096 3291 Graecomm
1112 3243 1188 3305 poesi

95 3333 201 3385 πητες,
232 3311 305 3366 ἀλλὰ
333 3312 428 3380 θυμὸς
457 3309 579 3380 εὐμενὴς
610 3314 623 3368 ll
661 3315 744 3376 lyrica
762 3313 893 3377 loquatur,
913 3315 1070 3364 tenuitatem
1087 3315 1190 3365 hacsi-

95 3389 205 3445 noent
223 3406 253 3442 τε
269 3389 387 3456 γλυκεῖα
408 3390 457 3440 καὶ
474 3389 625 3442 Βοιωτίοι-
661 3389 828 3450 gnificatioue
840 3390 865 3437 ei
877 3387 994 3437 tribuere
1006 3390 1186 3451 nonpoteral.

95 3485 147 3520 σιν
164 3467 195 3516 ἐν
215 3465 373 3526 σκύφοισιν
392 3459 471 3526 οἶνος
488 3457 565 3529 ἡδύς.
693 3463 735 3512 39.
757 3477 809 3512 non
828 3463 946 3526 mendae]
965 3462 1057 3511 «cuius
1077 3461 1185 3510 decreta

130 3543 173 3592 38.
186 3540 318 3603 Sannum]
331 3533 558 3602 ἐνθουσιασμόν.
570 3540 623 3590 Cir.
661 3537 687 3585 in
705 3538 836 3600 cuiusque
854 3537 969 3586 hominis
993 3536 1052 3585 ortu
1068 3547 1189 3599 pronun-

95 3617 148 3668 Od.
167 3615 195 3676 i,
216 3615 244 3676 6,
264 3615 305 3663 69.
335 3614 396 3663 Siue
414 3613 538 3663 Camenae
557 3613 625 3662 ima·
661 3611 723 3660 tiela
750 3613 853 3660 certum
879 3623 988 3674 semper
1008 3609 1111 3659 habeut
1132 3609 1189 3658 exi·

94 3692 174 3754 gine:
194 3687 363 3738 «facultatem
379 3687 525 3750 poeticam,
547 3689 627 3737 Grae·
661 3687 745 3734 turn.»
781 3685 868 3735 Carm.
887 3687 946 3734 see.
959 3685 1000 3734 at.
1013 3687 1112 3734 Parcae
1125 3685 1189 3734 suut

95 3767 137 3816 cis
161 3761 209 3813 illis
229 3761 366 3812 veteribus
387 3761 458 3811 haud
480 3761 624 3823 indiguam,
660 3771 769 3808 aeracee
784 3760 890 3810 Persius
901 3761 932 3820 6,
950 3758 1000 3809 ta:
1017 3760 1189 3808 Parcatenae

95 3838 234 3900 ingenium
251 3839 407 3900 promptum
424 3837 505 3898 atque
523 3836 627 3884 animo-
660 3833 721 3881 ves.
747 3858 774 3869 -
792 3833 940 3897 malleum]
959 3830 1094 3881 «invidum
1105 3834 1187 3893 atque

94 3923 186 3963 sum.»
205 3911 246 3960 Sic
258 3910 352 3960 Graeci
364 3905 484 3974 πνεῦμα.
504 3907 624 3959 Philostr.
661 3905 783 3968 iniquum
799 3906 957 3969 plerumque
971 3907 998 3956 iu
1016 3919 1077 3966 eos,
1096 3905 1141 3967 qui
1161 3904 1187 3952 in

96 3988 151 4036 vit.
176 3985 255 4048 Soph.
281 3997 309 4047 p.
333 3983 382 4034 tei
407 3979 458 4032 da
488 3983 626 4054 Γοργίας·
662 3977 840 4044 qualicunque
858 3993 957 4044 genere
974 3977 1131 4028 excellunt.»

575 4158 721 4169 *—
