2934 4884
259 369 320 432 308
640 367 769 418 nouam
787 366 957 418 caumuuu

387 522 644 598 FormidolosuS,
668 543 745 608 pars
766 520 938 588 violentior

424 642 543 710 Natalis
567 642 684 719 horae,
708 663 768 708 seu
790 652 946 729 tyrannus

471 764 648 851 Hesperiae
672 763 889 852 Capricornus
910 760 1038 839 undae,
1305 763 1350 826 20

383 886 560 973 Utrumque
583 893 729 951 nostrum
753 881 934 952 incredibili
956 881 1054 948 modo

273 1019 286 1040 ⁸
321 1047 361 1096 49.
381 1045 476 1095 Fatalis
492 1043 520 1103 b,
539 1044 630 1094 4040440
647 1055 710 1092 cum
728 1045 795 1093 Pott.
814 1055 862 1092 sex
879 1055 920 1106 pr.
939 1055 955 1091 c
972 1042 1000 1090 et
1015 1053 1056 1105 pr.
1075 1041 1106 1101 d,
1125 1042 1152 1092 40
1169 1041 1222 1091 hoc
1239 1056 1311 1092 corr.

287 1120 486 1259 llllllmltothld
498 1119 633 1180 Umonrqrie
643 1116 729 1167 schol.
742 1118 823 1180 Cruq.
835 1117 894 1180 (uisi
905 1128 997 1166 morus
1008 1118 1051 1166 est
1060 1129 1205 1180 operarum
1217 1118 1311 1180 error),

256 1322 403 1394 Κυθήρην.
442 1311 516 1372 444404.Ι
539 1337 564 1372 ν.
594 1323 655 1372 toa:
681 1315 780 1392 ’Ἄρεος
819 1321 910 1382 4404403,
927 1325 951 1370 04
967 1320 1030 1369 coeli
1043 1323 1101 1382 post
1116 1323 1200 1369 turus
1215 1321 1348 1370 iuram

255 1397 467 1461 εἰσβλέψαντος
490 1390 566 1462 ὁμοῦ
592 1394 694 1462 Μήνην
715 1395 780 1446 Ha-
816 1395 915 1444 nebtmt.
951 1395 1067 1456 scorpios
1083 1398 1212 1443 0040044400
1227 1408 1286 1443 cun
1300 1395 1349 1444 tol-

254 1475 326 1538 φίην
343 1486 387 1522 ra·
415 1473 442 1520 et
458 1471 496 1522 sio
513 1471 682 1534 saepissime,
706 1472 781 1520 utet
816 1471 850 1519 404
865 1470 1088 1529 400040000υά400,
1106 1469 1348 1531 &commutetis

254 1542 666 1611 apudutanil.a,290.1aeob:
690 1545 781 1593 --Lt-
817 1549 871 1593 tran
894 1542 1092 1606 mmopantilm
1121 1547 1204 1604 ortuis,
1239 1543 1348 1592 Urbibus

254 1621 340 1681 40000,
368 1625 448 1669 tortos
473 1619 642 1680 0000400000
664 1623 687 1668 04
708 1619 780 1668 tuom
817 1617 917 1681 0000444
949 1622 1031 1667 terroe
1064 1616 1203 1677 4000440000
1234 1617 1349 1666 imm

254 1695 390 1756 Conspicit,
417 1692 581 1742 tonaliter.
622 1690 689 1741 ibid.
713 1690 777 1742 i96:
816 1693 919 1742 4400040
950 1691 1089 1739 nanneno
1121 1703 1199 1739 0000
1225 1691 1348 1740 macrim

253 1769 363 1831 Eripona
382 1768 493 1816 Teanam
509 1771 616 1828 spectet,
643 1767 685 1816 004
702 1767 780 1816 Scor·
817 1771 921 1827 000400,
947 1766 997 1814 Aut
1020 1769 1113 1814 sternet
1135 1765 1231 1825 positos
1254 1765 1346 1826 004000,

248 1843 311 1904 pion
329 1842 401 1890 00444
417 1841 468 1890 oet.
488 1840 608 1889 Proxime
620 1841 710 1888 tamen
723 1839 780 1890 lor·
816 1841 893 1902 inque
909 1853 976 1888 0400
991 1840 1092 1888 reducet
1108 1838 1208 1900 Oppido
1223 1845 1247 1888 04
1263 1840 1290 1888 40
1301 1840 1349 1889 do·

255 1919 327 1966 tasse
345 1915 379 1964 ad
396 1914 494 1964 llorau'i
511 1913 599 1964 locum
612 1913 781 1965 acceditlla-
815 1915 896 1963 004400
910 1919 1028 1963 motum
1043 1914 1129 1962 reddet
1149 1914 1250 1962 0040400.
1287 1913 1344 1963 Cir.

253 1990 336 2040 notho
353 1990 382 2050 4,
409 1990 469 2039 446τ
491 1982 543 2038 ”Ha
564 1987 596 2039 ‹ia'
612 1991 635 2038 τ’
653 1982 779 2039 droant-
817 1988 851 2037 de
880 1988 990 2051 Scorpio
1015 1987 1095 2037 etiam
1121 1986 1207 2038 440041.
1234 1986 1265 2045 4,
1294 1988 1345 2036 444

255 2079 315 2116 οισι
347 2059 449 2126 τόποις
489 2058 663 2135 ὦροσκόπον
696 2057 780 2133 ’,4οης
816 2074 894 2124 seqq.
906 2062 1346 2125 CeterumscripturaSeorpicsusi

254 2139 362 2204 Φέγγος
378 2137 519 2208 ἐπιτρέψῃ
537 2137 661 2202 γονίμην
672 2135 718 2187 ἐπὶ
730 2151 781 2202 γω-
816 2138 879 2186 0004
896 2137 989 2186 Cicero
1007 2149 1116 2198 quoque
1130 2139 1158 2186 et
1168 2138 1349 2188 Germanicus

254 2213 341 2280 ors'pa
361 2207 490 2276 θνητῶν,
513 2207 694 2273 Χωλόποόας
713 2207 780 2262 τεύ-
817 2211 872 2272 (qui
893 2210 983 2272 fertur)
1006 2211 1032 2258 in
1048 2211 1164 2271 Arateis,
1187 2213 1252 2261 item
1268 2211 1344 2274 virg.

253 2301 308 2347 χει·
328 2288 355 2336 04
372 2287 434 2335 422:
447 2279 499 2335 Ἢν
516 2282 538 2334 d
555 2284 601 2335 ἐπὶ
617 2287 780 2356 μαρτυρίην
817 2287 863 2334 Ge.
883 2286 910 2345 4,
933 2284 1119 2334 355440000ὴο
1143 2283 1246 2335 0000044
1267 2284 1348 2335 iubet

246 2356 350 2431 Ἄρεως
374 2356 490 2410 e'ldoaic'
513 2353 663 2430 Ἀφροδίτη
680 2354 780 2424 “Oppia
817 2356 1038 2419 Ptolemaeum,
1052 2358 1076 2407 7.
1093 2385 1120 2393 -
1134 2359 1186 2407 Suo
1198 2357 1257 2408 loco
1268 2371 1347 2408 nuuc

252 2431 330 2504 βάλῃ
349 2431 509 2498 πανταυγὲς
526 2431 557 2483 ἐν
568 2427 723 2504 ἡμερινῇσι
735 2433 781 2483 λο-
817 2431 919 2492 addidi,
941 2445 1011 2494 quae
1028 2432 1055 2480 iu
1072 2430 1128 2480 Iulii
1146 2432 1249 2481 Firmici
1266 2433 1347 2496 capi-

253 2509 345 2569 χείαις
362 2504 422 2556 κτλ.
458 2508 501 2556 Sie
518 2507 654 2571 paullatim
671 2506 780 2558 invaluit
816 2505 888 2556 tilius
913 2518 927 2553 a
954 2505 1091 2567 Lessingio
1119 2506 1234 2568 primum
1263 2506 1347 2557 editis

254 2593 334 2641 0000,
352 2581 381 2629 04
397 2579 485 2629 sidera
503 2581 559 2644 ipsa
577 2585 719 2632 nascentes
733 2581 780 2631 ad-
816 2580 867 2630 Zor
891 2579 1031 2629 Gescltcltta
1054 2580 1107 2627 uod
1134 2580 1272 2629 litterator
1297 2583 1343 2630 444.

254 2656 358 2718 spicere
375 2653 536 2704 dicerentur.
564 2656 710 2705 Mamertiu.
730 2658 781 2704 Ge-
817 2655 918 2705 iaciunt
933 2653 969 2702 ad
985 2653 1084 2703 Horatii
1100 2665 1195 2704 versus
1213 2652 1348 2705 illustran-

254 2726 335 2777 nethl.
354 2728 459 2778 Maxim.
479 2727 524 2777 te:
543 2733 670 2777 cereastes
685 2743 754 2779 oos-
766 2757 781 2768 -
817 2727 875 2779 dos.

255 2801 321 2851 4000
337 2801 687 2860 emraetonzieaotuanorn
705 2815 781 2867 pror-
849 2803 889 2852 48.
908 2801 1099 2864 Formidotono]
1121 2801 1208 2852 Manli.
1227 2801 1256 2852 4,
1275 2804 1344 2852 447;

255 2889 301 2926 sus
318 2877 348 2924 ut
362 2875 554 2938 exantiquiore
566 2875 780 2925 etiamdoctrina
816 2877 938 2938 Scorpion
958 2880 1044 2925 carnot
1065 2875 1103 2923 044
1118 2876 1227 2925 moinus
1242 2879 1347 2938 cuspide

255 2948 281 2997 di
296 2948 397 3009 placido
412 2947 515 2998 numine
531 2951 675 2998 nascentes
693 2949 781 3013 adspi-
816 2952 900 2999 00040
924 2950 977 3000 cet.
1004 2975 1032 2984 —
1052 2949 1126 3012 porr]
1152 2948 1242 3000 «sidus
1268 2952 1345 3013 quod

255 3022 335 3071 04004.
350 3020 450 3082 (04.4,
464 3021 491 3082 3,
505 3022 540 3085 4.)
554 3021 661 3072 Hesiod.
679 3023 778 3086 Theog.
816 3037 869 3074 uua
887 3036 950 3074 cum
968 3021 1038 3084 aliis,
1057 3035 1126 3086 quae
1144 3023 1269 3086 adspicit,
1291 3025 1345 3074 ho-

254 3096 283 3145 84
297 3108 302 3142 :
316 3087 429 3144 Ὃντινα
438 3091 583 3160 τιμήσωσι
596 3091 665 3159 Διὸς
676 3097 781 3168 κοῦραι
817 3099 895 3148 minis
912 3098 1061 3160 genituram
1078 3097 1175 3147 lormat
1194 3100 1274 3160 atque
1292 3098 1346 3148 de-

254 3164 394 3234 μεγάλοιο
418 3165 591 3234 Γεινόμενόν
615 3168 637 3220 τ’
662 3170 781 3223 deiciam
817 3171 898 3222 linit.»
920 3198 947 3206 -
964 3171 1103 3234 violentior]
1123 3172 1154 3220 ln
1171 3173 1244 3220 omui
1265 3174 1346 3234 geni-

255 3241 314 3292 κτλ.
339 3243 447 3306 (Eadem
464 3245 654 3306 significatione
671 3246 780 3296 Ovidius
817 3247 876 3295 tura
898 3248 940 3295 est
960 3257 1030 3294 unus
1052 3256 1162 3307 semper
1181 3237 1275 3315 ἀστὴρ
1293 3259 1346 3295 00-

255 3319 281 3366 40
307 3316 388 3369 lbidls
412 3333 438 3368 v.
464 3319 521 3368 444.
550 3318 634 3370 verbo
659 3321 781 3383 offutpera
817 3322 891 3368 ctore
909 3318 1068 3370 4400040000
1086 3320 1114 3378 4,
1133 3317 1177 3369 atr
1194 3317 1343 3379 acastre:

256 3403 321 3440 usus
346 3394 388 3442 est
413 3393 439 3442 40
459 3392 540 3443 ibidis
561 3393 712 3456 horoscopo
732 3406 780 3444 er·
817 3387 851 3456 ὅς
866 3388 905 3463 ῥά
922 3407 953 3443 n
969 3389 1101 3456 δεσπόζει
1116 3391 1254 3459 γενέθλης
1266 3395 1346 3458 μέγα

254 3464 394 3530 ponendo:
418 3467 490 3516 «Non
510 3468 588 3516 Venus
601 3468 708 3530 04404044,
729 3482 780 3516 non
817 3481 848 3517 rs
868 3464 975 3537 κράτος
996 3461 1073 3528 ἔχει,
1098 3467 1214 3530 ideoque
1235 3469 1345 3518 muthe-

254 3541 300 3590 4440
314 3540 427 3603 lopptrar
442 3541 527 3604 hora.)
552 3568 578 3578 —
596 3542 625 3591 40
642 3542 780 3605 praesenti
816 3542 914 3592 matieo
941 3555 1006 3605 prae
1038 3542 1135 3592 ceteris
1167 3541 1342 3605 spectandus.

255 3614 368 3674 adspicit,
379 3612 465 3673 idest,
478 3613 614 3677 «adspexit
622 3617 780 3666 nascentem
816 3617 917 3666 Eadem
934 3614 1009 3665 stella
1021 3617 1133 3666 Firmino
1146 3614 1164 3665 l.
1176 3613 1194 3664 l.
1206 3628 1267 3679 pag.
1280 3616 1341 3668 454.

255 3688 283 3736 et
299 3685 388 3735 adhuc
409 3686 465 3736 vim
487 3699 563 3737 suam
584 3687 609 3736 iu
633 3701 676 3738 me
700 3703 780 3738 exer·
815 3690 907 3752 [ortior
927 3690 1039 3739 radiatio
1061 3691 1088 3738 04
1108 3689 1226 3752 tortiores
1246 3690 1342 3740 0404400.

255 3761 322 3820 oet»,
333 3757 385 3808 noli
395 3771 458 3808 eum
467 3758 513 3808 Ed.
522 3759 644 3810 Leidensi
653 3764 777 3826 argutari.
820 3763 952 3813 thontior
968 3763 1071 3824 itaque,
1093 3775 1179 3826 «quae
1196 3764 1345 3815 maximam

257 3857 284 3869 -
295 3834 334 3882 De
346 3832 425 3882 libra
437 3835 526 3882 autem
538 3835 565 3881 et
573 3835 682 3898 Scorpio
691 3835 778 3886 440044.
816 3839 870 3887 vim
887 3837 1075 3899 ingenitorum
1087 3837 1158 3897 eius,
1177 3838 1223 3899 qui
1235 3838 1262 3887 40
1272 3836 1345 3888 illius

255 3904 283 3966 4,
307 3905 369 3956 tte:
395 3906 467 3957 Folio
489 3912 596 3968 aequato
618 3909 715 3972 panitas
735 3909 780 3959 004
816 3913 927 3975 aspectu
944 3913 1021 3961 uatus
1039 3914 1094 3972 est,
1113 3913 1252 3970 exercet3»
1273 3925 1343 3962 nou:

253 3981 364 4040 pondere
379 3981 484 4031 librae!
500 3981 580 4031 ludar
595 3995 702 4032 acumen
712 3985 780 4033 040404
817 3997 901 4046 «quae
910 3983 1193 4047 propterviolentiam,
1206 3997 1345 4048 0000000-

254 4053 369 4114 adaequo
385 4056 499 4117 00040000
518 4055 675 4116 imponetque
691 4059 780 4119 iopam
815 4060 902 4119 satim,
930 4057 1031 4107 homiui
1047 4059 1073 4108 04
1090 4059 1212 4109 subiecto
1233 4059 1345 4122 pericu-

257 4125 331 4173 aevo
346 4127 458 4189 40900000
473 4128 580 4191 rcpodit.
614 4127 688 4178 illum
705 4129 779 4179 00400
815 4129 872 4182 lum
888 4131 1030 4181 minatur.»

256 4201 280 4245 04
303 4209 384 4261 repon
405 4206 508 4251 tranent
528 4207 639 4264 0040000
659 4207 778 4266 reparatae
850 4205 889 4254 49,
909 4205 1018 4270 Nototia]
1032 4206 1125 4258 4040440
1140 4205 1264 4257 incodd.
1276 4205 1341 4271 aliq.
