2934 4884
271 284 334 349 584
656 284 786 334 44444444
803 283 973 337 4444444444

272 445 421 495 oastmmm
448 440 620 494 Hasdrubalis
644 444 671 491 et
699 442 828 506 Syphacis
858 440 921 503 (Liv.
948 440 994 501 344,
1015 441 1033 489 tt
1057 442 1085 489 et
1108 441 1139 499 o;
1163 438 1230 491 Flor.
1256 442 1286 501 2,
1306 442 1353 501 441,

270 527 394 577 incendia
410 526 518 575 navium
530 524 786 587 Carthaginiensium
798 525 860 587 (Liv.
873 524 920 586 30,
937 522 992 586 4344
1010 524 1163 587 Scipionem
1173 524 1272 575 domita
1281 524 1355 589 apud

271 612 380 661 Zamam
397 609 483 659 Airica
501 610 527 659 in
546 607 648 659 ltaliam
664 608 831 659 redeuntem.
852 633 880 645 -
898 604 952 657 Tali
968 620 1034 657 vero
1057 608 1161 658 honore
1177 610 1239 671 quis
1254 608 1357 669 (iigmor

271 694 411 757 Scipionel
428 704 511 755 quem
527 693 627 743 Ennius
644 693 683 743 sic
700 691 809 741 ellatur:
828 693 956 753 ostentam
969 696 1083 741 4444444444
1096 693 1173 754 sociat
1182 692 1293 754 motas
1305 692 1356 740 lto-

270 790 374 837 4444444,
392 781 515 837 quantam
530 776 689 836 collimitant,
705 788 770 835 quoa
784 787 826 825 roo
842 780 900 824 44444
914 780 997 839 posim
1012 774 1151 835 loquimur?
1166 776 1267 825 Horatii
1280 776 1358 837 igitur

271 858 399 922 aequales
413 860 459 922 qui
475 856 518 909 illa
535 860 684 908 castrorum
701 858 863 920 nauiumque
880 858 1003 909 incendia
1020 870 1156 909 munnere
1172 871 1301 923 expressa
1315 859 1357 907 ai·

272 942 386 1003 dissent,
412 941 533 1007 protecto
557 954 619 992 cum
641 941 691 991 bos
708 953 802 991 versus
819 939 945 1003 legebant
959 955 1015 992 non
1028 944 1166 1006 poterant,
1192 945 1223 991 ut
1239 940 1357 992 nonnulli

272 1027 433 1090 interpretes
458 1027 553 1087 nostri,
591 1024 624 1075 de
650 1025 759 1075 incensa
783 1038 799 1074 a
824 1025 946 1088 Scipione
972 1026 1075 1076 minore
1101 1025 1261 1089 Cartbagine
1286 1026 1357 1087 ocgi-

271 1112 355 1159 tarc.»
389 1109 510 1171 Denique
528 1106 765 1159 commemoranda
783 1110 825 1158 est
845 1108 925 1157 etiam
942 1108 1052 1171 labniitl
1071 1110 1193 1173 speciosa
1209 1107 1357 1171 explicatio,

272 1206 323 1257 qua
342 1193 487 1255 genitivum
503 1193 556 1243 cias
572 1206 625 1243 non
642 1192 677 1242 ab
697 1191 802 1241 obiecto
823 1192 910 1241 44444444
925 1191 975 1241 sed
992 1205 1008 1241 a
1024 1191 1146 1242 subiecto
1162 1194 1281 1242 inccndio
1292 1205 1359 1255 peu-

272 1275 422 1338 derelicti,
446 1279 476 1326 ut
493 1277 623 1327 4444444444
640 1276 686 1325 sit:
714 1288 788 1324 anon
804 1276 861 1337 ipsa
879 1273 1009 1336 Karthago
1030 1273 1153 1323 incendio
1170 1272 1259 1323 deleta
1276 1272 1309 1323 ab
1325 1286 1359 1321 eo

272 1360 318 1423 qui
336 1373 436 1411 nomen
452 1361 556 1423 accepit
572 1372 587 1409 a
605 1358 705 1409 domita
716 1358 830 1409 Africa.»
852 1358 938 1417 Quam
948 1357 1196 1420 interpretationem
1207 1369 1262 1419 quo
1273 1357 1359 1407 minus

272 1444 436 1507 probemus,
463 1444 525 1494 iacit
543 1444 570 1493 et
592 1442 754 1493 constructio
771 1441 913 1491 durissima
937 1441 966 1490 et
981 1439 1054 1503 quod
1070 1440 1157 1490 naua
1171 1441 1303 1503 genitivo,
1325 1437 1359 1489 ad

275 1539 357 1590 44444444
374 1526 537 1588 rotarentur,
556 1539 648 1576 carere
666 1526 710 1575 4444
728 1523 869 1589 possuntt

341 1611 397 1661 lam
414 1622 479 1659 vero
495 1610 615 1660 liteineke
633 1608 733 1671 legem,
753 1620 835 1671 quam
852 1608 974 1657 Horatius
991 1608 1020 1657 ia
1036 1607 1077 1657 bis
1093 1605 1258 1657 carminibus
1274 1604 1360 1655 Ascla·

271 1692 374 1757 piadeis
392 1694 544 1742 constanter
560 1693 668 1741 secunus
686 1693 741 1752 est,
759 1688 845 1754 probo
862 1689 1060 1750 animadvertit,
1078 1690 1167 1740 omnia
1193 1690 1222 1739 in
1238 1689 1360 1753 strophas

275 1778 467 1841 quaternorum
484 1786 612 1825 versuum
628 1772 772 1823 dividenda
784 1786 861 1835 4444,
881 1776 909 1823 44
928 1786 998 1837 quaa
1015 1774 1149 1824 vocabant
1166 1770 1359 1843 μονόστροφα

274 1858 330 1923 (04.
351 1860 379 1919 4,
402 1860 425 1908 4.
443 1857 500 1908 Lib.
520 1858 549 1919 3,
571 1857 622 1921 30.)
641 1860 668 1907 44
692 1870 762 1921 quaa
784 1854 930 1928 δίστροφα
959 1857 1015 1921 (044.
1034 1859 1062 1917 4,
1085 1858 1109 1907 3.
1129 1857 1170 1907 43.
1188 1857 1230 1906 49.
1257 1856 1314 1906 Lib.
1331 1854 1359 1914 3,

274 1942 300 1992 9.
323 1943 363 1992 tc.
383 1942 423 1992 49.
442 1940 483 1993 it.
503 1942 544 1991 ao,
563 1940 604 1991 28.
623 1940 680 1991 Lib.
698 1940 727 2001 4,
747 1943 771 1991 4.
790 1941 825 2003 3.)
852 1943 879 1991 44
900 1942 1021 2004 systema
1038 1939 1245 2004 Asclepiadem
1261 1941 1359 1998 maius,

275 2024 338 2076 olim
354 2020 562 2096 μονόστροφον
582 2024 637 2088 (Od.
657 2026 685 2085 4,
705 2026 746 2075 44.
765 2025 806 2075 48.
832 2025 890 2075 Lib.
907 2024 939 2086 4,
960 2024 1022 2087 to).
1056 2024 1272 2087 Haudquaquam
1288 2023 1362 2085 igitur

275 2108 404 2161 credibile
422 2111 463 2159 est
479 2108 564 2160 semel
585 2108 771 2159 tantummodo
788 2108 823 2159 ab
841 2122 873 2159 eo
891 2108 962 2158 banc
976 2107 1065 2171 legem
1082 2108 1223 2170 migratam
1239 2120 1316 2168 esse,
1337 2106 1362 2154 et

275 2192 386 2255 quidem
403 2194 429 2242 in
447 2194 565 2243 carmine
582 2194 726 2244 maturiore
744 2195 798 2243 iam
814 2194 902 2243 aetate
920 2193 1077 2257 composito,
1113 2192 1283 2254 Quapropter
1300 2202 1361 2254 pro-

275 2276 364 2327 babile
382 2277 412 2326 fit
428 2280 491 2337 aut,
518 2276 590 2339 quod
611 2276 654 2327 4444
676 2278 811 2328 asteriscis
829 2276 999 2340 significavit,
1025 2274 1126 2339 aliquot
1146 2272 1296 2324 uersiculos
1311 2274 1361 2322 iam

278 2348 422 2424 antiquitus
440 2360 586 2420 excidisse,
606 2362 652 2410 aut
668 2359 768 2423 aliquot
785 2374 895 2420 eorum,
915 2373 983 2423 quos
1006 2358 1066 2409 libri
1082 2357 1221 2419 exhibent,
1247 2358 1362 2419 interpo-

277 2442 355 2493 latori
380 2443 483 2493 deberi.
528 2445 620 2506 Itaque
646 2444 672 2493 iu
689 2442 825 2507 prioribus
851 2442 1012 2493 editionibus
1034 2444 1097 2506 post
1123 2454 1150 2491 v.
1177 2442 1218 2491 l'l.
1242 2438 1362 2489 lacunam

276 2527 393 2578 duorum
425 2512 553 2577 versuum
585 2528 778 2588 statueramus,
813 2526 910 2589 quibus
935 2528 1014 2589 polita
1045 2525 1143 2588 partim
1167 2523 1293 2573 incendia
1324 2520 1362 2572 illa

277 2611 313 2659 ita
338 2608 483 2669 definierit,
518 2613 548 2659 ut
576 2622 642 2660 vero
667 2622 759 2660 rarum
784 2609 868 2659 ordini
895 2609 1005 2659 minime
1042 2607 1236 2671 repugnarent,
1270 2607 1363 2670 partim

278 2692 390 2742 modam
414 2692 550 2753 indicarit,
585 2705 639 2755 quo
664 2693 795 2757 Scipionis
822 2705 867 2743 res
891 2694 981 2754 gestae
1007 2689 1083 2741 aliter
1115 2702 1198 2753 quam
1223 2688 1258 2739 ab
1284 2689 1363 2739 Ennio

278 2775 425 2837 posteritati
455 2773 567 2823 traditae
598 2776 686 2825 minus
709 2775 796 2826 clarae
817 2775 921 2825 inerint.
956 2776 1031 2824 Nunc
1053 2787 1134 2834 voro,
1169 2774 1262 2837 utpote
1287 2774 1314 2822 in
1335 2784 1362 2821 re

279 2856 358 2906 nimis
381 2857 495 2916 incerta,
527 2856 561 2905 eb
587 2858 660 2906 omni
680 2857 722 2907 vel
748 2857 859 2908 lacunae
883 2856 925 2908 val
950 2856 1159 2922 interpolationis
1175 2856 1362 2919 significatione

281 2940 306 2988 ia
324 2939 376 2988 hoc
393 2939 511 2989 carmine
530 2937 720 3000 abstinuimus,
747 2943 776 2990 ut
800 2940 892 2991 lectori
915 2940 1031 2991 liberum
1047 2940 1188 2991 arbitrium
1204 2942 1250 3002 sit,
1277 2944 1363 2989 nuum

281 3022 432 3073 remedium
449 3022 578 3073 adbibere
596 3021 672 3086 velit¹
696 3026 726 3074 ut
742 3025 870 3089 strophae
887 3026 1079 3087 quaternorum
1095 3036 1226 3074 versuum
1242 3024 1362 3073 evadant.

281 3106 409 3156 Ceterum
426 3118 479 3155 non
497 3104 600 3157 silentio
617 3107 660 3156 bic
676 3108 904 3170 praetereundum
920 3110 976 3168 est,
999 3106 1071 3157 illam
1086 3105 1175 3169 legem
1196 3106 1362 3168 quanttnnris

281 3188 358 3239 nobis
385 3190 547 3240 arridentem
573 3190 697 3241 amultis
721 3192 785 3241 viris
810 3190 894 3241 doctis
919 3190 1017 3240 acriter
1041 3191 1225 3253 impugnatam
1250 3202 1326 3249 esse,
1349 3199 1362 3234 ³

283 3270 354 3321 nullo
371 3273 461 3323 acrius
479 3286 560 3335 quam
577 3288 593 3323 a
609 3273 729 3324 Deodaio
747 3273 908 3334 Frdhlichio,
935 3275 981 3337 qni
999 3273 1041 3322 his
1057 3272 1148 3323 verbis
1168 3274 1197 3322 ia
1213 3286 1276 3323 eam
1292 3274 1360 3322 inac-

282 3358 341 3406 ctus
358 3358 413 3406 est:
442 3358 506 3406 «Dc
522 3358 549 3406 ic
568 3357 649 3407 (4444444
663 3357 889 3420 Asklepiodaisctoa
905 3356 1037 3407 6444444444
1052 3357 1179 3405 darcboos
1193 3368 1246 3405 aas·
1261 3357 1303 3406 cta
1316 3354 1362 3403 4444

282 3439 383 3489 casana
402 3441 504 3490 vasari
519 3441 693 3501 4444444444,
712 3442 778 3491 auca
793 3441 833 3490 aa
848 3440 983 3491 (44444444
996 3439 1145 3503 temps
1157 3438 1224 3488 aas
1238 3426 1291 3489 aa
1299 3440 1362 3487 aas

282 3522 467 3585 Hoaoptpcrtlcn
491 3525 556 3573 noct
580 3524 631 3573 siclt
655 3524 705 3586 aas
718 3526 748 3585 44
766 3524 820 3573 otor
835 3524 888 3573 und
909 3524 965 3573 oter
987 3524 1059 3575 Vera
1077 3522 1190 3573 ocrtbcilt
1206 3522 1361 3579 4444444444,

282 3606 389 3655 condam
411 3606 529 3657 4444444444
553 3607 608 3657 dam
631 3612 736 3657 duosam
762 3608 883 3670 Umsonqe
903 3607 969 3657 noct
988 3607 1167 3671 nomiosdtiq
1184 3603 1364 3656 ocaeano

284 3689 335 3737 44444
351 3689 386 3751 oft
407 3690 443 3738 4444
464 3690 566 3753 Ausona
581 3691 641 3739 odor
657 3691 728 3741 444444
744 3691 810 3741 daea
827 3692 911 3741 Versae
926 3691 1098 3753 4444444444444,
1124 3692 1159 3740 dc
1173 3690 1276 3754 sotptidi
1288 3688 1364 3739 wado

284 3773 334 3822 Otr
350 3772 413 3822 nacla
432 3772 551 3823 tarsicia
572 3774 613 3823 das
628 3774 721 3823 ildrcrs
741 3774 836 3825 coteler
851 3774 966 3825 Godicitc
981 3776 1036 3826 44444
1050 3775 1144 3825 cadero
1159 3774 1299 3837 &beidam
1319 3770 1364 3821 aad

285 3990 656 4001 -——-—-——...

345 4143 361 4193 ’4
378 4139 455 4186 lahrb.
472 4144 487 4187 t.
505 4142 591 4188 Paitoi.
608 4156 632 4189 u.
650 4108 784 4200 Paodagog.
802 4145 853 4190 Vol.
870 4147 904 4192 44.
922 4158 945 4201 p.
962 4145 1010 4190 aco.
