2934 4884
494 343 554 392 un.
573 344 591 390 l.
628 343 658 392 (ἶ.
677 343 762 392 xxiv.

212 501 292 584 Ergo
313 496 522 578 Quinctilium
543 509 722 584 perpetuus
744 519 843 584 sopor

211 621 318 706 Urget!
343 620 395 686 cui
418 619 527 685 Pudor
548 629 581 685 et
602 621 744 685 iustitiae
767 639 873 694 soror,

209 744 396 829 incorrupta
418 739 533 812 Fides,
557 740 711 828 nudaque
735 742 859 808 Veritus

249 862 386 941 Quando
408 861 509 928 ullum
532 862 673 928 inveniet
694 862 828 950 parem?

207 1021 312 1088 llultis
333 1020 386 1086 ille
407 1021 501 1087 bonis
523 1020 640 1088 llcbilis
661 1021 793 1087 occidit.

205 1143 289 1208 Nulli
312 1141 450 1209 liebilior
470 1164 568 1230 quam
590 1142 662 1214 tibi.
687 1141 803 1228 Virgili.
1124 1145 1163 1210 ll)

141 1381 166 1428 a.
186 1377 426 1438 44444444441444,
450 1380 530 1430 Lcts.
550 1379 667 1443 (4444444444
682 1381 766 1429 nostri
784 1383 811 1428 et
829 1377 903 1442 uplus
921 1379 1031 1430 decem»
1050 1381 1131 1430 Bant-

110 1453 161 1507 laii,
181 1454 300 1504 Pottierii
316 1453 430 1515 omnes.)
456 1480 483 1489 -
506 1454 530 1503 9.
554 1455 597 1503 4444
618 1455 717 1516 quidem
738 1454 1050 1518 444444441444441144.
1069 1459 1129 1506 anta

110 1528 201 1578 Lamb.
222 1555 252 1564 -
272 1529 314 1578 49.
335 1529 426 1592 11444444
442 1529 488 1580 Bc.
509 1529 610 1592 (recte.)

80 1743 113 1790 illi
129 1745 198 1792 dora
215 1744 287 1803 pates
303 1743 385 1792 4444444
407 1749 430 1792 et
444 1745 540 1805 [meur
556 1757 603 1792 ar-
672 1745 696 1792 7.
717 1745 795 1808 nudo]
815 1745 875 1807 quia
894 1743 1005 1810 simplex
1023 1748 1050 1794 44
1059 1749 1160 1809 apertu

80 1823 115 1877 pet
130 1812 964 1901 3444444.4144444εγ,444;’.4μ--44444414444444444
979 1821 1018 1870 444
1031 1821 1163 1884 Wulirltas·

81 1906 129 1952 ,ugr
147 1886 311 1940 -Ὁκπότε
337 1887 431 1961 πρᾶτα
457 1888 600 1957 θάνωμες,
638 1893 724 1956 44444444
739 1895 784 1942 der
800 1895 871 1954 14444,
889 1895 1044 1944 4444444444
1054 1897 1161 1946 4444444-

81 1959 198 2040 (14444444
214 1965 249 2016 ἐν
264 1965 353 2024 χθονὶ
372 1964 457 2033 κοίλᾳ
471 1961 603 2055 Εὗδρμες
638 1967 687 2016 leit
720 1969 765 2018 der
792 1969 934 2032 Gasinnunp
965 1971 1017 2018 und
1049 1971 1162 2022 4444444444

83 2033 208 2104 εὲμάλα
224 2034 495 2110 μωιρόνὰτέρμονα
505 2040 603 2112 νήγρε-
640 2043 1051 2093 (144444444441144444.1.444444.

80 2130 125 2164 ros
141 2110 295 2166 woſtr
266 2115 403 2178 -Pudorl
421 2115 601 2168 calumniatus
671 2117 695 2166 8
725 2115 840 2178 inveniet]
864 2117 906 2166 Sic
923 2117 1047 2166 meliores
1065 2119 1160 2178 codd,

81 2194 164 2242 eslii
178 2194 206 2241 Ρ
220 2204 249 2239 4.
264 2192 288 2239 4.
301 2205 327 2239 4.
335 2192 541 2255 pitdorpropter
556 2207 601 2242 rc·
639 2189 1159 2255 4444144114444144444441441144444.

79 2267 212 2328 petitum
204 2279 260 2314 ram
277 2264 539 2326 idamvocabnlum;
557 2282 602 2316 44-
639 2277 711 2314 nom.
747 2265 814 2328 sing.
849 2264 964 2314 verbum
990 2279 1063 2314 num.
1093 2266 1159 2328 sing.

80 2355 134 2390 rum
149 2342 195 2390 hie
219 2342 264 2389 est
280 2340 502 2408 κροσωποποᾶα
524 2355 602 2406 pror·
638 2341 757 2401 iungere.
800 2337 926 2402 Exempla
953 2337 1057 2401 collegit
1081 2339 1161 2389 Bent

82 2429 123 2464 sus
138 2417 259 2465 diversa.
278 2415 512 2467 Exllnmnnorum
529 2418 601 2466 enim
638 2411 723 2462 laius:
751 2411 798 2463 Od.
818 2413 842 2474 4,
861 2415 885 2474 4,
905 2413 944 2464 38.
965 2415 988 2475 4,
1007 2413 1031 2474 3,
1050 2413 1074 2464 3.
1094 2414 1117 2474 4,
1134 2413 1159 2474 4,

81 2504 124 2538 usn
139 2492 269 2550 uirtutes,
289 2491 401 2540 comites
416 2504 485 2554 qnae
497 2492 603 2542 luerunt
640 2486 679 2536 16.
700 2488 724 2547 4,
744 2488 768 2548 6,
788 2488 828 2538 49.
848 2489 871 2548 4,
891 2487 931 2548 314,
950 2489 990 2538 st.
1010 2490 1061 2539 oet.

81 2565 223 2622 Quinctilii,
252 2565 394 2614 numinum
414 2579 544 2629 personas
560 2568 602 2616 tn-
671 2561 695 2623 9,
715 2563 755 2612 40.
789 2562 884 2627 44444444]
905 2563 992 2627 Epigr.
1019 2563 1045 2612 in
1068 2564 1160 2614 Museo

81 2639 170 2688 dnunt.
197 2639 243 2687 Sic
254 2633 347 2700 Αἰδώς
358 2639 409 2688 dea
421 2639 474 2690 iam
485 2641 601 2690 Hesiodo
638 2636 721 2686 lihen
745 2637 769 2698 4,
792 2639 815 2687 3.
839 2650 865 2701 p.
890 2637 952 2688 tiu:
972 2631 1096 2700 Ἥλοθες
1121 2639 1161 2700 εἰς

80 2715 105 2760 0
129 2715 206 2768 etl)
233 2713 306 2774 4944,
333 2714 447 2764 Pindaro
471 2717 548 2765 Nem.
575 2716 599 2777 9,
636 2703 922 2776 Ἀ44η4ζητούμενος,
941 2705 985 2774 οἷς
1002 2706 1159 2774 ἀπέλειπες·

80 2787 115 2836 sc.
133 2789 252 2850 eiusque
268 2752 513 2839 ariaratithenis.
532 2790 602 2841 Pau·
637 2781 717 2835 Πᾶσι
733 2779 788 2856 γὰρ
804 2779 936 2853 ἀλγηδών
953 2779 1092 2849 ἑσθλὸς’
1075 2803 1160 2837 αποι-

80 2875 129 2912 san.
159 2863 183 2922 4,
212 2863 254 2920 47,
282 2863 305 2912 4.
339 2863 467 2951 Euripid.
496 2865 599 2927 Fragm.
638 2855 821 2924 xdpevoga-
844 2861 938 2925 Virpilt]
956 2863 1024 2912 Cum
1040 2862 1086 2912 Ph.
1100 2864 1162 2913 Wa-

81 2935 210 3000 liippoltt
224 2935 323 2988 vell
339 2927 376 2986 ’.14
392 2930 482 2988 adm
499 2934 599 2999 Αἰδώς,
638 2949 721 3000 gnere
747 2937 890 2986 rectiorem
914 2937 1074 3000 scripturam
1100 2949 1159 2987 esse

79 3011 130 3060 4444
141 3017 207 3072 τοῖς
224 3007 314 3060 πᾶσιν
329 3009 448 3082 βροτοῖς
463 3010 601 3064 Εονοῦσα
638 3011 753 3060 arbitror
772 3012 875 3074 4444444,
900 3013 962 3075 post
977 3010 1050 3061 illum
1066 3025 1160 3062 rursus

78 3075 290 3144 τάναὶοχονιον
306 3081 411 3156 ἐξῃροῦ
429 3086 599 3157 φρενῶν.
637 3086 769 3135 firmatam
799 3084 882 3136 seculi
909 3087 1036 3148 Augustei
1062 3087 1158 3136 inscri-

80 3154 216 3209 14444444
230 3158 247 3209 1
266 3173 321 3210 non
339 3161 426 3212 solum
443 3177 504 3213 eam
520 3165 602 3213 virtu·
638 3161 728 3224 ptione
754 3159 780 3209 in
802 3161 883 3210 Inbnii
901 3160 1094 3224 Speciminep.
1113 3161 1156 3210 29:

79 3237 128 3284 tem
145 3233 293 3296 significat,
311 3237 502 3298 cuimprimum
511 3251 602 3287 munos
637 3236 664 3284 L.
687 3234 864 3284 VmonrusL.
883 3234 912 3284 L
931 3235 1060 3284 64444444

79 3315 121 3361 nt.
139 3314 168 3358 444
184 3322 218 3358 444
232 3309 275 3358 cati
291 3311 347 3370 44444
362 3313 509 3362 4444444444·
525 3313 602 3363 luces-
672 3309 711 3358 44.
743 3309 839 3368 «lum,
859 3321 921 3357 cum
937 3308 1006 3357 votis
1023 3321 1054 3356 ac
1071 3309 1160 3370 preci-

80 3385 135 3432 44444
151 3383 268 3444 44444444,
288 3384 374 3434 4444444
388 3390 417 3434 ut
433 3389 602 3438 conummtbau
637 3381 689 3432 bus
706 3380 876 3441 Quinctilium
894 3382 1006 3431 deorum
1022 3381 1084 3430 fidei
1096 3383 1161 3430 tam·

80 3462 162 3506 444444·
173 3471 228 3520 pro
244 3459 426 3521 consutoribus,
447 3463 556 3521 priuatis
573 3467 602 3512 ut
638 3471 720 3521 quum
741 3469 849 3506 sacrum
870 3455 1021 3520 depositum
1047 3468 1160 3507 concre-

79 3533 170 3582 444444
194 3545 272 3581 4444444
295 3534 384 3595 miquo
407 3535 511 3585 444444
535 3536 598 3597 (cte,
638 3531 723 3581 debas
751 3529 996 3593 (commendabas),
1026 3543 1080 3579 non
1107 3529 1159 3582 hoc

80 3605 122 3654 911.
141 3607 166 3665 4,
184 3606 221 3666 4.)
239 3605 388 3658 censensu
404 3605 600 3673 latiuspateutc
638 3605 828 3670 exspectabas,
847 3607 877 3654 ut
892 3604 939 3654 tibi
956 3607 1011 3654 tam
1028 3605 1095 3655 duro
1106 3604 1159 3655 1444

81 3676 171 3732 «444444
179 3683 253 3731 sitae
261 3683 442 3734 innocentiam
451 3686 530 3747 atque
539 3699 601 3748 pro-
637 3683 693 3730 tam
718 3681 772 3730 cito
799 3681 960 3744 superatum
990 3679 1039 3730 444
1063 3679 1159 3730 frustra

80 3754 212 3806 41444444.»
230 3784 256 3791 -
267 3757 347 3821 soror]
361 3758 415 3808 Cic,
427 3757 461 3807 do
473 3759 521 3809 044,
532 3761 556 3818 4,
569 3760 597 3808 7:
637 3757 696 3818 pius
714 3755 785 3806 luisti
802 3767 890 3817 neque
908 3768 978 3806 nunc
996 3767 1058 3805 eum
1076 3767 1092 3804 4
1110 3755 1159 3805 diis

80 3830 597 3898 444444444444444444444444444441444.
637 3843 782 3893 reposcere
795 3829 1092 3880 tibiconcessumest.»
1119 3831 1159 3880 Si-

82 3903 192 3956 44444444
219 3908 310 3956 autem
335 3919 443 3956 sorores
464 3907 518 3957 ism
539 3909 600 3957 Pin·
636 3903 735 3954 militer
762 3903 876 3967 explicat
901 3905 955 3954 inm
982 3905 1157 3968 Porphyrion,

81 3977 141 4028 dero
158 3978 265 4043 olymp.
284 3981 324 4039 l3,
344 3981 378 4029 c·
395 3979 426 4030 ἐν
442 3977 479 4048 τᾷ
498 3981 599 4042 [Coriu-
637 3980 687 4030 4141
704 3979 777 4042 quod
800 3979 889 4030 minus
914 3983 988 4030 recte
1009 3980 1160 4042 1444414444-

82 4053 121 4114 liii·
145 4050 202 4124 γὰρ
217 4048 350 4118 Εὐνομία
370 4056 444 4105 votet
460 4055 599 4120 scolym-
636 4059 690 4104 stro
712 4055 803 4116 poscis.
849 4055 951 4106 Etenim
979 4055 1036 4118 ipsa
1062 4065 1158 4102 versus

81 4131 123 4178 444
139 4143 183 4191 u,
200 4125 315 4216 βάθρον
331 4128 440 4180 sollius
456 4123 599 4192 ἀσφαλές,
637 4130 837 4194 composition.
855 4130 992 4192 44444444.
1011 4143 1036 4178 v
1051 4126 1159 4190 444444-

82 4203 149 4252 4444
164 4165 215 4254 alat
232 4197 398 4275 ὁμότροπος
414 4200 531 4275 14444444.
636 4204 734 4257 vellere
764 4207 844 4255 44144.
890 4205 1033 4259 Lambinus
1067 4204 1157 4254 contro
