2934 4884
563 381 568 388 .
666 355 796 407 notium
814 355 985 408 CARMINUM

366 515 530 579 Annorum
553 511 656 578 series
679 521 711 576 et
732 511 807 598 tuga
829 521 1020 599 temporum.

366 635 436 700 Non
457 633 561 698 omnis
585 631 705 698 moriar
727 630 891 718 multaque
913 653 990 719 pars
1012 633 1075 698 mei

366 753 482 819 Vitabit
504 750 688 819 Libitinam:
712 771 819 838 usque
842 773 904 839 ego
926 763 1057 840 postera

368 875 520 941 Cressam
542 871 638 940 laude
661 893 792 950 recem,
816 873 895 939 dum
916 871 1108 961 Capitolium

367 1029 506 1098 Soandet
528 1049 602 1096 eum
623 1031 718 1097 tacito
739 1030 863 1116 virgine
884 1031 1035 1119 pontifex.

285 1335 381 1382 raus»,
407 1319 510 1380 idest,
542 1318 732 1368 «vehementer
749 1331 812 1370 sae-
845 1319 1011 1383 piternum»;
1039 1333 1103 1371 eum
1120 1321 1193 1371 enim
1210 1323 1293 1372 Roma
1312 1322 1369 1371 tiis

284 1399 387 1447 visus.»
405 1394 489 1458 Epotl.
509 1394 555 1455 tu,
573 1393 620 1442 ot:
639 1393 732 1443 naulis
748 1395 812 1443 astri
847 1399 952 1443 ostona
977 1393 1080 1445 ciuibus
1105 1396 1160 1446 suis
1177 1398 1266 1456 esset,
1295 1409 1367 1446 sacra

286 1467 619 1530 -aestuosu-impoteutio.
846 1467 952 1531 publica
985 1481 1123 1531 nunquam
1151 1470 1312 1520 exstinctum
1339 1472 1368 1519 iri

316 1547 341 1594 t.
355 1544 379 1594 6.
397 1543 618 1606 supotempomm]
631 1541 678 1592 Oti.
692 1542 717 1601 t,
732 1541 808 1601 itt:
846 1544 878 1593 tis
906 1554 1066 1606 persuasum
1091 1544 1157 1592 erat.
1187 1542 1368 1613 Κοριωτέρος

284 1619 414 1682 maeos-
425 1642 440 1653 -
451 1617 521 1666 anni.
542 1645 570 1653 —
588 1618 645 1666 Nou
656 1615 744 1679 mnis]
762 1617 812 1665 Se-
846 1619 874 1667 et
889 1621 920 1666 ut
935 1618 1042 1680 epicum
1053 1618 1161 1680 poetam
1172 1617 1291 1668 decebat
1301 1619 1368 1680 virg.

284 1705 351 1742 neca
362 1691 534 1742 troad.382:
553 1692 592 1742 An
608 1693 653 1742 toti
666 1693 809 1753 morimur,
845 1692 911 1740 Aen.
931 1689 962 1750 9,
985 1689 1048 1740 tls:
1080 1692 1149 1740 Dum
1168 1691 1257 1740 ἀοοιω
1278 1693 1371 1742 Aeaeos

286 1767 407 1829 numque
434 1779 497 1829 pars
528 1772 613 1816 manet
643 1765 752 1816 Nostri?
781 1792 808 1801 -
846 1764 954 1826 capitoli
969 1764 1094 1814 inunotite
1110 1765 1371 1816 montcontour

284 1842 413 1904 multaque
433 1854 498 1903 pure
521 1841 584 1905 moi]
619 1841 731 1904 «ingenii
756 1840 810 1890 mei
841 1838 991 1900 perimitque
1011 1843 1089 1900 puter
1111 1840 1239 1888 Ronanus
1265 1840 1369 1889 tutem.

285 1919 485 1967 monumenta.»
846 1911 922 1962 ovid.
941 1913 1018 1962 Trist.
1037 1912 1067 1974 3,
1081 1913 1110 1973 t.
1123 1914 1151 1962 5⁴
1166 1926 1173 1961 ε
1190 1914 1309 1974 Drusique
1322 1917 1371 1964 wis

317 1991 342 2039 7.
361 1991 385 2041 8.
404 1988 547 2053 libitinam]
567 1988 673 2038 «Venus
687 1987 808 2047 Libitina,
845 1987 941 2036 vieti-ie
964 1999 1063 2037 munau
1086 1989 1117 2037 de
1139 1987 1265 2038 montibus
1289 1989 1370 2038 ortem

283 2063 334 2114 deu
344 2062 467 2114 funerum
477 2062 533 2127 (etr.
544 2060 809 2124 Dionys.llul.l,ttt.)
844 2062 980 2123 Prospiciat
1007 2062 1129 2111 domim
1152 2064 1251 2113 Martio
1275 2065 1368 2122 lionae,

284 2139 465 2201 metonymice
491 2151 540 2202 pro
563 2139 659 2187 morte.
683 2161 711 2171 -
742 2135 808 2185 Adv.
845 2135 925 2199 tepor.
953 2135 1061 2186 Cassius
1078 2136 1127 2184 Dio
1143 2137 1269 2200 Excerpt.
1288 2138 1368 2187 vatic.

282 2223 360 2270 iupus
375 2213 454 2275 iunge
466 2224 529 2261 curn
540 2223 566 2260 v.
579 2222 701 2272 crescam,
721 2223 810 2260 esem·
845 2223 872 2272 p.
892 2209 956 2260 titt:
986 2205 1130 2274 Σιβύλλης
1146 2207 1282 2280 χρησμὸς
1298 2209 1371 2272 ἐφά-

282 2297 333 2348 per
349 2297 504 2336 crescam:
523 2297 590 2334 non:
609 2297 687 2345 usqua
705 2297 808 2341 recessu
846 2297 933 2332 σκετο
943 2280 1125 2333 Καπιτώλιον
1136 2281 1299 2346 κεφάλαιον
1309 2280 1370 2335 iue-

283 2370 336 2421 qun
362 2359 553 2422 significatione
580 2370 659 2418 tuque
678 2369 732 2408 non
750 2358 810 2407 lun·
846 2358 918 2409 σθαι
942 2358 995 2422 τῆς
1019 2359 1194 2423 οἰκουμένης
1216 2361 1305 2430 μέχρι
1321 2358 1370 2425 τῆς

282 2433 352 2495 gitur
377 2433 426 2483 nisi
454 2445 516 2481 cum
533 2430 641 2490 verbis;
668 2445 719 2482 nee
744 2445 809 2481 vero
845 2429 897 2483 τοῦ
918 2428 1035 2498 κόσμου
1055 2429 1249 2496 καταλύσεως.
1280 2436 1368 2498 (Cete—

282 2519 361 2566 usoue
378 2509 438 2556 dum
448 2507 561 2567 scandet,
581 2518 650 2568 quae
662 2506 730 2556 ratio
742 2505 810 2555 toret
845 2520 906 2556 rum
931 2505 974 2556 illa
999 2506 1070 2556 Urbis
1089 2512 1208 2557 wtomua
1223 2521 1274 2572 pro
1290 2509 1368 2558 Ilm

282 2579 415 2644 pedestris
426 2580 596 2629 orationis-
603 2580 808 2644 postera-tostis]
845 2579 1026 2630 denominatio
1049 2579 1188 2630 dumtaxat
1207 2581 1281 2644 apud
1305 2588 1369 2646 pott-

286 2655 312 2704 in
330 2666 410 2716 prosa
422 2666 461 2701 or.
482 2655 679 2715 aposterorum,
696 2654 811 2716 posteri·
845 2655 886 2703 tas
910 2653 1023 2716 reperiri
1044 2653 1152 2703 videtur
1175 2653 1277 2718 moult.
1295 2657 1326 2717 2,
1344 2659 1368 2716 5,

282 2727 369 2777 tatis.»
390 2750 417 2761 -
437 2724 566 2787 crescam]
586 2725 685 2787 «magis
709 2728 810 2789 magis-
845 2726 911 2789 ti),
929 2729 987 2776 tum
999 2729 1087 2777 exstat
1097 2729 1123 2777 in
1134 2731 1290 2792 posterioris
1302 2732 1370 2780 tem-

284 2813 336 2864 que
349 2800 496 2862 agnoscent
512 2797 616 2848 futurae
635 2800 737 2850 aetates
753 2798 810 2849 lau·
844 2802 918 2865 poris
927 2799 1043 2850 nummis
1052 2803 1133 2864 atque
1144 2803 1369 2867 inscriptionibus.

282 2873 331 2924 des
349 2885 425 2922 meas
446 2871 566 2936 poeticus
589 2884 688 2935 meque
706 2874 808 2924 honore
844 2877 875 2924 ut
898 2876 925 2925 tu
951 2888 984 2924 ea
1009 2887 1092 2937 quam
1115 2875 1179 2925 dedi
1203 2875 1261 2926 Vol.
1279 2878 1312 2928 11.
1338 2880 1368 2928 N.

281 2947 505 3012 persequentur.»
540 2947 619 3010 erup.
646 2945 675 3008 3,
703 2947 731 3008 t,
760 2948 807 2997 3³:
845 2949 928 2999 tout:
948 2961 1014 3000 mr.
1033 2961 1127 2999 nouas.
1144 2961 1286 3001 murras.
1316 2951 1368 3002 Cir.

281 3019 333 3070 Noe
357 3033 408 3069 nou
432 3020 472 3069 itte
496 3019 534 3069 tui
558 3031 632 3070 coetu
655 3027 810 3072 munerator
845 3023 934 3073 Osann
963 3023 990 3072 iu
1016 3024 1226 3074 Zimmermauni
1252 3026 1368 3075 Ζοίτιον.

280 3094 403 3144 Homerus
432 3095 577 3144 Poetovitute
602 3107 675 3144 utun
700 3109 810 3146 ereum
846 3096 920 3146 4837.
938 3110 965 3160 p.
984 3095 1053 3159 tot.)

282 3167 358 3218 aeaut
382 3182 451 3231 opio.
482 3195 509 3205 -
536 3169 635 3233 renerus]
655 3182 809 3234 «uunquam
878 3171 902 3220 9.
924 3170 1048 3233 Spondet]
1067 3170 1151 3220 Varro
1162 3173 1190 3222 t.
1203 3173 1233 3222 t..
1245 3173 1272 3234 5,
1286 3172 1328 3224 tt.
1340 3185 1367 3236 p.

281 3241 432 3306 neglectus,
450 3243 512 3306 quia
524 3244 654 3295 memoria
666 3258 726 3294 mea
739 3258 810 3296 sem·
846 3242 989 3295 t9.ttutt.:
1007 3248 1084 3306 eaput
1100 3245 1288 3307 mutue,
1306 3259 1371 3308 pune
1424 3248 1434 3270 ⁰

281 3329 333 3379 per
347 3329 433 3366 reeens
449 3319 529 3380 utque
547 3315 695 3370 indelebilis
714 3331 809 3369 mane·
841 3318 951 3378 pertinet
959 3318 988 3366 in
994 3317 1092 3379 Arcera,
1106 3332 1245 3379 paosaoru
1251 3325 1371 3382 quotquot

281 3389 347 3440 bit.»
367 3414 394 3425 -
414 3391 474 3440 dum
492 3390 651 3454 Capitolimu]
669 3392 807 3442 :tutissime
844 3391 968 3441 moruus
983 3390 1091 3454 ttdtbus)
1106 3393 1368 3455 summarium.

280 3463 349 3514 haec
372 3465 517 3528 iunguntur
539 3478 601 3516 cum
620 3466 808 3529 praecedeuti·
846 3493 874 3502 —
891 3467 971 3515 tacito
986 3465 1094 3530 Μίνω]
1112 3465 1280 3518 «vestalibus
1291 3481 1371 3518 uene·

281 3537 348 3588 bus:
377 3551 617 3601 sisque--reeem
637 3553 725 3603 neque
742 3553 807 3590 vero
844 3538 966 3588 rabuude
989 3552 1022 3589 ao
1052 3541 1130 3590 tacite
1155 3540 1367 3592 incedentibus.»

282 3624 345 3662 cum
370 3613 472 3662 recenti
497 3613 643 3676 interprete
666 3615 702 3664 ita
724 3615 809 3665 disse·
842 3613 1369 3678 Ipsaeeuimsilentiumservabsnt,eum

282 3686 338 3735 ouri
354 3684 397 3735 vel
414 3687 502 3750 potius
520 3684 659 3737 dtlaeerart
675 3691 804 3750 possunt:
843 3687 960 3749 hymnos
978 3689 1116 3738 cantarent
1132 3689 1208 3739 chori
1224 3702 1369 3753 puerorum

279 3771 366 3809 reema
373 3772 383 3819 ,·
400 3760 461 3808 daun
472 3759 623 3822 Capitoliumn
634 3787 649 3798 -
659 3788 675 3797 -
681 3762 806 3824 pontifex,
843 3759 1048 3824 puellarumque
1056 3763 1235 3825 patrimorum
1243 3767 1272 3813 et
1282 3765 1370 3814 mutri-

281 3832 362 3884 Πίσαν
379 3833 430 3882 cet.
460 3859 488 3869 -
517 3833 665 3893 «Quamdiu
689 3835 808 3898 pontitex
844 3847 959 3886 morum.
989 3837 1368 3889 Neoveroeumnonnemiue

281 3907 414 3958 maximus
435 3919 498 3958 cum
522 3907 679 3970 pontificum
697 3907 808 3972 collegio
843 3910 948 3960 toeituu
961 3911 1134 3974 oirpinitutam
1150 3912 1225 3960 Statii
1241 3911 1325 3963 Theb.
1343 3913 1366 3971 2.

282 3981 309 4030 et
325 3981 471 4044 virginibus
487 3980 638 4033 Vestalibus
655 3981 808 4046 religiosum
844 3983 902 4033 232.
920 3983 974 4033 huo
992 3984 1091 4035 trahas.
1110 3983 1257 4035 Vestalium
1276 3987 1369 4049 imagi-

282 4051 417 4105 silentium
439 4055 592 4107 tenentibus
615 4055 711 4107 diebus
734 4056 808 4107 testis
845 4069 894 4107 nes
918 4057 980 4107 vide
1016 4059 1044 4108 iu
1070 4057 1149 4109 ttttttn
1174 4059 1233 4109 Get.
1258 4073 1297 4110 m.
1323 4061 1366 4117 ts.

283 4127 310 4176 in
327 4128 423 4180 aedem
440 4131 509 4180 lovis
527 4128 665 4194 Capitolini
686 4129 809 4180 sollemni
845 4131 903 4182 332.
921 4132 1042 4182 Gerhard
1059 4137 1113 4182 out.
1132 4132 1223 4182 Bilitio.
1237 4133 1266 4182 T.
1281 4133 1365 4184 xxiv.

283 4203 533 4264 pompaasoendst;
552 4203 669 4264 honest,
685 4204 810 4254 utnsem·
847 4231 876 4241 -
890 4204 1018 4269 pontifex]
1044 4205 1199 4256 Pontificem
1222 4207 1366 4257 maximum
