2934 4884
475 314 535 363 nm.
553 312 596 361 iv.
633 312 747 363 c.v111.
1131 314 1194 377 583

85 470 178 520 iadau
198 470 408 533 liomousctirre
422 469 646 520 weisevoneiaem
662 470 773 535 manger
793 470 879 534 berrat
897 472 997 533 utem,
1025 474 1069 523 aler
1085 472 1197 537 abege

84 566 175 618 penug
194 554 251 613 aas
262 554 308 603 ilco
324 552 500 603 murtatiola-sla
515 552 679 616 heimpeaaicbt
694 554 774 615 bam,
796 560 888 605 memte
904 556 988 606 minet
1003 556 1113 619 bill-pm
1127 556 1197 605 recht

83 638 199 699 sublbcr
217 638 332 699 watien,
350 650 406 687 war
422 637 519 698 Scipio,
547 636 656 699 obpleicb
676 636 794 699 miserat,
820 638 866 700 stit·
880 639 917 688 aie
931 640 1024 701 petbus
1045 639 1120 701 bone,
1143 640 1196 689 imo

84 722 173 771 dieser
195 720 318 771 eiam
337 732 398 769 war
418 720 545 783 parignei,
572 720 618 769 (loa
640 721 769 770 cadmios
789 735 824 770 aa
845 722 916 771 deon
935 722 1032 771 solebas
1049 722 1197 773 wobllbbtcr

84 805 140 866 aas
160 805 245 867 louge
264 804 314 855 seit
333 816 368 854 au
389 804 509 853 abatiam
544 805 587 855 Da
608 802 737 853 Hannibal
751 805 797 853 nsit
814 804 973 854 brebem
994 806 1085 856 barm
1106 806 1196 856 Italion

82 888 196 938 sertim
215 888 269 937 wiri
287 888 334 937 mit
351 887 476 937 webmullt
496 887 536 937 clio
555 886 639 949 (rucbt
663 886 838 951 ingeborga
857 892 1030 955 anebmpang
1044 891 1095 952 aus
1104 890 1198 939 dnmol

84 971 449 1033 cmkbletaeltoamcsste,
477 982 504 1021 m
528 970 603 1019 &aad
624 971 724 1020 eodan
746 970 840 1023 mite
859 984 906 1032 aa,
930 972 1196 1037 dleaerbwiaopalr

86 1056 165 1119 eilipe
181 1055 266 1117 slucltt
282 1066 318 1103 ru
339 1054 501 1105 boemiam:
527 1054 592 1103 dana
607 1052 669 1103 ollae
685 1054 822 1119 Magea&
840 1056 900 1104 colb
915 1055 982 1105 Mtte
997 1052 1125 1105 Hannibal
1139 1057 1195 1106 lta·

86 1139 139 1189 lica
160 1138 210 1187 nie
228 1137 387 1201 mqpegelen.
430 1138 574 1188 wicram
595 1137 723 1202 bawaria
738 1138 845 1200 Soipio'r
865 1139 940 1188 nbat
962 1140 991 1188 iu
1006 1140 1054 1189 aas
1075 1140 1195 1203 flammea

88 1222 262 1286 Germanou,
288 1222 328 1271 als
349 1222 426 1271 beses
444 1220 523 1271 durch
539 1220 586 1270 aar
602 1220 709 1284 liugom
726 1221 811 1282 Scipio
824 1225 932 1271 aerstbrt
945 1222 1048 1272 warde:
1074 1222 1138 1272 dem
1154 1224 1195 1273 dia

86 1304 257 1368 mogliebkait
276 1304 344 1353 Mau
360 1316 419 1353 war
434 1304 513 1353 dmi
533 1304 580 1352 deo
600 1303 696 1353 weron
713 1304 856 1367 augebam
871 1305 981 1354 worden¹
1016 1303 1060 1353 Ab
1082 1305 1195 1355 drittes

87 1389 188 1449 mittet,
220 1389 378 1451 reprom
400 1387 483 1437 bulas
504 1378 650 1448 deasciato
672 1386 854 1436 mandentes
877 1387 923 1437 ‹ler
946 1387 1194 1439 amoenaba-

88 1473 217 1535 wulm,
242 1472 310 1521 wira
330 1472 370 1520 die
387 1470 591 1533 verbenllcbuog
612 1468 736 1519 mlboo
757 1470 836 1519 auroli
850 1469 948 1519 Ennius
961 1469 1112 1531 bombast,
1138 1472 1192 1521 md

90 1556 188 1605 &aaa
205 1554 285 1603 mitet
300 1555 368 1603 intro
381 1566 428 1603 cor
444 1554 492 1602 deu
508 1552 592 1603 lewes
609 1553 706 1602 cadem
724 1553 878 1617 cervom
891 1553 1072 1616 dapem.»
1106 1554 1193 1617 Atque

90 1636 222 1687 similiter
237 1635 423 1698 Dillenbnrger
441 1636 493 1700 (ed.
510 1634 565 1699 alt.)
582 1634 616 1685 ad
634 1648 660 1685 v.
680 1635 726 1685 ⁴3:
755 1636 839 1695 «Quid
865 1635 917 1685 boc
937 1638 965 1685 el
988 1635 1191 1699 insequentibus

90 1720 225 1771 versibus
243 1721 322 1785 polita
338 1719 429 1769 dicere
444 1717 571 1779 voluerit,
595 1719 659 1769 satis
675 1718 848 1769 manifestam
869 1720 922 1781 est,
941 1718 1068 1769 nimirum
1080 1720 1193 1781 malian

90 1803 177 1852 {licere
192 1802 302 1852 mmm.
337 1802 427 1851 sallon
444 1803 631 1862 monumenta,
656 1801 755 1865 inquit,
776 1800 857 1853 titulis
878 1800 984 1866 publice
1001 1802 1140 1867 inscripta,
1159 1816 1193 1854 ne

91 1886 169 1949 ipsae
189 1884 303 1948 quidem
319 1896 432 1947 magnae
449 1896 494 1934 res
512 1886 603 1947 gestae
620 1885 760 1935 bominum
774 1887 897 1944 manent;
915 1886 1045 1948 temporis
1061 1887 1193 1950 perpetuo

92 1970 171 2018 motu
190 1966 322 2033 quidquid
337 1967 409 2017 bene
426 1968 584 2019 factumest
604 1966 744 2019 oblivionis
761 1967 870 2031 caligine
886 1965 1022 2031 paullatim
1039 1966 1189 2020 obducitur.

92 2052 185 2110 Quare
205 2050 269 2101 nibil
286 2052 320 2101 ad
336 2052 460 2115 posteros
475 2052 600 2115 pervenit
615 2052 665 2101 nisi
681 2051 755 2114 quod
771 2052 854 2100 lixum
865 2051 1055 2113 firmatumque
1067 2052 1109 2101 est
1124 2055 1192 2115 poll-

94 2138 187 2185 tarum
206 2135 324 2185 aeternis
340 2134 546 2185 carminibus„
563 2134 617 2184 Sed
634 2138 664 2185 ut
679 2136 775 2198 poetae
793 2132 892 2192 soient,
911 2131 1041 2197 exemplis
1057 2146 1122 2183 usus
1139 2136 1189 2185 ast.

95 2218 194 2269 citeras
210 2220 289 2283 litque
306 2219 347 2281 (ea
363 2218 443 2281 ltalia)
457 2220 484 2268 et
498 2220 606 2269 reiectae
620 2218 705 2267 minae
714 2216 863 2267 Hannibalis
873 2216 1025 2279 Scipionem
1036 2214 1190 2267 Africanam
1265 2272 1268 2277 ,

94 2303 244 2363 maiorem,
262 2301 361 2352 deinde
378 2303 494 2353 incendio
504 2303 668 2366 Karthaginis
678 2302 811 2351 minorem
821 2299 975 2351 Africanum
988 2299 1114 2360 indicant,
1133 2301 1191 2350 tum

95 2385 223 2437 Calabra
238 2386 348 2437 Plataea
363 2386 460 2435 iterum
478 2384 512 2435 ad
529 2387 660 2436 maiorem
676 2383 836 2435 referendae
853 2385 927 2445 sunt,
946 2384 1074 2447 quonlam
1090 2378 1191 2433 Ennius

96 2468 188 2520 llndiis
208 2468 346 2521 Calabriae
364 2469 463 2534 oppido
481 2470 559 2519 natus
576 2470 707 2519 maiorem
727 2468 878 2532 Scipionem
895 2467 1015 2517 carmine
1035 2464 1189 2516 celebravit.

96 2550 170 2609 Quae
191 2550 227 2601 ab
244 2550 327 2602 altero
349 2551 384 2601 ad
408 2550 521 2601 alierum
555 2553 707 2615 Scipionem
731 2551 850 2601 transitio
875 2549 973 2615 quibus
998 2548 1131 2614 displicet,
1157 2550 1190 2600 lis

94 2634 214 2685 incendia
234 2647 288 2685 non
310 2636 373 2685 sunt
394 2634 562 2697 intelligenda
585 2635 619 2685 de
642 2633 709 2684 urbe
726 2648 743 2683 a
758 2635 881 2699 Scipione
902 2634 1005 2684 minore
1029 2632 1187 2693 combusta,

97 2718 203 2769 sedda
224 2717 337 2769 navibus
365 2720 393 2783 el
419 2720 499 2782 portu
523 2719 657 2769 amalore
683 2718 805 2782 Scipione
831 2717 955 2768 incendio
972 2715 1078 2778 deletis,
1106 2728 1189 2780 quam

97 2801 279 2853 calamitatem
308 2802 541 2864 Karthaginienses
575 2814 629 2851 non
655 2802 744 2852 minus
777 2814 857 2864 aegre
890 2799 1021 2862 tnlemnl,
1056 2812 1138 2863 mam
1166 2798 1190 2849 si

97 2884 153 2947 ipsa
173 2884 241 2935 urbs
257 2887 331 2937 esset
346 2883 460 2935 deleta.»
486 2882 576 2934 Paullo
593 2886 681 2935 minus
693 2882 801 2948 placent
817 2886 897 2948 atque
919 2884 1081 2947 ingeniosius
1104 2894 1187 2945 quam

95 2966 263 3030 probabilius
287 2968 421 3033 disputata
451 2968 589 3029 videntur,
625 2980 695 3032 quaa
726 2980 812 3031 nuper
840 2966 1004 3031 διώκων)
1036 2967 1070 3017 de
1096 2966 1189 3016 nostro

96 3048 154 3101 loco
185 3052 303 3116 scripsit:
343 3050 466 3101 «Horatio
488 3052 666 3114 Romanisque
690 3050 758 3099 haec
788 3048 937 3111 legentibus
959 3049 1094 3113 quaedam
1122 3048 1189 3099 arti·

96 3132 179 3187 ficum
201 3136 374 3186 monumenta
400 3136 462 3185 anto
491 3132 583 3185 oculos
611 3132 692 3183 luisse
721 3132 786 3182 mibi
814 3131 925 3194 quidem
951 3144 1114 3195 persuasum
1134 3132 1184 3181 esi.

97 3217 294 3270 Sententiarum
319 3218 391 3269 enim
416 3229 501 3268 nexus
528 3216 565 3280 (v.
590 3216 621 3265 43
647 3214 720 3278 sqq.)
747 3213 877 3275 ostendit,
904 3212 994 3263 verbis
1019 3212 1069 3263 illis
1098 3212 1189 3263 celeres

96 3298 172 3364 laque
194 3305 245 3353 cet.
270 3315 322 3352 non
343 3300 433 3363 lugam
456 3302 543 3363 ipsam
564 3299 614 3350 sed
635 3298 724 3361 lugam
752 3309 888 3347 marmore
912 3307 1077 3359 expressam
1094 3292 1187 3344 decla·

97 3386 157 3435 rari.
195 3386 287 3449 ltaque
305 3382 348 3434 illa
370 3385 457 3434 aetate
480 3383 610 3447 Scipionis
631 3382 737 3431 melone
756 3380 961 3431 monumentum
983 3378 1083 3428 Itomae
1105 3376 1188 3426 luisse

99 3468 202 3527 statuo,
223 3469 250 3519 in
272 3480 325 3532 quo
347 3468 419 3518 cives
440 3468 468 3517 et
485 3468 574 3531 ipsum
595 3464 755 3529 spectabant
772 3464 871 3514 ducem
888 3464 1025 3525 egregiam
1049 3472 1186 3511 marmore

100 3550 218 3603 eloctum
244 3553 297 3617 (vs.
319 3551 373 3614 tl.)
396 3553 423 3601 et
444 3564 489 3602 res
513 3548 581 3600 illius
605 3546 758 3613 praeclaras
782 3547 838 3597 sive
863 3556 997 3596 marmore
1020 3544 1076 3593 sive
1098 3545 1186 3594 aereis

99 3635 228 3687 columnis
252 3636 297 3701 (ci.
332 3635 467 3701 lamprid.
498 3632 571 3685 Alam
598 3634 657 3684 Sev.
685 3645 708 3682 c.
735 3630 793 3693 28.)
818 3628 1046 3694 repraesentatas:
1083 3625 1186 3676 celeres

99 3718 249 3771 Poenorum
281 3732 315 3769 ex
349 3717 422 3769 ltalia
453 3718 529 3780 luges
558 3714 766 3780 Hannibalisque
799 3713 982 3778 nequidquam
1010 3709 1186 3762 minitabundl

100 3804 179 3867 atque
207 3804 336 3867 Scipionis
360 3800 454 3853 ultoris
486 3804 514 3852 in
547 3800 661 3852 siricam
695 3800 881 3851 traiectionam
910 3798 942 3860 (r.
973 3793 1028 3857 til:
1063 3791 1185 3845 incendia

155 4178 172 4229 ¹)
189 4174 323 4219 Communi.
340 4174 420 4219 llorat.
438 4172 542 4228 specim.
559 4183 609 4217 soc.
626 4183 641 4226 p
666 4172 679 4216 9
695 4180 730 4223 sq.
