2934 4884
478 372 579 423 LlllEll.
616 373 714 424 ciali.
735 375 765 424 ll.

294 531 478 596 Certantern
500 539 533 594 et
554 547 650 594 uvam
673 551 853 616 purpurae,

251 651 324 728 Qua
344 660 533 716 muneretur
553 661 605 724 te,
629 649 759 737 Priape,
784 661 816 716 et
838 661 883 723 tc.
908 663 1000 738 pater

292 770 439 847 Silvano,
462 781 549 837 tutor
569 770 700 836 finium!

250 891 342 958 Libet
364 893 473 958 iacere
495 892 593 959 modo
615 891 678 958 sub
700 893 832 980 antiqua
855 893 944 970 ilice,

292 1011 387 1078 llodo
409 1014 443 1078 in
464 1013 568 1080 tenaci
590 1013 743 1101 gramine.

248 1133 415 1200 Labuntur
435 1133 507 1200 altis
529 1135 657 1202 interim
678 1135 757 1223 ripis
782 1155 905 1222 aquae,
1125 1140 1165 1202 25

294 1255 481 1333 Queruntur
503 1255 535 1320 in
556 1255 646 1321 silvis
668 1277 762 1332 aves,

142 1455 184 1503 20.
200 1465 320 1514 purpura
337 1450 428 1502 Bland.
448 1455 580 1515 quattuor.
601 1452 641 1513 (lli
656 1465 720 1513 nos,
740 1455 831 1515 nostri,
849 1453 958 1505 Bentleii
976 1459 1003 1506 et
1019 1457 1134 1507 Poltierii

110 1528 206 1588 codd.)
228 1553 253 1564 ·-
284 1527 325 1576 il.
345 1527 406 1588 Quis
422 1528 531 1577 auctore
549 1528 742 1590 Cuniughamio
761 1529 787 1578 F.
816 1555 843 1566 ·-
874 1531 915 1580 25.
934 1531 996 1580 rivis
1012 1529 1131 1582 Blandln.

108 1603 265 1666 antiquiss,
284 1600 384 1651 «Codd.
403 1599 521 1651 nonnulli
546 1601 627 1651 elium
648 1602 839 1664 antiquissimi»
865 1603 992 1665 Bentleii,
1019 1606 1134 1657 Potllerii

108 1677 254 1735 undecim,
274 1677 333 1726 Fea.
352 1675 431 1738 (liipis
448 1676 556 1726 &mant
572 1676 690 1738 quinque
708 1677 781 1740 mei.)

78 1851 193 1901 etovid.
211 1850 394 1910 Meteone:
412 1851 603 1912 Etdepmpe-
641 1851 780 1902 nmbrosa.
813 1881 839 1890 -
869 1855 967 1920 tenum]
998 1857 1056 1906 «im
1082 1856 1167 1907 Bodeu

77 1927 253 1975 reiscollertue
263 1923 354 1974 uitibiu
363 1939 435 1974 uvae.
462 1925 603 1975 Cornelius
639 1927 811 1988 felicitando,
830 1941 954 1990 «gromen
968 1928 1036 1978 adeo
1051 1929 1165 1980 densum

77 2003 193 2050 Severus
215 2000 242 2048 in
268 1997 356 2048 libello
382 1999 416 2048 da
441 2012 501 2061 geu.
528 2013 601 2050 nom.
641 2014 673 2048 ac
699 2001 833 2063 spissum,
861 2005 889 2051 ut
914 2003 956 2051 vix
974 2017 988 2052 e
1006 2003 1063 2053 solo
1089 2004 1166 2055 evelli
1271 2009 1279 2024 ⁸

77 2075 119 2124 ed.
137 2075 227 2137 llaupt
243 2084 301 2136 pag.
321 2072 371 2123 sl:
393 2112 397 2121 .
420 2111 425 2123 .
447 2111 452 2122 .
475 2110 481 2122 .
501 2087 604 2136 μηπ-
641 2076 732 2138 possit,
759 2087 791 2123 ac
814 2079 924 2138 propter
941 2076 992 2125 hoc
1010 2078 1097 2141 ipsum
1115 2080 1167 2128 ho-

75 2150 125 2198 reis
135 2147 416 2212 pemeupniipinm
425 2147 488 2196 stou.
507 2149 603 2199 Nostro
641 2149 705 2199 mini
721 2149 748 2198 in
766 2162 799 2198 eo
817 2149 911 2198 iacenti
930 2148 1034 2202 mollius
1051 2153 1166 2214 gratius-

76 2222 135 2273 loco
151 2220 238 2271 codd.
256 2219 317 2284 aliq.
330 2234 462 2282 perpetrm
484 2221 532 2270 sed
553 2223 600 2273 clr.
641 2235 694 2284 que
711 2221 799 2272 cubile
816 2223 946 2287 praebeat
962 2237 1043 2287 quam
1054 2238 1166 2289 gramen

76 2297 123 2346 0d.
133 2298 160 2356 2,
170 2296 195 2354 6,
207 2295 247 2343 15.
261 2295 308 2357 Ep.
323 2295 363 2354 11,
375 2295 415 2344 18.
426 2295 479 2343 Set.
490 2297 515 2354 2,
525 2297 550 2355 5,
561 2296 601 2346 itt.
640 2309 757 2346 rarum.»
771 2296 852 2347 Aliter
864 2297 1062 2361 Dillenhurger:
1078 2299 1166 2362 «quod

107 2368 197 2419 at-et.
226 2369 290 2433 Quo]
313 2369 394 2431 lllagis
411 2369 516 2432 poetica
535 2371 602 2420 ratio
640 2370 765 2421 euntibus
789 2371 1011 2436 impedimentum
1035 2375 1076 2423 est
1100 2387 1166 2438 pro-

75 2445 197 2503 videtur,
215 2446 246 2493 ut
261 2456 338 2507 pron.
357 2442 498 2493 relalivum
518 2442 601 2493 lormu
640 2444 767 2506 cedendi,
787 2445 859 2508 quod
876 2445 959 2510 pedes
972 2447 1049 2510 quasi
1065 2449 1164 2498 tenet.»

75 2531 123 2568 sua
138 2518 270 2567 exteriore
283 2517 318 2566 ed
334 2518 486 2581 proximum
498 2518 601 2567 tantum
640 2519 732 2568 Mirum
750 2519 879 2569 Torrentli
902 2521 1163 2584 interpretationem:

76 2605 175 2642 nomen
193 2590 338 2651 referetur,
358 2603 440 2653 quum
457 2592 486 2640 ut
502 2591 603 2657 ample·
642 2591 729 2654 «quod
746 2592 922 2644 recubantem
940 2597 1027 2644 virore
1044 2608 1093 2644 suo
1114 2594 1165 2645 ob-

75 2670 182 2717 clamnr
206 2677 434 2728 supervacaneam
466 2667 603 2715 coniectu·
640 2663 721 2714 lectut
738 2668 764 2715 et
781 2668 915 2726 retinen»
942 2668 1071 2731 optimam
1087 2670 1165 2718 vocet

75 2753 134 2792 mm
151 2739 216 2800 ertit.
236 2766 264 2774 -
281 2738 384 2802 Priape]
403 2739 488 2802 Priup.
505 2739 550 2800 82,
569 2738 600 2790 i:
639 2739 748 2789 llohrus
764 2753 791 2804 p.
811 2740 852 2791 36.

74 2815 196 2865 Asnam
218 2817 300 2862 cautos
323 2813 393 2861 nois
413 2817 442 2862 itt
462 2825 514 2862 esse
532 2813 600 2862 velis.
672 2815 713 2864 25.
732 2816 773 2864 26.
792 2817 903 2882 ineunt]
921 2816 1167 2867 ndumstretusest

75 2891 187 2953 Priapus
213 2889 239 2937 iu
264 2887 366 2948 lleyeri
390 2885 496 2938 Anthol.
521 2889 549 2937 L.
568 2889 599 2938 N.
639 2887 666 2937 in
692 2889 804 2940 herbum
832 2917 860 2928 -
888 2891 1055 2955 altis-ripis]
1080 2891 1164 2950 Altae,

75 2963 156 3014 l698:
174 2963 238 3012 llilti
253 2961 348 3010 corolla
361 2961 433 3023 picto
447 2975 507 3011 vere
524 2963 602 3025 poni-
640 2961 778 3023 excelsae,
805 2965 878 3029 ripae
904 2968 1015 3029 propter
1037 2966 1118 3015 liores
1140 2967 1167 3015 et

72 3043 131 3098 tur,
149 3037 212 3086 llilti
228 3035 320 3085 ridete
335 3037 417 3085 misto
427 3037 478 3086 tole
492 3037 599 3099 semido,
638 3034 759 3098 virgulta,
773 3037 871 3099 quibus
882 3041 994 3088 vestitae
1003 3041 1073 3097 sunt,
1084 3040 1165 3090 eliam

71 3109 601 3172 lliltieirenteduleisueopompino,lliii
639 3112 750 3173 propter
780 3124 861 3174 rupes
899 3114 1082 3174 prominentes
1115 3126 1166 3162 ne-

71 3186 169 3250 plouco
188 3185 253 3233 duro
272 3184 339 3233 diva
358 3189 428 3233 cocta
445 3185 550 3247 [ripere.
571 3213 599 3222 -
639 3185 695 3234 scio
712 3184 776 3246 quid
794 3184 895 3234 habent
911 3187 976 3248 grati
995 3185 1029 3234 ad
1054 3198 1165 3236 sensum

69 3258 156 3322 pater]
173 3271 318 3308 commune
330 3257 445 3307 deorum
456 3257 599 3308 ἐπίθετον.
640 3258 823 3318 amoenitatis;
854 3257 916 3308 nihil
944 3260 1036 3308 contra
1065 3260 1165 3309 tristius

73 3361 103 3369 -
113 3331 226 3396 Silvano]
235 3332 305 3394 virg.
317 3336 384 3382 Aen.
396 3332 420 3392 8,
431 3332 476 3382 6111
490 3347 495 3380 :
510 3332 602 3396 (silva-
639 3334 751 3396 aspectu
762 3333 826 3396 ripis
837 3333 978 3382 llumiuum
991 3331 1166 3394 marginibus·

71 3408 116 3468 nol
127 3407 407 3468 Areonenpeeorisque
417 3406 474 3465 deo;
488 3405 514 3456 h.
525 3405 543 3456 l.
553 3444 559 3466 ,
571 3408 603 3455 ut
640 3419 692 3469 que
709 3407 829 3457 rivorum
847 3405 998 3470 depressis,
1017 3403 1118 3456 ulvosis
1133 3418 1165 3454 ee

70 3481 134 3531 alibi
144 3480 295 3541 Terminus,
305 3481 526 3544 esitatortlnlmn.
540 3480 598 3530 Vet.
638 3478 782 3544 paludosis.
818 3481 942 3543 Elquam
955 3480 1075 3529 contorta
1087 3492 1166 3544 prae·

70 3559 151 3608 Auci.
165 3555 200 3606 de
212 3555 298 3605 limit.
308 3567 335 3618 p.
346 3555 403 3605 291.
415 3557 503 3606 does:
518 3556 603 3605 Omnis
639 3556 714 3604 terea
740 3555 782 3604 est
805 3553 888 3604 altera
910 3553 989 3604 lectio
1011 3553 1069 3603 altis
1087 3553 1165 3618 (pro-

66 3631 192 3695 possesrio
216 3634 267 3678 tres
288 3629 405 3678 Siluanos
427 3628 512 3689 luben
537 3641 603 3679 unus
639 3626 742 3688 lundis)
771 3629 834 3678 riuis
861 3627 980 3678 nitentur
1007 3629 1106 3688 aquus!
1137 3653 1163 3663 -

68 3707 167 3756 diodor
186 3705 348 3763 medere,
372 3705 518 3766 possessioni
539 3718 601 3754 con-
638 3702 765 3767 Exempla
783 3706 873 3754 autem
898 3717 913 3753 u
938 3705 988 3754 Fea
1013 3702 1090 3753 allata
1112 3714 1165 3752 non

68 3784 199 3837 sacratim
222 3779 287 3828 ulter
303 3778 396 3827 dioilm
412 3778 533 3841 aaronis,
548 3792 600 3840 pe-
637 3776 765 3841 probant,
794 3778 866 3841 quod
884 3777 926 3828 llle
943 3777 1087 3842 probatum
1104 3775 1164 3836 lvit,

68 3853 193 3905 enudus
208 3858 380 3910 consecratum
406 3853 495 3901 tertiato
508 3853 601 3901 duitor
638 3851 703 3900 altos
720 3852 790 3901 rivos
806 3864 855 3915 pro
871 3853 933 3901 riuis
950 3851 981 3901 ab
999 3853 1058 3901 ultis
1072 3851 1166 3900 mouli-

68 3927 214 3986 orienlolis,
249 3927 291 3976 eal
318 3931 353 3976 est
377 3927 405 3976 in
429 3928 535 3991 confinio
563 3927 601 3976 lo·
638 3924 683 3974 litu
704 3925 866 3989 &plumulis-r
886 3925 937 3976 dici
964 3939 1052 3988 posse.
1079 3923 1163 3975 Codd.

68 4017 115 4053 esu
127 4003 235 4066 pontus
254 4002 385 4066 inscripti.
404 4013 441 4051 m.
455 4002 510 4050 Lat.
524 4002 597 4050 tole:
638 3999 703 4049 item
720 3999 863 4048 auctoritas
882 4000 987 4048 nostrae
1005 3996 1067 4048 lect.
1085 3997 1163 4048 lavet.

68 4078 176 4128 Siluano
192 4089 268 4125 moro
288 4075 414 4125 seruielsue
437 4074 543 4138 frusino
568 4076 600 4124 lit
641 4100 667 4109 -
688 4071 846 4135 Qummmr]
869 4073 911 4122 Sic
932 4067 1093 4142 μύρεσθαι,
1115 4089 1165 4138 μι-

67 4152 145 4202 Mite
164 4150 212 4201 alti
231 4161 328 4199 mmo
346 4154 429 4200 eustos
447 4149 549 4198 ltortud.
570 4176 598 4184 -
638 4148 776 4215 νυρίζειν,
814 4146 848 4196 de
877 4144 984 4197 avibus:
1036 4147 1091 4196 «lte
1119 4159 1165 4196 oa-

70 4223 189 4287 antiqrtu]
207 4226 234 4274 et
250 4224 395 4287 propterea
411 4221 500 4288 patula
518 4224 600 4284 alque
638 4224 712 4281 nunt,
731 4225 761 4271 ut
779 4221 853 4284 queri
864 4219 1013 4282 videantur,
1033 4221 1165 4285 imprimis
