2934 4884
524 327 583 376 LlB.
602 327 644 376 lll.
681 329 709 376 C.
729 329 760 378 ll.

374 482 477 546 Vexat
498 499 601 566 eques
624 482 819 550 metuendus
840 482 932 550 hasta

294 639 462 724 vitamque
485 636 546 703 sub
569 637 644 703 divo
667 649 698 704 et
720 640 855 728 trepidis
877 653 951 728 agat

292 761 327 824 la
348 757 457 825 rebus.
502 757 594 824 lllum
617 779 657 824 ax
679 761 850 828 moenibus
871 761 1004 830 hosticis

335 879 478 945 Matrona
500 877 648 944 bellantis
671 882 797 967 tyranni

374 999 580 1087 Prospiciens
603 1009 634 1064 et
656 999 765 1066 adulta
785 1001 876 1088 virgo

290 1157 450 1243 Suspirat,
477 1156 576 1232 eheu,
601 1177 642 1223 no
667 1157 757 1223 rudis
779 1159 941 1245 agminum

292 1279 439 1364 Sponsus
462 1276 601 1344 lacessat
623 1279 732 1364 regius
755 1299 908 1366 asperum

332 1399 429 1464 Tacta
452 1397 595 1474 leonem,
620 1419 717 1486 quam
742 1409 875 1466 cruenta

374 1519 436 1584 Per
459 1517 583 1584 medias
606 1519 688 1605 rapit
710 1519 758 1584 ira
780 1519 908 1586 caedes.

180 1711 205 1758 5.
224 1707 266 1756 clio
281 1707 321 1756 Ct.
343 1733 371 1743 -
389 1707 446 1756 diuo
463 1707 565 1768 trepidis
581 1707 703 1768 Doarlng.
723 1705 854 1756 lleiutavit
869 1709 959 1772 Regsl.
975 1735 1002 1746 -
1022 1711 1077 1774 (Vr,
1091 1713 1172 1762 5-st

151 1782 251 1832 desunt
267 1781 294 1830 in
311 1780 350 1842 Β.)
371 1807 398 1817 -
417 1780 440 1830 a.
458 1780 506 1830 lea
520 1780 568 1830 lea
584 1780 609 1828 d.
630 1781 718 1830 Ceteri
735 1782 789 1829 mei
806 1782 872 1832 eheu.

148 1940 171 1989 ³.
190 1939 215 1990 l.
241 1938 360 2002 manos]
379 1939 426 1988 llio
442 1934 559 2004 γνώμας
576 1951 641 2000 prn-
678 1949 722 1987 res
740 1951 843 2000 pugnas
860 1938 975 1989 heroum
987 1954 1002 1990 a
1014 1941 1132 1994 turribus
1143 1957 1207 2007 pro-

114 2027 218 2077 ponens
229 2012 339 2077 proprio
350 2013 432 2062 utitur
443 2013 565 2072 uomina,
578 2011 640 2062 alibi
677 2015 811 2075 spactant3
838 2013 903 2062 item
924 2014 1053 2075 Antigone
1075 2017 1102 2066 iu
1120 2017 1204 2068 muris

114 2100 195 2151 saepe
218 2087 375 2152 praeterens
395 2087 500 2150 palatim
519 2086 562 2137 vol
584 2089 640 2138 lle-
676 2085 818 2136 Thebanis.
838 2085 935 2148 (Eurip.
949 2087 1048 2138 Phaon.
1062 2089 1113 2150 88.)
1132 2091 1202 2153 virg.

113 2163 203 2212 ἀοηη
226 2160 271 2212 vel
295 2162 428 2212 Persam
450 2159 589 2212 vocabula.
610 2189 637 2199 -
676 2161 743 2208 aaa.
770 2159 811 2208 tt.
830 2157 895 2208 tlt:
934 2159 995 2208 Trea
1018 2173 1105 2212 maroe
1127 2164 1205 2212 narie

118 2235 203 2299 lavet]
233 2237 343 2296 «urgeat
367 2237 394 2284 et
411 2234 553 2285 conturbet
569 2235 639 2286 aori-
675 2233 779 2282 cineae
802 2245 898 2281 emona
919 2234 1054 2284 Matronae
1068 2238 1200 2298 mumque.

116 2311 208 2372 terque
227 2311 431 2372 persequatur.»
676 2306 753 2356 Silius
772 2307 800 2364 2.
818 2305 880 2354 tat:
908 2306 1072 2357 eoscum
1088 2315 1201 2372 mares,

146 2385 170 2432 5.
196 2381 243 2432 sub
259 2383 316 2432 divo
334 2387 357 2430 et
373 2382 487 2444 trepidis]
517 2385 561 2434 «et
577 2395 638 2434 cum
675 2380 787 2441 esusque
814 2394 828 2429 e
850 2379 958 2430 rumne
981 2382 1051 2430 muri
1075 2384 1203 2435 Lamentis

116 2455 235 2507 molestia
261 2458 290 2506 et
314 2457 341 2506 in
364 2455 515 2520 periculis.»
556 2458 640 2508 Parti·
675 2469 727 2504 vnn
738 2455 822 2503 entatu
836 2459 916 2502 sonat.
935 2455 1093 2506 Stat.‘lheb.
1107 2457 1200 2517 mlii:

116 2529 171 2580 cula
188 2537 212 2581 et
228 2543 323 2580 carere
340 2544 394 2580 uon
405 2543 557 2594 possumus,
577 2544 639 2582 oum
675 2530 792 2578 Nonam
807 2529 883 2578 laetu
898 2529 981 2588 α’νω,
1004 2531 1101 2592 neptun
1118 2537 1202 2582 mnne

116 2607 201 2668 inepta
219 2605 255 2656 sit
271 2605 417 2656 sententia:
446 2605 542 2656 «vitam
560 2605 640 2668 degat
676 2603 776 2666 aprinae
799 2608 894 2652 matres
913 2603 1084 2654 &ascendant
1106 2619 1202 2668 metros,

116 2681 140 2730 in
156 2677 282 2743 periculis
304 2679 355 2730 sub
376 2679 465 2730 divo.»
488 2679 598 2740 Trepidis
613 2681 639 2729 in
675 2679 732 2727 inde
748 2690 824 2726 aesna
843 2678 949 2726 nimmia
970 2677 1038 2726 nane
1053 2679 1086 2728 lit
1108 2680 1202 2740 sonni-

116 2754 185 2804 rebus
202 2753 268 2802 dixit
285 2753 365 2804 etiarn
381 2753 468 2802 livius
483 2752 512 2812 l,
532 2753 572 2802 ta.
592 2753 637 2813 at,
676 2753 772 2800 wadon
785 2757 927 2801 emmeram
941 2752 986 2800 sub
997 2755 1092 2803 cande
1105 2760 1200 2815 patres.

117 2828 153 2878 lt.
171 2829 199 2876 in
214 2840 245 2876 re
261 2827 361 2888 trepida
377 2829 406 2886 ll,
424 2827 465 2876 50.
492 2825 585 2876 Tibull.
608 2828 637 2887 2,
708 2826 732 2874 9.
751 2825 877 2889 Srapiret]
890 2827 1121 2888 etacitasecum3»
1139 2843 1202 2881 nam

117 2901 143 2962 ³,
159 2903 207 2952 ll:
226 2900 638 2962 nepteupettereoramtermn.
676 2900 735 2950 aius
758 2899 948 2950 sollicitudines
973 2900 1117 2962 significat,
1146 2918 1202 2956 aon

118 2973 179 3026 Alibi
198 2975 315 3034 «dubiis,
338 2973 521 3038 periculosis.»
676 2973 760 3036 ipsius
788 2972 914 3036 querelae
938 2973 1021 3024 verba
1049 2975 1140 3026 retest.
1173 3005 1200 3014 -

146 3049 169 3100 6.
197 3049 286 3112 [Μ]
321 3049 414 3100 Totam
438 3047 508 3098 hano
533 3063 638 3113 pugnae
676 3046 780 3110 necet]
793 3045 928 3105 «sollicita,
939 3060 989 3096 ne»
1000 3051 1051 3098 cet.
1069 3050 1204 3102 Metuendl

118 3137 223 3174 scenam
257 3123 363 3184 egregie
397 3136 429 3172 ao
457 3124 638 3188 maximopere
677 3120 1160 3184 euimnotioiaestinverboeusplret.
1173 3152 1201 3162 -

118 3192 263 3259 δεικτικῶς
288 3199 349 3248 anto
375 3195 468 3248 oculos
495 3197 572 3248 uobis
589 3212 639 3262 po-
677 3193 819 3258 apmiewn]
838 3194 919 3242 totius
929 3194 969 3242 rei
980 3193 1114 3256 militaris,
1128 3199 1203 3248 cuius

118 3273 181 3322 suit:
203 3271 291 3320 «tumn
307 3271 479 3320 fortissimum
497 3283 530 3321 ao
547 3271 640 3324 lormi-
677 3268 750 3318 haud
757 3268 866 3318 minima
873 3279 937 3329 pars
943 3269 1086 3328 estagmeu
1092 3268 1201 3322 ducere.

119 3343 233 3396 dandum
252 3345 377 3394 iuvenum
397 3345 567 3394 Romanum·
586 3347 647 3410 oet„
710 3344 752 3393 to.
786 3341 1029 3404 Sporum-reptas]
1062 3343 1203 3405 Accipien-

119 3419 166 3470 Cir.
187 3418 295 3470 Nitzseh
314 3417 385 3481 apud
405 3416 558 3469 Liibkerum
578 3433 638 3483 pag.
677 3417 743 3467 dum
760 3416 794 3466 de
811 3414 877 3465 allus
894 3414 964 3476 regis
989 3414 1118 3464 foederati
1138 3416 1201 3478 tillo,

118 3492 168 3542 lli.
189 3520 218 3529 -
237 3492 349 3556 mans]
366 3493 470 3554 postica
488 3492 574 3542 torma
591 3507 639 3557 pro
676 3493 706 3540 ut
730 3488 869 3541 Coroebus
889 3490 1000 3552 propter
1022 3489 1202 3540 Cassandram

118 3567 251 3626 mnibus,
270 3568 299 3614 nt
314 3566 438 3628 penaten,
463 3579 517 3629 quo
534 3567 639 3618 Tacitus
676 3565 781 3616 Troiam
803 3565 923 3615 venerat.
943 3590 971 3600 -
998 3563 1114 3628 meeum]
1142 3578 1204 3616 esu-

118 3640 208 3700 utitur,
228 3642 256 3688 et
272 3641 372 3688 amous.
395 3667 424 3676 -
443 3641 498 3690 lam
517 3640 552 3690 ad
571 3642 639 3692 ima·
676 3638 761 3704 parba
784 3642 812 3688 el
831 3641 923 3690 tamen
943 3639 1001 3689 sine
1022 3652 1152 3690 successu
1168 3640 1203 3691 ad

119 3714 217 3774 ciuem,
237 3726 306 3776 quae
324 3715 421 3764 mentis
438 3712 522 3766 oculis
539 3713 638 3766 obvar-
676 3725 794 3778 pugnam
825 3715 979 3777 provocet.»
1018 3740 1046 3750 -
1083 3727 1203 3776 espanes

119 3791 198 3848 satur,
218 3788 331 3838 transire
349 3790 472 3838 maturat.
678 3790 756 3840 Tacta
779 3788 887 3852 uonna]
926 3801 1024 3850 «quem
1051 3789 1074 3838 si
1099 3789 1201 3849 tangas,

147 3863 169 3912 l.
187 3861 322 3925 notram]
341 3864 370 3912 ut
388 3863 441 3912 iam
456 3863 527 3925 apud
539 3864 640 3914 Homa—
678 3865 865 3926 exasperatur,
911 3861 974 3911 furit
1006 3861 1203 3924 prosternitque

118 3947 173 3986 rum
198 3934 234 3998 (ll.
252 3953 285 4001 y,
307 3936 373 3998 tut.)
393 3939 420 3986 et
435 3937 543 3988 Hesiod.
566 3940 637 3988 Sout.
678 3940 788 4001 propius
804 3935 992 3985 accedentes.»
1010 3933 1081 3984 lliad.
1095 3949 1126 3993 u,
1145 3935 1201 3984 tia.

119 4008 176 4060 tls:
213 4012 248 4060 ai
274 4009 305 4062 tt
331 4016 465 4077 γυναῖκες
490 4008 640 4077 ἐϋδμήτων
678 4013 711 4062 de
735 4010 829 4075 leone:
872 4005 937 4071 ἰθὺς
969 4011 1088 4078 φέρεται
1111 4008 1201 4071 μένει.

118 4082 161 4133 ἐπὶ
177 4081 290 4156 πύργων
306 4081 441 4136 Χάλκεον
464 4079 518 4149 ὀξὺ
540 4083 638 4148 βόων,
677 4085 755 4137 Silius
772 4087 801 4146 7,
820 4085 877 4136 40⁰.
905 4084 939 4134 (le
957 4080 1117 4133 Hannibale:
1148 4081 1204 4132 luen

121 4155 189 4210 κατὰ
200 4157 222 4210 δ’
234 4157 410 4233 ἐδρύπτοντο
426 4158 554 4233 παρειάς·
574 4175 640 4212 uxo-
677 4173 763 4212 emes
786 4160 906 4222 Libpcum
935 4159 999 4207 twa
1030 4157 1097 4208 natta
1122 4156 1204 4208 meat
