2934 4884
708 400 1018 451 botanicanltnwlt

435 556 565 624 Gaudes
587 554 803 634 carminibus3
827 555 969 622 carmina
991 574 1167 642 possumus

439 682 568 744 Donare
590 687 623 743 et
644 676 784 762 pretium
805 675 917 742 dicere
938 675 1074 741 muneri.

436 802 505 865 Non
529 798 630 866 incisa
652 796 736 863 notis
758 815 920 861 marmora
941 794 1097 881 publicis,

436 923 497 986 Per
519 940 604 1007 quae
626 918 759 1005 spiritus
782 926 815 983 et
836 915 901 981 vita
923 915 1008 982 redit
1029 916 1124 983 bonis

433 1043 510 1107 Post
531 1049 668 1105 mortem
689 1036 829 1104 ducibus
839 1088 848 1114 ,
871 1057 936 1102 444
957 1036 1083 1103 celeres
1106 1037 1201 1124 lugue
1359 1038 1397 1101 l5

434 1160 650 1245 deiectaeque
673 1166 853 1224 retrorsum
878 1157 1067 1225 Hannibalis
1088 1158 1212 1235 minae,

374 1351 414 1399 ta.
431 1348 531 1399 munet
540 1347 625 1407 ebro,
639 1348 693 1395 tres
704 1343 812 1404 Blaud.‚
825 1341 915 1409 dysst,
928 1344 1028 1394 Bentt.:
1042 1344 1154 1394 muneris
1164 1345 1210 1405 Sd,
1223 1349 1280 1396 tres
1291 1344 1366 1395 dum·

340 1426 410 1474 taxat
421 1424 502 1482 nott..
516 1423 581 1471 item
593 1421 665 1471 aru.
680 1446 708 1455 -
722 1420 771 1468 Vv.
784 1419 815 1469 44
825 1444 839 1453 -
848 1419 887 1467 tr.
901 1417 1058 1468 subditicios
1074 1421 1169 1467 censet
1181 1418 1269 1469 444444.
1280 1417 1366 1468 Peerl-

339 1500 429 1562 kamp.
450 1524 477 1533 -
506 1498 545 1545 tt.
559 1496 645 1545 coleris
664 1495 727 1559 fupu
745 1494 775 1544 B.
797 1490 895 1557 [Verba
913 1505 964 1540 uon
982 1491 1072 1541 coleras
1090 1492 1167 1553 444444
1179 1518 1194 1527 -
1208 1518 1224 1527 -
1242 1493 1366 1541 tucrutus

338 1572 413 1623 rediit
437 1571 526 1634 spuria
548 1570 673 1619 videntur
692 1568 818 1628 Erectio,
850 1567 978 1626 Martiae,
996 1566 1187 1629 Lachmanno.)
1209 1592 1238 1603 —-
1261 1568 1303 1616 46.
1320 1581 1365 1617 444-

340 1645 432 1694 nobilis
451 1644 506 1707 (sic)
528 1644 556 1693 T.

340 1802 381 1851 44.
401 1801 440 1850 ⁴2.
471 1800 571 1850 Gaudes
582 1798 744 1862 cumtribus]
769 1799 832 1859 «44,
869 1795 1060 1862 praebetPlut.
1078 1796 1135 1846 Cat.
1155 1798 1218 1847 mai.
1239 1799 1281 1847 ts.
1307 1800 1394 1849 Catoni

307 1874 380 1941 quod
388 1886 550 1937 generosum
559 1873 679 1923 animum
690 1871 769 1935 longe
778 1885 836 1922 mu·
870 1871 993 1921 censorio
1010 1868 1101 1934 populi
1118 1871 1193 1921 iussu
1208 1872 1298 1935 posita
1312 1876 1393 1923 statua

308 1951 348 2015 gis
360 1948 450 2009 decet,
469 1960 552 1997 sensu
563 1960 627 1997 vere
640 1947 746 2011 po'e'tico
756 1958 835 2010 prae-
870 1958 933 1995 cum
944 1942 1018 1993 titulo
1027 1944 1308 1997 honorificentissimo.
1320 1948 1394 1997 Prae·

308 2024 378 2075 ditus
390 2037 446 2075 es.»
461 2049 489 2058 -
498 2023 610 2084 pretium
621 2020 709 2085 dicere]
730 2021 780 2071 «de
791 2021 834 2070 iu·
869 2021 943 2069 terea
960 2018 1008 2069 etr.
1027 2020 1111 2069 inser.
1130 2031 1167 2068 m.
1186 2021 1243 2069 Lat.
1257 2021 1288 2070 T.
1302 2023 1321 2070 1.
1334 2035 1390 2085 pag.

307 2101 348 2149 stu
371 2098 456 2161 pretio
474 2098 637 2156 carminum,
669 2107 739 2159 quae
760 2095 834 2145 omni
870 2092 926 2143 445.
951 2094 1122 2142 monumenta
1140 2093 1277 2145 historica.
1314 2098 1393 2145 Gene-

307 2172 465 2223 aliohunore
476 2172 574 2221 certius
583 2168 833 2220 immortalemviris
868 2165 931 2217 ralis
948 2170 1039 2217 autem
1056 2170 1097 2217 est
1115 2169 1247 2218 sententia
1266 2182 1318 2220 uec
1334 2182 1391 2219 cunr

307 2246 377 2297 bene
403 2246 505 2296 meritis
531 2243 642 2307 glorium
673 2243 831 2304 conciliant,
868 2253 973 2305 nupero
994 2240 1111 2305 quodam
1138 2243 1286 2306 interprete
1304 2244 1390 2294 reterri

306 2322 380 2370 recte
391 2321 535 2369 statuere.»
550 2346 577 2355 -
595 2318 705 2382 44444444]
724 2318 833 2369 omniuo
869 2316 957 2378 potest
979 2315 1013 2364 ad
1036 2316 1168 2366 honorem
1189 2330 1204 2364 a
1223 2318 1346 2381 Scipione
1368 2318 1391 2366 iu

307 2394 462 2457 exquisitior
478 2392 570 2453 lectio,
589 2393 615 2442 in
637 2406 732 2457 quau.
752 2392 834 2441 4444444
868 2388 993 2453 Hispania
1015 2392 1131 2454 partum.
1159 2389 1213 2439 Ctr.
1233 2392 1315 2441 etiam
1326 2393 1387 2455 Epp.

306 2467 439 2519 statuendi
478 2464 561 2516 babet
593 2466 830 2529 significationem
868 2462 898 2523 2,
918 2462 946 2523 4,
970 2461 1020 2513 448
1047 2475 1108 2526 sqq.
1145 2464 1275 2513 Ceterum
1297 2465 1389 2529 proba-

306 2554 395 2604 nsque
413 2538 519 2603 intelligi
537 2542 638 2603 potest‚
669 2552 717 2589 cur
732 2538 832 2589 librarii
867 2536 956 2587 biliter
979 2537 1023 2586 hic
1049 2536 1083 2586 de
1109 2538 1228 2588 virorum
1261 2539 1388 2589 clarorum

306 2613 451 2665 faciliorem
484 2612 626 2665 lectionem
660 2614 772 2663 4444444444
804 2614 831 2663 44
867 2611 961 2661 statuis
984 2609 1058 2661 locus
1079 2612 1195 2661 retertur
1218 2612 1253 2662 ad
1272 2628 1333 2676 eas,
1357 2614 1388 2662 de

305 2686 480 2738 difficiliorem
508 2688 644 2735 mutarint.
681 2688 832 2737 Genitivum
867 2684 965 2747 quibus
986 2686 1127 2735 Suetonius
1150 2686 1241 2735 Octav.
1267 2687 1314 2737 3⁴:
1340 2690 1389 2737 lu-

306 2760 454 2825 explicant:
496 2758 658 2809 aostendere
694 2760 828 2822 pretium,
866 2760 1117 2822 gustusproctmum
1133 2760 1387 2811 udisinunortultbus

305 2834 379 2899 quod
400 2832 482 2882 habet
499 2845 609 2882 carmen
630 2834 656 2881 in
674 2846 704 2883 se
721 2838 831 2897 specta-
865 2836 984 2885 nonoran
998 2837 1134 2885 mansoriae
1150 2836 1243 2885 4444444444
1256 2838 1386 2899 praestitit,

305 2910 397 2966 tump»
424 2906 450 2955 id
468 2906 541 2970 quod
558 2906 655 2957 eodem
671 2906 726 2957 lere
744 2909 828 2971 redit,
866 2910 910 2971 qui
937 2910 1071 2973 importum
1102 2912 1191 2973 populi
1226 2914 1334 2962 44444444
1358 2924 1387 2961 cr

304 2981 353 3032 sed
378 2980 497 3045 pedestri
519 2982 630 3031 orationi
651 2983 761 3046 propius
779 2986 828 3033 est.
865 2985 968 3034 4444444444
984 2986 1128 3035 marimum
1142 2986 1317 3037 reddidissent.
1338 2988 1385 3036 ltu-

305 3056 358 3107 Clr.
378 3056 458 3105 etiam
476 3056 528 3105 Sat.
547 3057 575 3118 4,
594 3056 624 3117 3,
643 3056 692 3106 43ε
721 3057 831 3107 Callidus
866 3070 913 3119 que
943 3063 967 3108 ct
991 3072 1071 3121 opero
1094 3060 1214 3121 4444444444
1236 3061 1386 3111 maneantur

303 3130 361 3180 buic
385 3131 456 3193 siquo
479 3130 600 3192 ponebam
624 3132 696 3181 milio
719 3137 827 3182 4444444444.
865 3132 943 3181 titulis
972 3133 1081 3182 restituit
1105 3138 1128 3183 44
1157 3138 1256 3183 ualuas
1284 3136 1385 3185 4444444444
1433 3161 1434 3172 4

303 3206 359 3255 Nec
391 3217 456 3254 vero
481 3204 608 3267 superbia
633 3206 703 3257 inest
736 3205 829 3256 Flacco
865 3206 1012 3267 triumphati
1028 3207 1109 3270 empta
1125 3207 1152 3255 iu
1168 3212 1279 3268 44444444
1294 3208 1385 3271 sonitui
1432 3225 1433 3240 ¹

303 3277 410 3341 indigna
427 3279 454 3328 in
472 3292 503 3329 ea
520 3277 652 3341 lectione,
679 3291 761 3343 quarn
780 3294 829 3331 nos
860 3281 963 3341 porticu
978 3281 1110 3332 dedicauit.
1140 3280 1204 3331 Geli.
1218 3284 1249 3331 N.
1262 3282 1382 3342 nait.
1431 3285 1432 3306 ¹

303 3349 487 3417 praetulimus.
865 3355 998 3419 lamprid.
1016 3354 1090 3405 Alex.
1103 3355 1153 3407 28:
1180 3357 1308 3420 ,4444444444
1322 3370 1383 3407 44444-
1430 3361 1431 3376 ’

338 3425 432 3475 tali.
450 3427 539 3475 uotis·
547 3426 661 3491 publicis]
675 3429 749 3478 «Non
762 3427 828 3479 tituli
863 3442 964 3478 morum
979 3434 1077 3478 statuas
1095 3430 1211 3479 eborum
1231 3431 1382 3494 inseruero
1429 3419 1430 3444 ¹

303 3498 450 3561 insignibus
481 3498 595 3549 ducibus
625 3500 650 3549 in
679 3502 828 3553 statuarum
864 3504 1256 3553 cmcmrorccottocwitodditts
1266 3506 1379 3569 944444.-
1427 3487 1429 3580 s

304 3571 519 3636 (triumphalium)
545 3572 603 3623 basi
628 3573 736 3637 publice
753 3576 828 3626 incisi
863 3576 1083 3641 444444444444444)
1100 3583 1124 3627 ot
1139 3578 1208 3641 4444]
1232 3580 1265 3630 llt
1281 3581 1323 3629 hic
1338 3590 1380 3626 no-
1426 3611 1427 3648 q

302 3658 335 3695 eo
353 3646 445 3708 utique
467 3646 536 3707 line,
564 3648 593 3695 ut
618 3646 708 3696 talium
734 3647 828 3700 laudes
864 3651 949 3711 mina,
975 3651 1015 3701 sic
1032 3650 1117 3701 verba
1128 3651 1317 3715 respondentia
1332 3654 1380 3700 iun
1425 3671 1426 3716 4

303 3720 383 3771 etiam
401 3734 416 3769 a
432 3722 547 3785 posteris
569 3720 753 3785 celebrentur,
781 3737 828 3773 ae-
863 3725 961 3785 guntur
985 3724 1033 3773 0d.
1052 3723 1081 3785 t,
1101 3726 1125 3785 9,
1140 3726 1188 3774 to:
1212 3724 1378 3786 spiratum
1424 3743 1425 3784 t

301 3794 435 3857 quiparari
460 3796 573 3858 possunt
595 3795 759 3847 carminibus
783 3797 827 3847 bo-
863 3809 936 3846 umor
948 3798 1085 3859 itemtque
1095 3800 1221 3849 4444444444
1232 3799 1376 3849 colorarent.
1423 3805 1424 3850 l

300 3880 404 3929 4444444,
424 3867 530 3918 tortium
542 3882 573 3918 44
585 3872 827 3930 strenuorumim-
863 3871 934 3933 virg.
956 3874 1021 3922 tien.
1043 3872 1074 3932 6,
1095 3872 1157 3923 848ε
1186 3874 1319 3925 4444444444
1340 3871 1377 3921 otii
1421 3869 1423 3920 l

300 3944 455 4005 paraturum
469 3942 562 3993 laudes
580 3942 824 4007 praedicantibus.»
860 3944 987 4006 spirantia
1010 3946 1110 3995 44444444
1126 3961 1205 4009 uero,
1224 3949 1302 3999 Credo
1317 3946 1376 4009 eque
1421 3929 1422 3988 4

301 4014 354 4063 le.
376 4016 406 4077 6,
428 4017 476 4066 29:
512 4016 599 4066 tabula
624 4016 712 4067 littaris
736 4019 823 4069 incisa.
861 4018 1013 4079 dem‚vt’vot
1032 4020 1170 4071 ducentae
1190 4018 1375 4072 mamoroeol·
1420 4027 1421 4056 t

300 4085 401 4138 Eadem
412 4088 572 4152 litterarum,
591 4102 644 4140 non
656 4090 826 4154 compendio-
861 4096 901 4142 tus
924 4095 976 4142 cet.
1419 4103 1420 4122 ¹

298 4172 360 4210 rum
371 4161 506 4213 scribendi
517 4163 670 4229 (atpium),
692 4164 825 4227 signitica-
894 4168 925 4217 45
941 4180 1020 4231 seqq.
1029 4166 1116 4218 Multis
1133 4166 1329 4218 difficultatibus
1342 4163 1374 4214 44-
1418 4149 1419 4190 t

301 4234 371 4283 tione
394 4235 458 4285 dixit
473 4236 499 4285 h.
518 4237 535 4287 l.
554 4244 635 4289 notos.
666 4237 824 4302 Exemplum
859 4238 939 4290 borat
949 4240 993 4291 bic
1004 4238 1096 4300 locus,
1118 4244 1148 4291 ut
1160 4244 1246 4291 exstat
1261 4242 1287 4290 44
1298 4236 1374 4291 omni·
1416 4235 1418 4326 s
