2934 4884
513 349 613 400 uiuus.
666 351 763 403 CARM.
782 351 824 402 iii.

491 801 831 864 cmu-

242 959 379 1038 Quando
400 968 566 1047 repostum
589 961 776 1028 Caecubum
797 961 839 1028 ad
861 963 959 1030 lestas
980 963 1082 1052 dapes

284 1080 411 1147 Victore
439 1078 544 1146 laetas
566 1081 707 1148 Caesare

241 1202 361 1267 Tecum
383 1200 444 1267 sub
467 1201 531 1267 alta
556 1239 599 1251 -—
620 1203 669 1270 sic
690 1203 756 1269 lovi
779 1216 904 1290 gratum
925 1243 968 1256 -
989 1206 1104 1282 domo,

284 1322 382 1388 Beate
404 1322 592 1401 Maecenas,
616 1322 726 1390 bibam

243 1443 385 1508 Sonanta
406 1443 539 1508 mixtum
560 1443 647 1510 tibiis
668 1463 799 1511 cannen
821 1444 907 1535 lyra,
1184 1451 1203 1512 5

284 1564 353 1630 llac
372 1564 523 1640 Dorium,
548 1563 610 1630 illis
631 1564 830 1632 barbarum?

177 1705 221 1755 lx.
240 1706 323 1756 inser.
341 1703 410 1768 volg.
427 1705 466 1756 444
481 1707 665 1768 Maecenatem,
685 1708 713 1756 et
728 1709 768 1758 sio
786 1721 809 1759 c.
839 1735 867 1746 -
897 1710 965 1760 Bello
983 1711 1102 1762 (4444444444
1117 1713 1170 1762 Aa·

144 1780 243 1829 tontum
253 1784 276 1830 at
287 1781 453 1841 Cleopatram.
473 1781 668 1844 Dostpnatoottr
677 1782 811 1833 statoriam
820 1784 972 1836 Caesam.
985 1811 1012 1822 -
1027 1787 1049 1839 4.
1065 1788 1171 1850 Quaado

145 1869 161 1905 o
178 1861 305 1918 repertun
321 1858 430 1905 auctora
448 1857 504 1906 ilie.
524 1856 632 1906 Heinsio
649 1855 734 1907 Beati.
756 1885 781 1896 -
802 1857 826 1908 3.
846 1861 921 1909 domu
937 1861 964 1910 F.
985 1887 1012 1898 -
1040 1863 1065 1910 t.
1083 1863 1171 1912 mactis

146 1930 283 1981 eduobus
294 1930 414 1980 Lambini
427 1930 510 1981 Codd.
530 1929 613 1981 Bentl,
643 1931 685 1991 4444
699 1943 764 1992 nos,
783 1941 877 1983 omnes
895 1934 978 1984 nostri
995 1936 1022 1984 et
1034 1935 1168 1996 Pollioni.)

143 2051 188 2101 lx.
207 2048 331 2103 Ultimum
343 2052 395 2101 hoc
406 2051 517 2117 Epodon
529 2063 639 2102 carmen
676 2052 741 2100 haas
756 2051 937 2102 &ascalenem
952 2058 977 2102 et
991 2057 1131 2102 astamus
1147 2053 1204 2103 bea·

110 2126 203 2175 statim
213 2127 640 2190 postacceptamprtmumvicto-
675 2129 760 2174 44444444
776 2125 827 2175 otta
842 2127 1014 2176 concedaoaa.
1033 2153 1061 2163 —-
1076 2126 1202 2187 nouando

110 2200 167 2249 riae
185 2201 309 2249 Actiacae
332 2200 382 2262 (iv.
400 2201 467 2251 Non.
485 2199 637 2263 septembr.
676 2200 710 2250 ll.
732 2199 845 2249 Antouio
872 2202 899 2250 et
924 2199 1077 2264 Cleopatra,
1104 2201 1203 2264 quibus

111 2287 136 2323 a.
153 2287 181 2322 u.
199 2287 224 2323 c.
241 2273 309 2336 723.)
332 2274 454 2324 nuntium
478 2273 551 2323 domi
573 2286 638 2324 suae
676 2274 729 2322 iam
747 2285 836 2336 pugna
849 2275 956 2324 Actiaca
968 2277 1023 2324 tam
1035 2275 1202 2340 improspere

109 2349 250 2411 potantem
281 2360 311 2397 se
340 2359 503 2411 componere
535 2347 639 2409 fingens
677 2347 771 2408 cessit,
795 2359 905 2410 prorsus
923 2349 1059 2412 oppressis
1077 2361 1203 2400 reverso-

110 2423 198 2484 optat,
211 2423 241 2470 ut
252 2434 316 2471 mox
331 2420 383 2470 sibi
393 2420 557 2470 concedatur
567 2419 639 2484 apud
676 2433 729 2484 que
748 2421 863 2471 Caesare
876 2423 987 2472 Romam
999 2423 1025 2472 in
1038 2423 1095 2474 eius
1107 2423 1202 2472 trium-

109 2497 295 2545 hlaecenatem
322 2495 444 2545 Caesaris
468 2494 584 2544 reditum
606 2507 639 2544 ae
676 2495 723 2560 phi
740 2495 872 2545 honorem
889 2498 983 2560 potare
1000 2497 1070 2546 inter
1086 2509 1135 2546 nos
1152 2509 1202 2559 po-

110 2569 277 2632 hiumphum
300 2567 439 2618 celebrare
460 2566 531 2617 laeto
548 2569 640 2618 eonvi-
677 2570 829 2619 terimusiu
857 2571 913 2619 Nec
933 2583 999 2620 varo
1017 2583 1050 2620 ex
1072 2571 1125 2619 hoa
1142 2583 1202 2619 car-

62 2667 66 2672 ’
110 2644 164 2692 vio.
200 2643 335 2693 Posterius
352 2643 404 2692 hoc
421 2655 530 2692 carmen
545 2641 639 2706 Epodo
677 2645 749 2694 mine
784 2641 868 2706 colligi
900 2645 989 2707 potest
1019 2645 1202 2694 Maecenatem

111 2718 135 2766 4.
154 2717 278 2781 proxime
294 2715 433 2780 praecedit
449 2715 497 2765 Od.
512 2717 542 2777 4,
560 2717 600 2765 ai.
677 2731 740 2769 cum
756 2719 874 2780 Augusto
895 2719 923 2766 et
948 2718 1061 2782 Agrippa
1084 2716 1201 2767 adluisse

145 2790 202 2843 t-i.
227 2792 361 2855 repostum]
380 2792 486 2842 «vinum
505 2793 639 2843 interioris
677 2793 703 2842 ln
720 2791 779 2843 acio
796 2792 912 2842 Actiaca.

111 2868 191 2916 notae
199 2868 419 2930 reservatumque
426 2865 638 2919 addiesiestos.»
709 2868 733 2916 t.
748 2867 771 2916 6.
791 2864 910 2929 Sarmata]
928 2865 1120 2930 symphoniam
1132 2865 1203 2929 (car-

114 2967 141 2976 -
163 2939 315 3004 Caecubum]
341 2938 406 2991 Plin.
431 2942 462 2990 44.
486 2942 516 2989 N.
540 2939 584 3000 44,
604 2939 637 2989 6:
675 2941 742 3003 mm)
764 2939 828 2990 dicit
849 2955 882 2990 ex
903 2941 966 2991 artis
984 2941 1102 2991 musicae
1123 2953 1203 3004 prae-

111 3015 224 3065 Caecubo
240 3019 297 3064 erat
311 3016 464 3078 panormus
479 3014 639 3063 creberrima
676 3014 761 3076 ceptis
787 3012 937 3064 alternatim
966 3027 1026 3064 sese
1053 3015 1202 3078 excipiente

111 3090 138 3138 ln
158 3088 316 3151 palustribus
335 3090 461 3150 populetis
487 3089 545 3137 444444
560 3089 639 3149 Amp-
676 3090 756 3149 atquo
790 3087 840 3135 rite
877 3089 1025 3150 composita
1064 3089 1202 3138 harmonia

111 3164 193 3212 clano.
205 3161 337 3212 Cistrab.
348 3164 373 3212 b.
383 3176 409 3225 p.
420 3163 465 3212 4444
478 3163 505 3211 44,
514 3160 636 3212 atla·
676 3161 789 3224 Phrygia
815 3160 892 3224 (tibiis
918 3159 1030 3223 duabus)
1054 3165 1081 3211 et
1105 3164 1201 3213 Dorica

111 3237 156 3285 rub
177 3235 240 3301 alta]
267 3236 293 3286 in
315 3238 382 3286 turri
409 3235 639 3301 (Thurmpotast
675 3235 763 3300 (tyra),
783 3232 933 3284 cuiusmodi
950 3235 1110 3298 symphonia
1128 3237 1203 3287 lemi-

110 3311 209 3372 Voss),
232 3322 313 3373 quam
330 3308 469 3372 dicebant,
495 3311 638 3361 llaecena-
675 3321 725 3358 nae
754 3306 841 3370 lyram
870 3307 961 3357 dextra
987 3305 1090 3372 plectro
1120 3309 1200 3370 ioris,

111 3387 198 3446 tiana,
217 3386 268 3435 sila
285 3385 405 3435 inhortis
416 3383 566 3448 Esquilinis.
587 3384 636 3434 Od.
675 3383 779 3435 sinistra
806 3381 893 3444 digitis
918 3382 990 3432 intus
1014 3382 1201 3445 percutientis,

111 3460 141 3520 3,
159 3459 207 3520 29,
226 3459 266 3509 te.
292 3460 461 3523 (Maecenatis
478 3459 576 3509 domus
593 3471 638 3509 sa·
675 3456 789 3508 tibicinis
806 3469 868 3506 cum
884 3454 956 3506 tibiis
975 3455 1085 3520 paribus
1103 3457 1202 3506 dextris

111 3533 289 3584 luber-rimam
310 3533 429 3584 hahebat
450 3535 539 3585 situm.
562 3533 636 3582 Suet.
674 3535 702 3582 et
718 3531 846 3592 sinistris,
868 3533 894 3580 et
911 3529 1035 3580 cantricis
1053 3543 1115 3580 eum
1134 3533 1203 3582 notis

111 3610 167 3658 Oct.
187 3609 233 3657 72:
256 3611 389 3672 Augustas
405 3609 544 3674 asper-io
566 3608 638 3656 domo
674 3605 785 3657 musicis
803 3616 928 3667 expressa
942 3605 984 3654 est
994 3605 1020 3652 in
1032 3603 1122 3654 tabula
1135 3606 1203 3655 ller-

109 3683 264 3734 Nnecosatts
283 3682 398 3733 cubabat
429 3683 482 3733 Cir.
500 3681 637 3732 Frandsen
675 3677 812 3730 calanensi
836 3679 920 3729 Musei
943 3677 1085 3728 Borhonici
1102 3677 1160 3728 Vol.
1181 3682 1200 3728 4.

110 3759 277 3822 Maxanasp.
291 3759 441 3822 4444444-
460 3759 560 3807 siclam
574 3769 638 3820 pra·
675 3754 838 3805 Tabliillil.
858 3752 911 3802 Cir.
925 3751 1120 3812 ou.t,tt,3a.
1133 3751 1200 3814 4,4,

110 3831 173 3895 turn]
194 3831 303 3881 «Eidem
319 3833 386 3893 lovi,
406 3832 451 3894 qui
473 3831 580 3882 Caesari
596 3831 638 3879 vi-
674 3829 760 3891 43444.
782 3855 809 3862 -
829 3827 883 3877 Hac
894 3827 1010 3891 Dorium]
1029 3826 1103 3877 Piud.
1118 3824 1155 3876 Ol.
1171 3829 1200 3884 t,

111 3906 224 3956 aleriam
247 3907 394 3965 concessit,
421 3907 563 3971 acceptum
581 3907 635 3966 est,
676 3903 719 3951 47ε
747 3895 822 3950 ἀλλὰ
840 3899 953 3970 Δωρίαν
971 3893 1030 3950 ἀπὸ
1053 3896 1203 3968 φόρμιγγα

111 3984 140 4031 ut
158 3993 221 4030 eam
238 3978 329 4029 debito
347 3980 427 4031 modo
440 3979 637 4032 celebremus.»
675 3971 829 4026 πασσάλου
841 3970 977 4039 λάμβαν’.
998 3969 1067 4038 (Τὴν
1079 3972 1203 4043 Δωριστὶ

112 4084 140 4092 -
159 4055 243 4119 Beato]
262 4051 419 4118 «opulente,
438 4056 536 4118 cuique
548 4054 637 4104 omnia
675 4046 830 4124 ἁρμονίαν)
855 4051 1024 4116 πολεμικοῖς
1048 4047 1202 4122 ἀνδράσι-

111 4144 144 4179 ex
161 4131 224 4179 voto
241 4127 366 4190 cedunt»,
384 4131 414 4179 ut
430 4129 478 4179 0d.
498 4131 526 4187 l,
545 4128 576 4184 4.
595 4128 636 4198 ll.
675 4156 689 4165 -
705 4121 894 4197 ἁρμόζουσαν
916 4129 993 4176 vocat
1014 4123 1144 4175 Plutarch.
1168 4126 1201 4175 da

111 4206 166 4254 (lic.
177 4203 212 4254 de
221 4204 264 4254 Or.
274 4205 299 4253 Ξ.
310 4203 333 4265 5.
345 4203 405 4254 tit:
421 4205 638 4264 istamusapien-
675 4205 777 4254 blase.
793 4202 831 4250 47.
846 4215 873 4266 p.
887 4201 957 4251 4436.
969 4217 992 4250 e.
1011 4229 1036 4238 -
1056 4200 1201 4264 barbarano]
