2934 4884
654 344 783 394 nonam
802 343 969 396 clamanti

483 482 625 556 Funera,
649 501 690 545 ne
713 479 814 545 virilis
1316 481 1359 544 45

333 601 444 668 Cultus
467 602 499 665 in
521 599 657 668 eaedem
679 611 712 666 at
732 600 849 689 Lycias
872 600 1055 688 proriperet
1077 601 1245 666 catervas?

335 799 374 848 tt.
393 797 502 861 Faaero]
522 797 644 858 Ternpora
661 796 752 847 Codex
769 795 972 858 Vanderbargii.
995 825 1021 831 —
1040 798 1126 848 uiriles
1142 799 1169 848 T.

269 976 327 1024 eius
344 973 392 1023 luit
408 974 435 1022 in
448 974 551 1036 Cypriis
563 971 682 1022 etlliade
698 986 790 1036 parva.
830 985 881 1035 gen
891 975 960 1023 Mon.
980 972 1044 1024 Tab.
1064 974 1094 1022 ll.
1114 987 1140 1037 p.
1154 973 1204 1036 t3.)
1219 1001 1246 1009 -
1259 974 1303 1023 aab
1314 975 1359 1024 le-

269 1046 356 1098 Sehol.
374 1045 472 1096 Villois.
491 1046 525 1096 ad
542 1046 560 1097 l.
573 1045 590 1096 l.
609 1046 729 1096 Eandem
742 1049 794 1096 tra·
828 1047 945 1111 mnaso]
964 1046 1051 1110 paullo
1063 1049 1123 1096 ante
1136 1048 1297 1098 Graecorum
1311 1063 1361 1098 ex-

269 1122 349 1171 otavit
370 1120 514 1185 Sophocles
535 1120 565 1170 ἐν
586 1121 738 1208 Emptam,
765 1121 792 1169 in
828 1120 992 1185 peditionem
1010 1121 1036 1169 in
1054 1121 1167 1182 Troiam,
1187 1120 1358 1172 excidialem

268 1194 421 1259 qnalahula
434 1195 530 1246 Ulixes:
549 1190 590 1245 Σὺ
602 1193 625 1243 δ’
638 1191 793 1259 ωτὸλαμ-
828 1196 892 1244 tunc
914 1209 927 1243 a
951 1195 1001 1245 diis
1023 1195 1185 1243 damnatam.
1221 1197 1285 1245 Mira
1305 1210 1359 1246 au-

268 1265 341 1340 πρὸν
369 1265 433 1331 φῶς
465 1262 646 1332 ἀποσβεννὺς
679 1271 790 1335 γένους,
829 1271 884 1319 tem
901 1267 1067 1332 interpolatio
1088 1269 1225 1318 lacrimoso
1241 1275 1360 1332 ternpore

269 1341 392 1408 ξαίνεις,
418 1337 539 1413 ἀρίστου
561 1340 669 1414 πατρὸς
686 1337 792 1408 Ἐλλή-
827 1355 876 1406 pro
894 1344 1029 1392 lacrimosa
1043 1343 1136 1405 funera
1152 1343 1178 1391 in
1192 1343 1275 1394 codd.
1289 1344 1354 1408 aliq.

269 1434 326 1468 νων
342 1411 446 1484 γεγώς
471 1419 538 1467 Item
556 1419 620 1468 Bion
637 1419 664 1467 ia
681 1418 792 1480 Epitha-
828 1417 942 1481 irrepsit.

268 1490 519 1616 {ngeffihfflfffflff
530 1490 791 1615 ἳθιῗὲωιῗᾶἒὲἔῗε
861 1529 901 1578 45.
922 1530 974 1577 «Na
986 1527 1067 1578 virilis
1078 1529 1189 1578 vestitus
1200 1529 1257 1592 ipse
1267 1529 1360 1580 nenil-

267 1637 292 1688 ὅ,
309 1638 341 1690 ἐν
357 1635 464 1709 χώραις
480 1637 663 1704 Ammaia
678 1637 790 1704 μοῦνος
827 1601 881 1651 lem
908 1603 1028 1651 incitaret
1053 1601 1087 1650 ad
1114 1602 1312 1665 expeditionem
1340 1619 1356 1654 a

829 1677 936 1725 Graecis
953 1675 1061 1738 regibus
1077 1675 1203 1726 indictam
1220 1691 1272 1727 una
1290 1691 1358 1729 cum

265 1708 419 1804 ’‘mm‘'
446 1710 530 1782 Εἴρια
554 1711 578 1762 δ’
604 1707 669 1762 ἀνθ’
687 1706 790 1798 ,ὅπλων
829 1749 860 1800 iis
877 1749 999 1800 alacriter
1019 1749 1243 1815 suscipiendam.»

267 1785 443 1848 εὸιδασκετο,
462 1789 512 1838 καὶ
527 1789 591 1860 χερὶ
612 1787 701 1856 λευκᾳ
718 1804 793 1858 παρ-

267 1857 384 1911 &evraclo
409 1861 498 1933 κόρον
522 1862 562 1926 (al.
581 1859 681 1925 κόποή
704 1859 790 1923 εἶχεν,
863 1861 902 1910 to.
922 1859 1179 1921 apollinariorum
1197 1863 1260 1912 socii
1277 1861 1357 1912 duci-

267 1935 333 1984 Vide
360 1936 439 1985 etiam
467 1938 578 1986 Statium
599 1939 626 1987 in
647 1936 791 1987 thilleide
829 1935 880 1986 bus
898 1934 1051 1998 Sarpedone
1070 1936 1097 1984 et
1114 1933 1220 1984 Glauco.
1249 1937 1296 1986 Est
1307 1950 1359 1986 au-

267 2010 293 2071 2,
312 2008 343 2059 ll
361 2022 437 2073 seqq.
468 2010 521 2061 Cir.
540 2009 636 2061 Roulez
654 2012 688 2061 ad
704 2011 793 2062 Ptole—
829 2013 898 2061 tem:
926 2011 973 2059 nin
990 2008 1115 2068 eaedem,
1135 2023 1217 2072 qnam
1234 2010 1357 2061 iacturae

267 2095 376 2133 meeum
399 2085 483 2149 lleph.
501 2098 528 2148 p.
552 2086 592 2134 59.
618 2085 714 2146 (Thetis
737 2085 794 2136 ele·
830 2085 891 2134 sunt
908 2084 1003 2146 Lyciae
1021 2084 1170 2132 catervae.»
1192 2084 1243 2134 Cir.
1257 2085 1357 2134 Dissen

267 2157 421 2220 gantissime
443 2171 569 2223 expressa
592 2161 634 2209 est
655 2173 681 2209 m
697 2159 793 2212 llillia-
830 2159 863 2209 ad
882 2159 955 2210 Plad.
974 2160 1004 2208 ll.
1023 2171 1050 2221 p.
1070 2157 1126 2206 595.
