2934 4884
469 373 528 423 tm.
548 374 589 421 lV.
626 374 655 422 C.
675 375 739 423 Vlll.

217 528 402 603 Graiorum,
427 548 534 615 neque
558 538 590 592 tu
613 528 756 615 pessima
778 549 947 595 munerum

217 652 344 725 terres,
369 648 468 714 divite
491 670 543 714 me
566 646 688 714 scilicet
710 650 843 724 artium,

218 770 305 847 Quas
329 779 383 835 aut
405 766 595 833 Parrhasius
618 768 749 854 protulit
769 779 825 834 aut
847 771 984 860 Scopas,

219 892 278 957 llic
300 910 394 963 sexo,
418 888 548 976 liquidis
571 888 623 954 ille
647 888 811 955 coloribus

219 1010 345 1078 Sollersv
361 1030 446 1076 nunc
471 1008 632 1075 hominem
655 1030 793 1096 ponere,
817 1032 903 1077 nunc
925 1011 1032 1077 deum.

219 1131 285 1198 Sed
307 1151 371 1197 nou
393 1130 474 1195 haec
496 1128 573 1193 milri
596 1130 660 1205 vis,
685 1129 749 1194 non
771 1128 827 1196 tibi
850 1130 960 1197 talium

219 1256 282 1318 lies
305 1261 354 1317 est
377 1259 431 1315 aut
453 1250 578 1315 animus
601 1248 790 1315 deliciarum
812 1270 922 1337 egens.
1139 1254 1179 1319 lo

156 1452 205 1499 vv.
221 1450 245 1499 7.
258 1450 283 1499 8.
302 1446 454 1510 Kuightley,
473 1446 619 1507 Hibernos,
637 1448 667 1495 ut
681 1458 811 1496 uersuum
830 1446 1007 1510 persingulas
1024 1451 1147 1515 strepitus

125 1522 326 1588 quaternarium
350 1533 494 1571 numerum
520 1520 691 1581 extunderet,
717 1519 873 1570 subditicios
898 1534 958 1571 csse
983 1525 1082 1573 statuit.
1111 1526 1147 1588 (ln

125 1599 197 1649 idem
215 1597 309 1648 incidit
325 1596 436 1658 Martio.)
458 1622 484 1631 -
509 1596 533 1645 9,
552 1609 603 1645 uon
614 1594 667 1656 tibi]
684 1607 729 1643 mc
746 1594 790 1643 titi
806 1596 858 1656 ST,
883 1608 946 1645 cum
962 1595 1081 1648 Blandin.
1099 1612 1148 1649 au·

125 1674 230 1736 liquiss.
250 1672 281 1733 C,
299 1668 346 1731 βκ,
366 1669 509 1720 Bentleius.
540 1670 580 1733 (Ut
596 1681 662 1727 nos,
681 1668 776 1732 Rhodi

96 1848 240 1899 afferendo.
262 1848 332 1910 Virg.
351 1848 415 1897 Aen.
430 1848 458 1907 c,
477 1846 538 1896 359:
565 1846 620 1907 clp-
656 1846 720 1895 tium
737 1846 764 1895 in
781 1846 865 1897 rebus
881 1848 1017 1899 Bacchicis
1029 1853 1182 1914 exprimen-

94 1938 166 1986 pcum
178 1950 228 1981 --‚
243 1922 408 1983 Didymaonis
422 1927 496 1971 artes.
516 1922 581 1986 Epp.
594 1922 617 1981 t,
657 1920 698 1970 dis
715 1920 942 1983 demonstratam,
968 1936 1022 1985 quc
1038 1924 1065 1972 in
1082 1937 1181 1986 genere
1202 1924 1214 1946 ⁸

96 1999 123 2059 6,
143 1999 187 2047 tr:
206 2010 322 2047 moimor
337 2002 406 2047 cetus
417 2008 528 2058 ucraque
543 2000 620 2045 ctar—
657 1993 832 2044 illustrissima
854 1999 911 2045 erat
932 1997 991 2047 eius
1006 1994 1119 2060 Μωνάς
1135 2014 1182 2057 χι-

95 2076 128 2121 tes
151 2073 262 2134 Smpiec.
299 2072 353 2121 Cic.
372 2070 406 2120 de
433 2072 511 2133 Legg.
531 2071 560 2131 Ξ,
586 2069 617 2119 2:
656 2064 848 2138 μαιροφόρος,
875 2068 968 2119 lliiller
986 2072 1091 2121 Denkm.
1110 2074 1130 2121 1.
1149 2075 1180 2121 N.

96 2148 225 2208 apennis
235 2172 249 2182 -
261 2146 423 2207 antiquorum
440 2144 544 2193 orticius.
658 2141 715 2192 tto.
728 2169 756 2177 -
777 2143 902 2203 liquidis-
913 2145 1045 2206 coloribus]
1063 2147 1098 2195 im
1114 2147 1182 2196 Far-

127 2218 502 2283 cssraniamuiuphesius,
514 2216 617 2279 Olymp.
657 2216 769 2280 bensium.
789 2216 899 2268 Gelrleu.
923 2219 1183 2281 Opponuuturmar-

97 2295 137 2344 95.
152 2296 222 2355 (aute
233 2295 294 2344 Chr.
312 2292 379 2355 loti.)
393 2286 544 2342 certamine
557 2304 619 2340 cum
657 2291 725 2340 mori
740 2290 832 2353 liquidi
851 2290 967 2351 colores,
991 2293 1027 2341 ita
1044 2295 1073 2341 ut
1092 2292 1184 2357 splen-

96 2369 175 2418 Zemri
192 2367 344 2417 nobilitatus
356 2369 405 2425 est,
422 2378 484 2415 cum
500 2366 544 2415 hic
560 2365 621 2429 piu·
658 2365 730 2414 doris
742 2377 851 2428 quoque
868 2366 928 2415 insit
943 2367 1024 2415 notio.
1041 2392 1069 2401 -
1092 2367 1185 2417 Sollers

95 2444 178 2493 risset
202 2454 281 2500 uvas.
317 2453 370 2503 quo
398 2452 462 2489 aves
491 2438 620 2502 deceptae
657 2440 804 2503 --poccrei
818 2441 934 2504 «peritus
946 2441 1039 2491 artilex
1049 2442 1075 2490 iu
1084 2441 1185 2504 fingen-

96 2520 169 2577 sunt,
204 2514 247 2565 ille
278 2512 400 2573 linteum,
437 2525 491 2576 quo
522 2512 621 2562 Zeuxin
658 2513 719 2563 do.»
738 2516 796 2563 Ars.
815 2516 844 2564 P.
863 2514 909 2565 il:
926 2527 1021 2576 pctwro
1038 2520 1116 2565 totum
1132 2517 1184 2566 Nc·

96 2592 183 2655 ipsum
196 2589 311 2652 decepit.
341 2588 400 2637 Tria
414 2588 471 2637 eius
483 2587 622 2651 Epigram-
658 2590 724 2637 sciet.
744 2588 818 2637 Ovid.
838 2591 868 2638 Α.
886 2591 916 2639 Α.
936 2589 964 2651 3,
983 2588 1044 2639 tol:
1064 2590 1092 2639 Si
1106 2590 1183 2639 Vme-

96 2670 166 2716 matu
194 2665 350 2713 conservata
379 2662 490 2713 suntin
515 2659 619 2710 tnthol.
658 2676 712 2712 rem
723 2663 788 2713 Cous
803 2676 934 2724 nunquam
947 2664 1069 2725 posuisset
1078 2664 1181 2725 Apelles.

97 2738 149 2790 Pal.
160 2740 193 2788 ΙΙ.
203 2750 230 2802 p.
240 2737 288 2786 779
300 2749 356 2799 sq.,
374 2737 399 2786 iu
413 2748 529 2799 quorum
544 2736 621 2785 tertio
659 2735 784 2786 Similiter
794 2751 844 2787 uos
855 2738 996 2787 darstelicn.
1016 2739 1109 2788 Omnia
1122 2751 1184 2788 cou-

97 2812 271 2865 memorabile
281 2811 344 2862 illud
353 2810 558 2875 dicturumque
566 2805 621 2879 γὰρ
659 2812 812 2862 structionis
834 2812 957 2862 adiectivi
980 2826 1042 2863 cum
1060 2812 1186 2863 infinitivo

96 2883 151 2953 ἤδη
188 2888 297 2951 Τέχνης
324 2879 467 2955 εὑρῆσθαι
494 2886 622 2956 τέρματα
660 2884 782 2949 exempla
800 2886 940 2935 Horatiana
958 2886 1031 2936 adh.
1050 2886 1066 2936 l.
1080 2886 1186 2951 collegit

95 2961 184 3028 τῆσδε
193 2958 276 3025 σαφῆ
288 2956 394 3031 Χειρὸς
408 2954 457 3021 ὑφ’
471 2954 619 3030 ἡμετέρης.
661 2959 815 3010 Lambinus.

98 3036 253 3101 -protulid
267 3034 622 3095 «utiuveutorfiuritnmou
693 3033 716 3083 9.
743 3033 783 3082 m.
809 3034 855 3093 cis]
884 3032 1009 3084 «incultus
1032 3035 1060 3084 et
1080 3036 1184 3098 copia.»

96 3110 248 3162 corneliis:
276 3108 456 3174 «spectandus
474 3110 622 3172 exposuit.»
663 3132 690 3144 -
707 3122 758 3157 noo
782 3107 834 3168 ubi]
859 3122 910 3156 mou
933 3109 994 3171 apte
1015 3108 1050 3157 ud
1076 3110 1186 3157 senten-

95 3184 190 3236 l'ihull.
219 3186 248 3244 t,
277 3186 320 3244 to,
344 3186 373 3233 t:
409 3184 469 3245 Quis
491 3184 540 3245 suit
563 3184 624 3233 lior-
660 3184 724 3237 tiam
734 3181 933 3231 concitatiorem
942 3180 1030 3230 reddit
1038 3183 1186 3231 orationem

94 3262 188 3311 rmdos
204 3260 248 3321 qui
260 3259 360 3321 primm
376 3258 581 3320 protutitemcs?
594 3284 621 3294 -
661 3268 743 3319 quam
759 3268 818 3315 nec,
843 3255 870 3304 in
887 3254 960 3316 quod
980 3254 1044 3304 illud
1062 3254 1184 3305 facillime

96 3333 204 3397 Scopas]
231 3333 341 3393 Parius,
361 3330 465 3395 Olymp.
486 3332 527 3381 87.
557 3330 621 3380 Pliu.
661 3330 758 3379 mutari
783 3329 879 3392 potuit,
913 3342 965 3377 non
994 3329 1094 3377 contre.
1130 3328 1183 3378 Cir.

96 3410 141 3471 36,
167 3410 197 3458 5:
226 3406 284 3469 fecit
310 3407 426 3455 meem
449 3411 471 3455 et
492 3406 585 3456 Pomm
602 3411 625 3455 et
661 3402 1182 3465 0d.i,9‚l9.,ubieademvarieias.—

94 3482 285 3539 ΡΙιαὲῖΙιοηιαη,
312 3481 355 3542 qui
380 3480 543 3529 Smnetdrcce
563 3492 624 3528 ean·
660 3478 719 3538 lies]
746 3476 889 3527 familiaris.
926 3476 1015 3525 «Cum
1039 3477 1095 3525 tute
1121 3478 1185 3527 satis

95 3556 212 3605 ctissimie
232 3554 391 3603 caerimoniis
412 3554 540 3615 coluntur,
567 3554 625 3603 item
661 3551 780 3615 locuples
797 3551 846 3611 sis,
874 3563 941 3614 opus
959 3564 1011 3599 uon
1031 3549 1130 3612 habes,
1158 3553 1187 3599 ut

94 3630 236 3692 Apollinem
255 3628 410 3688 Palatinum,
438 3627 625 3677 citharoedum
662 3628 720 3691 quis
746 3625 807 3675 talia
825 3624 871 3674 tibi
889 3624 986 3686 donet,
1010 3638 1099 3687 neque
1120 3638 1185 3674 vero

96 3702 201 3767 (Mulier
216 3702 321 3752 Dmlnn.
340 3703 360 3751 l.
374 3704 405 3751 N.
420 3700 496 3764 tit),
515 3703 625 3764 propter
662 3701 737 3751 nimis
755 3700 868 3763 cupidus
885 3714 915 3750 es
932 3698 1063 3750 eiusmodi
1083 3698 1187 3747 deliciu-

95 3790 182 3841 quem
199 3775 292 3825 artilex
309 3777 387 3825 notus
401 3775 526 3825 Romanis
538 3776 625 3824 omui·
661 3788 744 3834 romu,
767 3768 997 3837 quemadmodum
1015 3772 1123 3823 Romani
1141 3785 1187 3822 se·

95 3852 149 3901 bus
168 3863 230 3901 esse
248 3848 374 3899 debebat.
404 3850 466 3899 Eius
478 3850 624 3901 Mercurius
661 3849 781 3899 veriores
793 3849 924 3897 artificum
934 3850 1098 3897 Graecorum
1110 3858 1187 3909 prae-

115 3924 270 3975 medicatur
280 3924 307 3973 in
322 3924 400 3973 Anth.
414 3921 467 3973 Pal.
481 3924 511 3972 ll.
525 3936 551 3987 p.
566 3922 622 3973 684:
663 3922 733 3973 clera
745 3935 827 3986 opera
839 3920 1019 3971 nominabunt.
1039 3920 1094 3969 Cic.
1107 3920 1184 3968 Verr.

93 3999 131 4049 Ὠ
156 3994 262 4065 λῷστε,
289 3992 332 4062 μὴ
357 3992 455 4062 νόμιζε
477 3993 535 4046 τῶν
554 3995 625 4046 πολ·
661 3999 758 4047 Aecus.
771 3996 800 4056 l,
819 3995 864 4045 23:
883 3994 925 4043 Sic
935 3993 1187 4043 Haluntinieccmsis

94 4071 157 4123 λῶν
168 4067 337 4143 ἓναἙρμᾶν
347 4072 476 4143 θεωρεῖν·
495 4070 554 4137 εἰμὶ
569 4066 624 4141 ydp
662 4071 755 4121 deliciis
780 4070 915 4133 (vasorum
937 4066 1108 4128 ornamentis)
1130 4080 1188 4116 ceco

94 4150 207 4209 τέχνα
218 4144 329 4197 Σκόπα.
349 4149 461 4199 Maxime
474 4145 625 4198 celebratus
662 4151 839 4209 cramtopuro
848 4144 949 4192 domim
956 4145 1119 4192 reverterunt.
1130 4140 1189 4205 (scl-

96 4226 141 4273 est
162 4224 273 4287 propter
296 4223 477 4273 inventionem
500 4235 532 4272 oc
553 4222 627 4285 peri-
662 4219 751 4271 cleriei
766 4216 923 4269 Kcidcmeu
939 4217 1025 4279 Voss.)

188 4316 279 4361 Home.
297 4326 352 4363 von.
369 4314 385 4361 l,
418 4312 602 4361 en.uuoa11u
988 4310 1016 4354 37
