2934 4884
261 356 323 422 292
639 358 768 407 uouuru
787 358 956 409 cuumuuu

430 515 562 578 Servata
582 513 714 578 eentum
736 509 881 578 clavibus
903 521 936 578 et
957 532 1048 579 mero

471 633 582 720 linget
602 633 821 720 pavimentum
842 631 1005 718 superbo,

446 777 452 784 ·
513 751 702 820 Pontificum
724 753 851 840 potiore
873 754 994 820 ooeuis.

323 953 363 1002 st.
385 953 486 1015 linquet
503 950 586 1012 Td‚C¹
614 949 699 1000 nenti.
722 977 749 985 —
775 950 909 1011 mperbmu
926 951 945 999 L
963 963 977 998 e
997 949 1096 1007 Codd.,
1114 951 1313 1011 nsperbncor·

290 1029 379 1078 rectus
396 1027 454 1075 Vel.
474 1028 503 1075 Α.
523 1024 595 1088 apud
613 1026 704 1084 leam,
725 1027 754 1073 ut
770 1022 891 1073 voluerat
906 1023 1043 1082 muthius,
1061 1024 1173 1085 repertis
1188 1025 1223 1073 de
1241 1027 1313 1087 Lyn-

289 1101 364 1150 lerdii
382 1104 409 1149 et
426 1099 555 1161 Cuningh.
575 1099 642 1148 coni.
662 1099 689 1147 F.
716 1096 832 1160 (superbo
849 1097 957 1148 firmant
973 1097 1099 1157 lleTcd‚
1126 1111 1221 1148 omnes
1238 1100 1309 1148 Cru-

289 1176 343 1238 quii
361 1177 388 1224 et
404 1175 538 1236 Pottierii.)
560 1200 586 1208 -
605 1173 645 1222 28.
665 1173 751 1222 esuris
767 1173 795 1221 T.

255 1355 284 1414 2,
310 1352 352 1401 49:
380 1352 557 1410 Heratemis,
582 1362 654 1410 quem
675 1349 778 1412 ipsura,
819 1348 911 1410 utique
929 1347 1029 1397 etlusae
1047 1361 1080 1397 ae
1096 1347 1277 1411 superbientis
1287 1347 1346 1397 lee-

254 1427 352 1488 sepiens
369 1440 403 1475 aa
420 1427 508 1476 stultus
523 1425 625 1487 fidenas
638 1424 682 1484 sit,
701 1423 781 1472 domi·
818 1423 898 1471 litiae.
935 1423 1095 1485 Neutiquam
1115 1435 1181 1470 vero
1202 1423 1290 1484 egitur
1310 1422 1345 1471 de

253 1501 356 1550 nubitur
380 1503 407 1549 iu
434 1499 561 1548 laboribus
586 1498 661 1558 mab,
691 1497 781 1559 quoia
817 1494 956 1555 libatione,
976 1495 1010 1545 de
1021 1497 1218 1561 propinatione,
1240 1496 1276 1545 de
1289 1500 1347 1546 eot-

254 1575 373 1625 demdeos'
400 1579 423 1623 et
450 1574 568 1622 ιοιιιοιιιιε
594 1573 641 1635 [ιιι.
684 1573 717 1621 El
744 1577 780 1620 est
817 1569 894 1630 tabo,
913 1573 943 1620 ut
958 1569 1000 1620 alii
1018 1572 1067 1619 rati
1084 1573 1154 1621 sunt.
1191 1571 1240 1630 Qui
1253 1570 1346 1634 legunt

253 1650 391 1710 quidpiam
407 1652 460 1696 tam
475 1646 587 1696 naemu?
609 1644 779 1696 Ecclesiasti-
812 1646 986 1706 peoiuientmu
1013 1645 1160 1706 ιιφσνιιιιιι,
1195 1643 1346 1708 intelligunt

253 1735 301 1772 eus
319 1721 364 1780 ll,
384 1720 414 1771 l:
443 1721 491 1782 Qui
513 1725 616 1770 eruunt
637 1733 671 1769 ee
693 1721 779 1769 αιιιιιιο
817 1720 959 1768 artificiose
977 1719 1146 1779 tesselatum,
1164 1721 1195 1769 ut
1210 1723 1254 1769 est
1270 1721 1343 1783 Virg.

251 1809 296 1844 sue
313 1795 402 1844 initote
418 1795 640 1857 draconemque,
660 1799 683 1844 et
699 1795 726 1844 ιιι
738 1794 780 1842 bo-
816 1797 881 1842 Aen.
900 1794 930 1854 7,
951 1794 995 1841 la:
1014 1794 1130 1854 acieque
1145 1792 1270 1854 supereo,
1293 1797 1347 1842 Ae-

251 1871 291 1918 eis
307 1867 375 1918 illim
391 1868 457 1917 elim
473 1869 653 1918 inmutabilem
675 1881 780 1916 -eeu-
815 1864 900 1917 lienus
922 1867 994 1930 apud
1014 1867 1122 1916 Suidam
1144 1880 1170 1930 p.
1189 1868 1231 1917 28.
1258 1868 1346 1917 Bern-

252 1947 304 1995 lum
326 1940 445 2005 οιαυιιιιι]
463 1941 616 2005 Hyperbole
634 1955 682 2006 pro
701 1939 777 1990 edili·
815 1940 913 2003 hardy:
927 1933 1060 2002 ὕφειτινι
1073 1935 1259 2010 ὑπερηφάνῳ.
1274 1941 1343 2004 (ind.

252 2016 433 2078 gentissime.»
815 2015 935 2079 inprimis
969 2017 1037 2065 lloss
1069 2019 1164 2066 annot,
1194 2015 1221 2064 in
1250 2016 1343 2064 Horat.

816 2102 898 2139 carm.
926 2088 1013 2154 spicil.
1039 2103 1064 2153 p.
1089 2088 1123 2152 ι.)
1149 2089 1235 2140 Minus
1261 2090 1346 2140 etiam

284 2167 325 2216 27.
358 2166 450 2230 liupet]
480 2163 588 2216 «colore
615 2165 668 2215 vini
694 2164 777 2214 rubro
815 2163 999 2227 respiciendae
1026 2166 1088 2215 sunt
1106 2161 1235 2214 lectiones
1252 2178 1346 2225 super-

251 2240 433 2303 pavimentum
462 2238 565 2289 triclinii
593 2251 777 2289 marmoreum
814 2238 863 2299 bis,
885 2238 1099 2288 commendatae
1118 2239 1218 2302 Toupio
1237 2238 1271 2288 ad
1286 2241 1346 2288 Sui-

250 2314 376 2364 inficiet.»
403 2341 430 2350 -
453 2327 522 2363 mero
538 2340 553 2349 -
570 2338 584 2348 ·
599 2312 712 2375 superbe]
734 2313 777 2361 Sic
815 2313 877 2363 dam
894 2314 919 2362 ι.
935 2312 1032 2376 ρ.539.
1053 2314 1123 2375 (οιιιιι
1142 2310 1344 2376 Pontificum--

251 2388 343 2452 optimi
360 2389 460 2451 quique
479 2386 562 2436 Codd.
583 2389 653 2436 Mero
666 2387 715 2451 ipsi
733 2401 778 2437 su·
814 2401 905 2436 coenae
921 2400 972 2450 per
988 2399 1017 2436 se
1029 2387 1126 2437 luerint
1137 2386 1266 2449 superbae,
1285 2389 1346 2451 opi-

247 2451 344 2525 perbia
364 2461 516 2510 attribuitur
535 2474 582 2521 eo,
606 2461 679 2524 quod
699 2475 778 2525 prae·
814 2474 909 2524 poree,
939 2460 1126 2523 lautissimae),
1153 2465 1181 2511 et
1205 2462 1341 2524 asperim.

250 2536 363 2586 stantiae
381 2547 445 2585 suae
461 2536 598 2584 conscium
610 2535 685 2597 qnasi
696 2533 777 2585 insul·
815 2535 853 2597 (ut
868 2535 1089 2596 heres-superbus
1104 2534 1155 2584 alio
1173 2535 1254 2585 modo
1270 2536 1343 2600 petri

251 2611 290 2660 tet
306 2609 468 2672 pavimento.
498 2609 602 2659 Etenim
614 2608 730 2672 loquitur
741 2611 775 2659 de
814 2607 922 2658 insultat
931 2609 1002 2673 apud
1020 2608 1167 2660 Martialem
1178 2612 1207 2671 8,
1226 2608 1272 2670 lt,
1293 2612 1343 2662 ts-

251 2681 403 2746 prolusione
414 2685 526 2746 propter
537 2683 688 2752 παροινίαν
700 2681 775 2733 solita
815 2685 875 2746 lit),
894 2696 957 2732 cum
974 2686 1002 2733 et
1017 2685 1086 2734 lieres
1102 2687 1154 2735 iam
1166 2685 1265 2735 hebeat
1276 2683 1343 2736 ἐκι-

251 2757 278 2806 ἰιι
295 2755 440 2807 heluonum
458 2755 551 2820 epulis,
571 2757 682 2806 fortasse
695 2758 775 2807 etiam
812 2757 899 2806 θετον
915 2757 1016 2821 dipeior
1028 2761 1055 2807 et
1065 2760 1153 2808 minus
1165 2760 1268 2823 poetice
1281 2761 1341 2824 ipse

249 2832 284 2881 de
302 2831 461 2894 pytismatis.
498 2831 552 2879 Cic.
567 2829 676 2894 Philipp.
690 2833 718 2889 ι,
732 2830 773 2881 ll.
813 2830 918 2881 dicatur
950 2832 1068 2894 operm
1101 2846 1183 2896 quam
1215 2847 1339 2896 merum,

251 2905 285 2954 de
319 2905 443 2955 Antonio:
479 2902 602 2952 uelebael
629 2905 777 2964 paeleum
813 2905 886 2969 qnod
903 2905 1045 2969 profundit.

250 2980 323 3040 uiuo,
350 2977 484 3028 medebam
507 2978 625 3039 parieles.
667 2981 773 3028 Petron.
846 2979 886 3029 28.
913 2980 1059 3043 Pontificem
1078 2981 1186 3044 potiore]
1213 2981 1339 3043 «pedore

252 3053 296 3103 38:
312 3051 370 3115 plus
385 3053 439 3102 viui
454 3051 498 3102 aab
514 3065 625 3101 ιιιοιιιαιιι
635 3053 777 3116 ammerba-
813 3067 846 3103 ee
863 3055 938 3113 vino,
957 3054 1030 3118 qnod
1047 3058 1140 3118 potent
1155 3055 1295 3118 pontifices
1311 3058 1339 3107 in

252 3132 308 3186 tar,
340 3139 417 3188 quern
441 3126 533 3188 aliquis
557 3127 584 3175 iu
608 3127 671 3176 celio
694 3127 775 3178 babet.
813 3127 899 3191 epulis
924 3126 974 3178 illis
999 3127 1187 3188 sollemnibus,
1214 3142 1285 3191 quoe
1312 3132 1340 3181 in

251 3201 352 3250 Vitrnv.
372 3200 401 3260 7,
421 3199 450 3260 l,
469 3202 498 3250 o:
517 3201 545 3250 ln
562 3203 681 3252 eorwiviis
698 3203 778 3252 Grae
813 3202 986 3265 proverbium
1002 3202 1148 3253 abierant·
1166 3203 1277 3254 Martini.
1294 3203 1337 3265 ⁴2,

250 3287 339 3324 emam
354 3273 571 3324 uommculomm
587 3282 610 3326 et
627 3277 778 3338 quodpoeu·
813 3275 859 3336 48,
879 3277 923 3325 tl:
941 3277 998 3326 Noe
1013 3277 1111 3326 Albaue
1125 3277 1187 3325 mibi
1201 3278 1234 3325 eit
1249 3279 1341 3327 eurisis¹

251 3349 315 3400 lieet
326 3349 631 3412 pptieuatisefflenditur,
649 3351 777 3400 amulcu-
810 3351 876 3400 satio
893 3351 969 3410 teeti,
991 3353 1043 3401 Nee
1064 3351 1219 3412 Capitolinae
1233 3353 1340 3415 Pontifi-

251 3425 287 3472 dil
314 3424 477 3485 teceamus.
519 3425 610 3475 laven,
637 3426 683 3486 ll,
712 3425 774 3474 ⁴73:
811 3438 917 3486 emique
938 3426 1022 3486 depes.
1052 3425 1170 3475 llaerob,
1189 3427 1242 3474 Sat.
1260 3426 1291 3485 2,
1310 3427 1336 3476 9.

252 3497 301 3559 Qut
316 3498 539 3548 Lacedaemoniun
551 3501 685 3561 petuam
696 3498 777 3548 lubri-
811 3497 858 3547 ubi
874 3497 955 3548 index
972 3511 1072 3548 menae
1091 3497 1187 3550 lletelli
1203 3499 1338 3562 pontilicis

251 3576 293 3620 eet
320 3570 410 3620 orbem.
449 3571 524 3621 ldem
552 3585 612 3624 mos
637 3571 777 3622 obtinebat
812 3573 920 3622 maximi
937 3573 1054 3622 affertur.
1079 3573 1234 3635 asyndeton
1245 3576 1338 3624 eutem

251 3643 323 3707 apud
340 3645 443 3695 Persas.
466 3645 538 3695 ilalls
556 3646 691 3696 Hammeri
708 3648 727 3696 l.
747 3660 774 3710 p.
811 3646 1044 3709 uipereo-potiore
1068 3649 1199 3711 signifieat
1225 3651 1339 3712 propter

252 3721 280 3767 t:
310 3717 385 3780 Folpe
409 3719 464 3766 dem
491 3719 576 3768 Worte
600 3720 642 3769 des
668 3722 775 3771 Wirtbr:
811 3721 881 3770 hane
904 3722 990 3784 ipsam
1015 3723 1221 3784 generositatem
1243 3721 1338 3773 unum

251 3791 332 3843 raros
347 3793 394 3842 um
412 3793 515 3855 l'eppieli
530 3795 576 3844 mit
594 3795 682 3846 Weiul
699 3799 775 3847 actus
810 3795 943 3857 sperem
958 3796 1057 3846 vocari.

682 4033 904 4055 π
