2934 4884
517 365 575 417 tta.
595 366 636 417 lii.
673 366 702 417 C.
722 366 763 417 iti.

271 522 399 589 Dulium
421 520 519 587 fundo
541 522 706 608 pereuntis
728 520 811 597 imo,

354 645 501 731 Seraquc
522 642 600 720 lata,

271 804 363 883 Quae
384 811 516 869 manent
537 800 649 889 culpas
672 802 769 869 etiam
791 802 852 868 sub
874 801 971 869 Orco.

270 924 405 1011 impiae,
423 944 555 989 -nam
576 922 655 1011 quid
676 934 813 1011 potuero
836 923 961 989 maius?
975 960 1017 973 -
1144 924 1185 988 30

269 1045 390 1132 Impiae
413 1064 550 1131 sponsos
572 1053 708 1131 potuere
730 1043 813 1111 duro

357 1164 499 1233 Perdere
521 1165 624 1232 ierrol

267 1326 336 1393 Una
358 1324 401 1391 de
420 1323 528 1390 multis
551 1323 619 1391 lace
641 1322 775 1411 nuptiali

171 1524 207 1573 30.
226 1524 319 1587 impiae
334 1536 410 1585 nom,
429 1524 489 1585 quit
506 1522 641 1587 distinguit
657 1524 690 1573 it.

109 1712 195 1751 omnes
226 1704 333 1764 praeter
365 1700 621 1763 Hypermnsstram,
695 1699 800 1749 tt-tt.
833 1714 909 1750 mona
933 1700 1059 1768 lptnplce]
1088 1702 1184 1753 eadem

72 1780 74 1785 “
110 1789 181 1839 quae,
205 1787 265 1825 cum
277 1776 384 1838 Lynceo
401 1786 500 1838 sponso
517 1786 566 1825 suo
577 1786 624 1837 pe-
662 1773 875 1835 construetione,
906 1788 958 1839 qua
976 1776 1071 1826 dicitur
1083 1778 1185 1839 ptem

109 1851 241 1913 persistet,
261 1850 287 1899 in
303 1847 407 1898 vincula
421 1850 555 1909 coniecta,
574 1847 623 1897 sed
661 1859 753 1907 cquae.
788 1849 890 1911 (Cicero
901 1849 936 1899 de
947 1851 1018 1901 Orat.
1040 1853 1070 1913 l,
1089 1852 1117 1913 9,
1136 1852 1182 1903 37:

109 1926 192 1987 postea
212 1924 337 1973 tamenin
350 1924 547 1973 matrimonium
562 1922 623 1971 data
662 1922 753 1971 &noto
762 1924 928 1985 conceptura
938 1926 1111 1986 conaturam,
1129 1927 1185 1975 iao-

111 2000 145 2047 est
156 2000 268 2061 Lynceo.
287 1996 406 2061 Apollod.
420 1998 445 2058 i,
460 1998 483 2059 l,
497 2000 520 2047 5.
535 1995 621 2046 schol.
661 1997 705 2045 nto
720 1996 854 2045 colonam
873 1997 1015 2061 adamati)
1040 2000 1119 2048 inane
1135 2013 1184 2049 au-

112 2072 209 2123 Homeri
227 2071 261 2121 ad
279 2070 350 2122 iliad.
368 2087 403 2133 α,
421 2071 473 2134 li„
491 2071 622 2135 Euripidis
661 2072 729 2129 tem.
753 2072 815 2133 quia
832 2072 858 2121 in
875 2072 930 2121 imo
947 2071 1028 2121 tundo
1044 2075 1184 2136 pertusum

110 2146 139 2195 ad
161 2148 245 2197 Oresl.
264 2146 338 2206 tta,
366 2146 470 2196 Pindari
494 2145 528 2197 ad
546 2148 621 2196 Nem.
662 2150 702 2197 est
730 2147 844 2209 ideoque
873 2161 943 2211 aqua
968 2161 1077 2213 semper
1103 2152 1181 2212 perit,

111 2220 149 2281 to,
174 2222 198 2270 6.
230 2220 348 2283 Hyginus
366 2222 392 2271 F.
412 2220 468 2270 468.
496 2222 569 2270 Serv.
588 2220 623 2270 ad
660 2222 696 2270 ita
707 2220 827 2285 perfluit,
846 2224 876 2271 ut
887 2221 1010 2272 inutiliter
1026 2225 1121 2286 pereat
1137 2238 1184 2275 no·

109 2296 164 2344 len.
183 2296 231 2355 tc,
245 2292 301 2345 itti.
321 2295 452 2345 tirannum
470 2295 583 2358 Opusco.
596 2295 620 2357 2,
660 2308 747 2358 voque
763 2308 872 2360 semper
882 2308 966 2358 aqua,
985 2297 1034 2347 elsi
1046 2310 1132 2361 aeque
1144 2299 1183 2348 in-

109 2382 131 2431 p.
147 2370 203 2420 349.
232 2369 306 2419 Ovid.
320 2368 426 2419 Heroid.
440 2370 522 2433 Epist.
536 2368 576 2419 tt.
593 2394 621 2405 -
660 2382 785 2431 cassum,
814 2369 976 2420 intrudenda
1003 2371 1045 2421 sit.
1074 2373 1179 2423 Lucret.

108 2444 231 2494 Danaides
244 2442 340 2506 maiae,
360 2442 458 2493 dolium
471 2443 566 2493 trustra
579 2457 623 2493 ex·
661 2447 688 2506 l,
715 2442 777 2495 itt:
803 2445 928 2495 Postreno
950 2450 1056 2507 peram
1082 2446 1181 2497 imno.

107 2514 169 2579 plere
184 2520 327 2577 conantes,
347 2520 408 2567 sunt
424 2516 495 2580 apud
508 2517 623 2581 inghira-
662 2544 690 2555 κ-
708 2518 820 2580 Sanoua
842 2520 907 2583 sota]
935 2532 1051 2582 «poenas
1076 2519 1181 2581 latales,

110 2592 140 2640 mi
155 2592 221 2643 Gall.
241 2592 295 2641 Oen.
309 2592 351 2641 111.
364 2592 393 2641 T.
405 2591 445 2641 86.
471 2592 544 2641 Hanc
555 2606 621 2643 vero
660 2606 728 2657 quae
741 2594 780 2642 eis
796 2596 858 2656 post
873 2596 989 2645 mortem
1006 2594 1115 2645 undem
1131 2596 1184 2647 im-

108 2664 248 2717 Danaidum
257 2665 348 2717 dulces
358 2667 487 2730 Orphicae
497 2665 570 2729 lyrae
580 2680 623 2719 so-
659 2670 761 2732 positae
779 2669 866 2719 sunt.»

108 2752 148 2791 nos
174 2740 338 2791 audientium
360 2742 511 2803 requistum
541 2754 621 2805 prae·
692 2743 801 2793 29-34.
828 2748 930 2792 monent
945 2743 1045 2810 eulpae]
1070 2756 1184 2808 «exspe-

107 2812 168 2865 clare
175 2814 404 2879 expressitartiiex
410 2816 489 2875 vasis,
497 2815 570 2879 quod
577 2829 622 2865 ex·
659 2817 740 2877 ctant,
754 2817 817 2880 quio
829 2820 962 2867 manent.»
975 2816 1062 2868 Alium
1072 2830 1183 2869 sensum

107 2887 190 2940 nuent
206 2891 275 2939 Mun.
293 2890 358 2938 inec.
372 2889 427 2937 dell'
438 2888 496 2938 inst.
511 2890 618 2939 orcheni.
658 2890 773 2953 praebet
783 2892 945 2941 constructio
957 2904 1020 2942 cum
1032 2892 1136 2955 dativo,
1154 2894 1184 2941 ut

107 2961 620 3026 illicito.Taod'apytuotcffssraun
658 2964 730 3027 Virg.
757 2967 822 3015 Aen.
850 2966 878 3025 9,
905 2966 970 3015 302:
1003 2967 1072 3016 Hace
1097 2968 1184 3016 cadom

106 3037 161 3087 Ano.
174 3038 228 3087 dell
241 3038 298 3087 imi.
312 3037 354 3087 tx.
368 3050 395 3101 p.
409 3038 466 3087 titt.
480 3040 561 3101 atque
573 3039 622 3089 im·
657 3039 784 3099 matrtqm
803 3044 862 3088 tuae
883 3040 1017 3102 ammone
1033 3040 1181 3102 manebunt,

107 3114 190 3172 primis
201 3125 228 3176 p¹
242 3114 300 3163 226.
312 3113 386 3163 Arci.
399 3114 475 3177 Zettp.
489 3115 508 3162 l.
522 3126 547 3177 p.
563 3114 618 3163 itt.
659 3112 743 3172 idest,
754 3112 957 3173 «servabuntur,
968 3113 1069 3175 integra
1078 3118 1181 3165 emunt.»

133 3188 169 3237 tt.
196 3186 290 3237 Aaou
306 3186 383 3250 tnta]
411 3188 479 3237 Cum
497 3200 526 3238 se
545 3188 621 3251 quasi
658 3186 724 3237 Vide
740 3186 882 3247 ibiWagn.
905 3211 932 3222 -
953 3187 1059 3252 impios]
1076 3189 1183 3253 virgula

107 3258 205 3312 iortuito
227 3263 254 3311 in
270 3260 419 3311 Danaidum
443 3260 558 3312 tabulam
580 3262 621 3312 in·
658 3263 720 3326 post
732 3261 968 3325 partocmposita
984 3260 1103 3311 nonnulli
1120 3276 1184 3315 con-

107 3336 194 3387 cidisse
207 3334 374 3397 simulasset,
394 3349 425 3385 ea
436 3336 529 3387 callide
541 3338 623 3387 utitur
659 3338 781 3387 struunt:
800 3335 981 3395 Ncmtmpiae,
1000 3333 1185 3397 (amporam

106 3410 134 3458 ad
154 3412 269 3461 amicum
292 3422 307 3459 a
328 3411 437 3460 saevitia
458 3412 538 3474 atqua
556 3424 623 3462 oon-
658 3408 761 3461 motus?
777 3408 872 3459 idest:
893 3405 1010 3458 «nullum
1026 3409 1111 3459 maius
1122 3423 1184 3474 pro-

107 3483 212 3535 tinacia
235 3484 424 3535 deterrendum
442 3486 469 3535 et
485 3483 520 3534 ad
540 3484 622 3535 sacili·
660 3485 729 3536 teoto
738 3482 827 3536 scelus
835 3483 1003 3533 committere
1013 3484 1182 3549 potnerunt»)

107 3558 179 3610 lolem
207 3558 398 3610 revocandam.
429 3560 546 3623 (mimis
568 3574 621 3611 una
659 3559 753 3620 impiae
763 3561 815 3607 cet.
834 3556 1095 3619 Mihlsignifloantior
1105 3557 1184 3609 simul

107 3636 208 3697 excepta
220 3646 319 3685 saevae
334 3632 440 3683 fuerunt
451 3634 477 3683 in
489 3646 602 3697 sponsos
614 3649 619 3695 ;
660 3636 740 3697 atque
748 3629 892 3696 simplicior
899 3630 1006 3682 videtur
1014 3630 1181 3683 alteraralio:

107 3706 230 3771 tupotius
248 3708 351 3757 imitare
368 3708 499 3772 benignae
515 3710 621 3773 Hyper·
658 3708 753 3771 Impiae
775 3706 846 3771 (acm
866 3708 928 3769 qna
943 3712 1049 3769 potuere
1069 3707 1183 3773 masi)

106 3784 232 3833 marsnae
250 3780 338 3832 nobile
355 3782 417 3832 fidei
435 3784 622 3835 auveriamo-
660 3786 726 3844 cet.¹
755 3782 855 3833 idest:
886 3785 929 3833 «et
951 3796 1016 3835 eane
1040 3784 1183 3847 impietatis

106 3852 136 3903 tis
151 3854 347 3920 exemplumln)
368 3884 395 3894 -
421 3858 507 3922 noma]
523 3859 621 3922 partim
659 3856 911 3915 reaedioidabent;
930 3856 1085 3919 quodenim
1097 3857 1183 3905 maius

107 3929 219 3981 anuos
236 3930 322 3995 politis
339 3932 464 3982 mactatas
486 3934 538 3982 iam
559 3932 621 3983 inde
659 3929 747 3982 scelus
763 3933 870 3995 patrare
888 3931 1067 3993 potuerunt»
1087 3956 1115 3965 -
1132 3942 1183 3991 po-

107 4004 257 4055 auanaide
288 4003 389 4067 cyclica
418 4008 566 4057 memorata
594 4007 621 4056 in
659 4005 741 4071 tuere]
766 4000 977 4065 «sustinuerunt,
1007 4004 1185 4066 impetrarunt

107 4074 196 4129 Tabula
213 4080 361 4143 Borgiana,
387 4083 485 4144 partim
506 4094 587 4146 saepe
605 4094 620 4131 a
659 4081 693 4133 ab
705 4082 794 4132 animo
811 4093 861 4130 suo
877 4079 929 4128 hoe
946 4078 1048 4128 lacinus
1066 4076 1181 4129 iacere.»

108 4150 229 4205 statuariis
255 4166 406 4217 expressas.
449 4155 501 4205 Cir.
529 4154 621 4208 titillor
691 4155 732 4207 33.
761 4156 817 4204 Una
832 4155 861 4203 ὼ
876 4152 973 4215 mattis]
1002 4151 1077 4202 Pind.
1105 4155 1180 4203 Nem.

27 4288 28 4305 i
107 4223 281 4294 Arctaaotopte.
299 4228 347 4281 Ed.
366 4230 391 4279 ἢ.
410 4242 436 4294 p.
456 4230 512 4281 ott.
659 4230 704 4291 tt,
722 4229 755 4278 6:
786 4221 851 4277 otc
866 4219 1080 4298 Ὑπερμνήστρα
1097 4240 1183 4298 nape-
