2934 4884
689 362 817 411 llORATll
836 360 1003 411 candidati

625 598 987 659 EXGURSUS
1026 602 1069 657 ll.

747 762 784 808 An
798 773 827 807 a.
847 760 950 809 tr-to.

376 899 532 951 incredibile
554 902 608 959 est,
635 901 700 962 quot
720 900 886 961 quantasque
908 895 1000 947 turbas
1018 898 1088 948 totus
1105 897 1148 947 hic
1166 897 1241 949 locus
1259 900 1392 949 excitarit.

311 990 362 1038 lies
379 998 444 1035 vero
460 982 614 1049 simpliciter
631 982 697 1031 haec
716 983 769 1031 est:
793 982 944 1043 Necessitas,
968 981 1032 1042 dea,
1051 982 1108 1044 ipsa
1125 996 1187 1031 cum
1203 983 1275 1047 apud
1292 984 1395 1033 itoma-

311 1084 360 1121 nos
378 1083 431 1120 non
448 1066 590 1127 coleretur,
609 1066 651 1116 hic
664 1070 768 1126 umen,
787 1077 840 1128 quo
855 1064 959 1115 comitis
971 1066 1099 1114 Fortunae
1111 1067 1190 1129 atque
1202 1066 1310 1128 Adtspae
1322 1066 1395 1117 illius

311 1154 438 1205 Etruscae
454 1153 544 1217 partes
562 1150 640 1213 digne
658 1150 815 1209 sustineret,
843 1150 923 1198 certis
943 1147 1104 1211 quibusdam
1121 1148 1252 1199 attributis
1270 1151 1394 1200 ornanda

312 1239 377 1298 erat,
396 1239 425 1286 ut
441 1236 519 1299 digna
536 1235 676 1285 exsisteret
692 1234 749 1283 eius
767 1231 994 1303 προσωποποιΐα.
1030 1234 1173 1298 Propterea
1195 1233 1244 1283 has
1261 1235 1395 1297 imagines

310 1320 491 1378 adumbravit,
517 1320 626 1369 secutus
648 1315 691 1366 vel
712 1318 850 1381 proprium
872 1318 1034 1378 φαντασίας
1055 1318 1185 1381 impetum
1207 1315 1249 1366 vel
1267 1321 1395 1369 veterum

310 1402 442 1453 artificum
459 1415 554 1466 opera,
572 1401 599 1449 id
617 1400 689 1464 qnod
707 1402 812 1451 certum
829 1398 923 1452 saltem
942 1404 982 1452 est
999 1402 1025 1449 in
1042 1402 1120 1450 clavia
1136 1398 1185 1451 illis
1197 1400 1344 1462 aciditas,
1366 1404 1394 1451 in

309 1487 407 1550 quibus
423 1488 513 1535 mmen
530 1484 678 1535 subsistere
696 1498 760 1534 sane
777 1497 831 1533 non
842 1486 954 1548 poterat.
989 1486 1070 1548 Magis
1082 1484 1173 1549 utique
1187 1483 1302 1547 volgatas
1314 1498 1397 1549 prae·

309 1569 375 1620 bere
397 1571 422 1619 ei
442 1570 573 1633 potuisset
593 1570 689 1619 Accius
712 1566 784 1631 apud
802 1568 856 1617 Cic.
876 1567 909 1617 de
927 1570 996 1618 Orat.
1016 1568 1044 1630 3,
1071 1568 1115 1620 tt:
1142 1570 1307 1619 mnsam
1329 1574 1353 1618 te
1371 1576 1395 1619 et

306 1655 486 1719 praefidenter
507 1652 551 1702 tibi
566 1652 709 1714 depriment
728 1652 829 1701 edua
851 1652 933 1715 tapam
949 1664 1066 1704 amaria
1083 1657 1157 1713 atqw
1173 1654 1262 1715 tmperi
1279 1652 1397 1703 insistant

308 1749 376 1789 ruso.
412 1736 482 1796 Quas
499 1735 608 1799 quidem
629 1735 756 1798 imagines
774 1736 822 1785 etsi
840 1733 998 1785 cumulatius
1018 1734 1128 1785 tortasse
1146 1749 1227 1800 quam
1238 1736 1394 1799 oportebat,

309 1821 453 1883 congessit,
477 1818 504 1869 id
521 1822 612 1868 tamen
629 1821 768 1869 assecutus
786 1819 839 1879 est,
865 1821 978 1881 atquae
996 1817 1112 1883 elegerat
1128 1820 1169 1869 his
1187 1822 1311 1883 quattuor
1328 1834 1396 1869 ver-

308 1903 398 1957 siculis
416 1902 639 1967 complecteretur
656 1906 736 1965 atque
753 1903 817 1953 satis
834 1900 983 1966 elegantem
1000 1902 1076 1953 nobis
1087 1905 1248 1967 proponeret
1258 1904 1396 1967 picturam

308 1989 451 2053 poeticam.
486 1987 541 2037 lam
564 1986 732 2036 notissimum
755 1989 809 2047 est,
837 1986 871 2037 ab
891 1986 932 2036 his
950 1999 1031 2049 quam
1048 1988 1162 2037 maxime
1180 1986 1300 2037 diversas
1319 2002 1394 2047 esse,

308 2074 391 2123 immo
409 2084 469 2122 esse
487 2069 587 2121 debere
605 2070 737 2120 artificum
755 2083 850 2134 opera:
870 2070 909 2120 sic
924 2084 1015 2121 manus
1032 2074 1099 2120 nito
1116 2084 1168 2121 non
1180 2072 1264 2135 magis
1277 2073 1395 2135 exprimi

308 2159 412 2220 poterat
428 2169 443 2204 a
460 2156 561 2220 pictore
577 2153 620 2204 vel
636 2168 650 2203 a
668 2153 802 2218 scalptore
820 2168 900 2217 quam
917 2150 951 2203 τὸ
969 2150 1093 2225 χρύσεον
1104 2182 1119 2193 -
1130 2152 1181 2217 τᾶς
1197 2154 1285 2217 Δίκας
1305 2149 1395 2221 ὄμμα

308 2238 444 2305 Sophoclis
465 2238 537 2303 apud
559 2237 684 2289 Welclrer
700 2238 797 2288 Grieclt.
823 2238 926 2301 Trepdd.
946 2252 971 2302 p.
991 2240 1047 2288 466.
1091 2242 1173 2290 Acras
1195 2242 1284 2289 nutem
1308 2242 1394 2292 totius

306 2325 426 2387 picturae
451 2322 660 2387 reprehensores
677 2322 835 2372 exstiterunt
851 2324 948 2373 summi
971 2324 1126 2373 Germaniae
1150 2324 1210 2383 viri,
1235 2324 1348 2387 Lessing
1368 2326 1396 2375 ln

308 2409 456 2457 Laocoonta
480 2406 554 2471 (Opp.
573 2406 615 2455 ed.
635 2406 743 2455 Lachm.
763 2406 803 2455 vt
822 2419 882 2470 pag.
903 2406 969 2469 tte.)
988 2408 1015 2456 et
1032 2407 1134 2457 ilerden
1155 2408 1208 2471 (sair
1223 2407 1312 2457 setona
1329 2410 1394 2459 Litt.

306 2506 333 2540 u.
352 2492 432 2540 Kese
453 2491 495 2541 Ν.
519 2502 544 2553 p.
564 2489 727 2551 tit-tet),
755 2504 771 2539 a
794 2490 889 2541 lllctide
914 2489 955 2540 illa
979 2492 1124 2555 Spenciana
1147 2493 1243 2557 partim
1267 2494 1395 2553 excitati,

309 2576 405 2638 partim
422 2572 588 2637 aliquatenus
606 2572 724 2636 decepti;
744 2587 759 2621 a
778 2573 874 2637 quibam
892 2574 1018 2625 heroibus
1036 2574 1183 2626 conturbati
1201 2589 1232 2625 ac
1253 2578 1398 2627 transver-

308 2670 368 2707 sum
390 2658 441 2706 acti
464 2657 628 2706 recentiores
652 2655 768 2706 nonnulli
792 2658 959 2709 Grammatici
985 2660 1055 2709 bunc
1078 2659 1166 2710 locum
1184 2660 1396 2724 interpretantes

309 2739 533 2791 inextricabllibus
555 2742 642 2789 semet
661 2742 711 2804 ipsi
729 2740 926 2793 diltlcultatibns
943 2744 1123 2803 irretivenrnt;
1150 2743 1280 2808 imprimis
1297 2744 1324 2793 ln
1343 2758 1397 2795 aa·

309 2822 437 2888 plicandis
453 2838 495 2872 vv.
514 2824 619 2873 il—il.

612 3188 978 3249 Excutiens
1016 3192 1077 3247 ΙΙΙ.

738 3339 961 3391 novum-tt.

377 3460 507 3524 Equidem
524 3460 551 3509 in
569 3472 601 3509 eo
619 3457 767 3520 elaboravi,
791 3462 917 3523 utquam
934 3460 1126 3525 simplicissima
1144 3474 1204 3512 mea
1222 3465 1294 3513 esset
1311 3464 1397 3517 buius

311 3545 363 3597 loci
380 3544 520 3609 expositio;
540 3556 590 3593 nec
607 3542 753 3607 quidquam
770 3557 840 3593 nnnc
857 3543 1015 3595 dilticultatis
1031 3546 1057 3595 tn
1070 3558 1102 3595 eo
1113 3546 1200 3597 video.
1235 3545 1282 3597 Alii
1295 3552 1397 3601 contra

311 3629 338 3677 in
356 3628 453 3679 eodem
468 3624 652 3678 incredibilem
668 3628 695 3678 in
706 3628 816 3678 modum
828 3630 982 3678 aesttmrunt
993 3642 1108 3693 eumque
1121 3631 1278 3681 coniecturis
1290 3633 1397 3685 misere

312 3714 489 3771 vexaverunt,
507 3714 537 3761 ut
553 3709 672 3761 Clerltius
689 3712 723 3761 ad
742 3712 838 3762 Lucan.
855 3724 914 3775 pag.
928 3712 973 3763 53:
991 3726 1035 3763 acc
1050 3714 1144 3765 accim
1156 3714 1276 3778 abnegat,
1297 3716 1399 3767 Utrim-

313 3806 361 3855 que
381 3800 480 3844 mamre
499 3799 609 3858 potentes
627 3796 709 3845 uena
729 3796 796 3856 cet,
822 3808 867 3845 nec
883 3796 996 3846 enatem
1012 3796 1137 3862 abneptem
1153 3797 1320 3859 Praedikow,
1348 3816 1399 3852 nac

313 3878 426 3927 contem
453 3878 563 3943 cineam
583 3877 759 3928 Doederleinii
789 3878 941 3944 discipulus.
986 3880 1038 3931 Sed
1065 3882 1126 3932 ante
1151 3894 1258 3943 omncs,
1284 3884 1332 3946 qui
1360 3886 1399 3936 de

314 3960 340 4009 h.
354 3958 371 4008 l.
384 3958 497 4023 legatur,
516 3961 611 4025 dignus
626 3962 667 4011 est
682 3962 829 4025 Bentleius,
849 3964 893 4027 qui
911 3964 1120 4027 ingeniosissime
1137 3965 1164 4016 ld
1176 3966 1240 4028 egit,
1259 3967 1289 4015 ut
1300 3964 1398 4019 locum

314 4056 368 4093 non
384 4042 452 4092 adeo
469 4044 618 4094 intricatum
636 4044 716 4095 nimia
734 4044 876 4097 subtilitate
898 4045 1061 4099 obscuraret.

381 4122 511 4176 «Difficilis
528 4127 662 4189 quidemn,
680 4129 777 4192 inquit,
803 4130 860 4179 «hic
880 4128 953 4181 locus
971 4130 1120 4195 multosque
1133 4146 1186 4184 non
1197 4146 1293 4198 pamm
1304 4136 1395 4187 torsit.

315 4212 388 4272 Spes,
406 4209 503 4274 inquit,
521 4214 545 4261 et
561 4209 625 4258 bone
641 4212 711 4262 Fides
725 4214 855 4273 fortunam
871 4214 929 4263 colit
945 4220 967 4267 et
984 4216 1131 4265 curemur:
1155 4222 1182 4267 at
1197 4218 1284 4281 ocimu
1301 4224 1324 4267 et
1342 4234 1399 4270 me-
