2934 4884
575 347 596 370 ι
685 311 815 364 itonam
833 313 962 364 EPODON

412 469 450 532 Et
472 477 520 543 tu,
544 479 637 556 potes
662 489 753 546 narn,
777 469 867 536 solve
892 490 944 536 me
965 470 1144 547 dementia,
1324 473 1363 536 lb

411 589 440 654 0
462 608 522 655 nec
543 589 686 676 paternis
708 589 855 657 obsoleta
874 590 1042 667 sordibus,

410 709 523 796 Neque
549 710 581 774 in
602 709 763 798 sepulcris
787 731 969 799 pauperum
994 711 1138 799 prudens
1162 733 1242 780 anus

411 830 625 898 Nouendiales
648 830 809 918 dissipare
835 831 996 920 pulveres.

410 950 479 1016 Tibi
502 950 660 1038 hospitale
681 963 797 1038 pectus
822 962 855 1019 et
881 973 983 1040 purae
1003 972 1135 1029 manus,

409 1073 562 1158 Tuusque
587 1082 700 1138 venter
723 1072 942 1149 Pactumeius,
967 1085 1000 1140 et
1024 1083 1078 1140 tuo
1324 1078 1361 1140 50

348 1259 388 1310 l't.
407 1260 458 1309 Nec
473 1261 577 1319 B,thF
595 1261 656 1322 (non
673 1260 746 1324 ch).
767 1285 795 1296 -
813 1260 854 1312 ta.
873 1259 1033 1311 Nouendialis
1048 1261 1077 1311 ll.
1098 1287 1126 1298 ·-
1150 1263 1190 1312 60.
1206 1268 1336 1324 pactum,

315 1335 369 1384 eius
383 1336 417 1393 T,
441 1335 599 1396 partumeiuu
614 1336 730 1385 Pottierti
747 1335 878 1400 quinque,
907 1335 978 1386 LtFJ.
999 1336 1038 1398 (nt
1053 1348 1116 1398 nos,
1142 1338 1192 1400 Bc,
1219 1339 1284 1388 item
1299 1339 1331 1396 b,

316 1409 365 1459 ead
382 1409 425 1460 hic
441 1410 469 1458 in
485 1421 593 1470 rasura,
619 1408 757 1470 Blandin.,
786 1423 834 1460 «cx
858 1411 955 1460 nostris
981 1423 1076 1461 omnes
1099 1415 1209 1474 praeter
1225 1413 1290 1462 Cod.
1309 1413 1334 1462 et

316 1486 395 1533 nomo
421 1484 449 1531 at
472 1483 569 1533 aetatis
590 1485 722 1547 aequioris
739 1487 895 1535 Petrensem
912 1483 970 1549 (pb
987 1487 1096 1546 Basra,
1123 1488 1239 1536 Poitierii
1256 1485 1334 1550 pleri·

316 1569 385 1619 que,
404 1555 500 1616 Aldus,
519 1557 555 1616 C,
573 1556 720 1617 Bentleius,
740 1558 783 1620 bl.)

316 1713 357 1764 tc.
371 1712 413 1763 to.
427 1717 499 1774 putee
506 1713 577 1776 mm]
588 1712 715 1778 Exempla
726 1715 807 1765 buius
845 1717 904 1766 usui
927 1715 962 1766 illl
985 1716 1100 1768 natando
1117 1719 1192 1768 vivae
1218 1718 1362 1768 incantandi

283 1786 413 1838 formulae
429 1787 457 1836 in
467 1785 594 1850 precibus
607 1789 718 1838 usitatae
729 1801 807 1852 prae-
845 1790 1049 1852 adhiberentur,
1082 1793 1237 1843 necessario
1262 1793 1363 1854 diuinu-

283 1863 351 1914 bent
367 1863 529 1926 interpretes
551 1862 586 1912 ad
602 1861 658 1911 val.
677 1861 761 1914 Flacc.
781 1865 805 1922 t,
845 1864 952 1926 bantur,
984 1866 1011 1916 in
1036 1864 1176 1930 pulverum
1201 1869 1363 1917 comminue-

284 1937 333 1988 ta:
364 1937 466 1986 Versum
478 1937 563 1998 proice
578 1938 808 1999 6661666666-
845 1937 951 1989 bantur.
970 1940 1095 1990 Ceterum
1114 1939 1209 2004 triplex
1227 1943 1312 1991 exstat
1326 1941 1364 1989 in-

282 2025 339 2062 men
357 2011 483 2074 (Namque
495 2011 593 2074 potua).
618 2012 808 2073 6866616666-
845 2015 999 2077 terpretatio
1018 2028 1046 2063 v.
1064 2015 1244 2076 Numestium,
1270 2016 1304 2065 ita
1324 2016 1360 2072 ut,

283 2085 347 2136 thol.
366 2085 447 2136 Putat.
460 2086 479 2134 l.
501 2097 527 2148 p.
540 2086 585 2135 att
601 2099 607 2133 :
622 2079 720 2145 Ἀλλά,
738 2081 805 2146 osu,
845 2101 907 2138 cum
929 2088 972 2138 hic
993 2090 1124 2140 iustorum
1140 2090 1253 2140 mortuis
1271 2089 1362 2139 lacien-

282 2156 405 2211 duivuuuu
420 2156 485 2230 γάρ,
504 2153 671 2230 ἢῆβητῆρά
686 2175 725 2224 με
743 2156 808 2210 eari-
845 2161 941 2213 dorum
966 2163 1025 2213 dies
1049 2163 1084 2213 ab
1109 2163 1166 2214 aliis
1195 2163 1361 2228 scriptoribus

283 2231 335 2297 ξον
352 2233 411 2285 κτλ.
432 2263 460 2271 -
479 2235 701 2298 amputemus]
728 2236 809 2286 Cani·
845 2249 978 2300 nusquam
990 2239 1361 2302 memoretur,optioueinter

283 2308 343 2358 diae
366 2308 489 2359 sordidas
510 2311 635 2371 parentes
657 2308 757 2360 obiicit.
779 2337 805 2347 —
845 2311 894 2361 has
912 2323 979 2374 opus
997 2311 1047 2361 sii:
1066 2312 1089 2375 t)
1108 2310 1359 2362 «6666661666-

282 2384 403 2448 absecta]
434 2385 598 2448 «inquinata,
628 2384 806 2446 deformata»,
845 2389 888 2434 tur
913 2385 1086 2446 sacrificium,
1113 2386 1187 2448 qarod
1209 2389 1312 2436 monuo
1335 2385 1359 2433 tit
1445 2445 1446 2450 ἵ

285 2460 316 2508 ut
332 2461 395 2509 suni
410 2471 455 2508 rea
479 2461 612 2510 vetustate
637 2460 805 2524 absumptae.
837 2472 916 2510 nona
933 2459 991 2521 die,
1009 2473 1062 2523 qua
1080 2459 1200 2523 sepultus
1218 2463 1283 2510 est.»
1300 2463 1357 2509 Por·
1445 2477 1446 2534 p

283 2533 338 2583 Cic.
357 2545 406 2598 pro
427 2534 513 2583 Sestio
534 2534 583 2583 28:
610 2534 808 2584 Virtus--na-
845 2547 916 2584 rura.
953 2535 977 2596 2)
1006 2534 1102 2598 uApud
1134 2536 1258 2598 antiquos
1285 2535 1356 2584 moris

283 2620 331 2668 pue
352 2607 441 2656 clunis
461 2620 576 2668 uuquam
599 2608 713 2658 sucuro
737 2608 808 2658 ubso-
845 2609 906 2669 luit,
928 2611 959 2659 ut
974 2608 1062 2659 triduo
1079 2621 1177 2672 corpus
1194 2609 1307 2659 defuncti
1323 2609 1356 2656 ia·
1445 2645 1446 2648 ,

282 2682 358 2731 leucii.
388 2681 426 2730 Ex
442 2681 573 2731 adulterio
584 2694 644 2731 eam
657 2684 760 2742 numm,
778 2685 808 2732 ut
845 2684 920 2732 cerei
936 2682 1022 2743 domi,
1047 2685 1151 2747 etpost
1167 2684 1284 2734 triduum
1299 2695 1355 2744 rogo

282 2755 375 2806 volunt
391 2754 494 2815 Sobel,
513 2755 662 2818 significare
679 2758 781 2820 nequit.
844 2758 1043 2820 imponeretur;
1072 2758 1137 2807 item
1164 2759 1226 2820 posi
1250 2758 1354 2808 triduum

315 2827 357 2878 li.
375 2828 416 2879 tc.
436 2829 711 2892 sepulcriapaupenen]
724 2833 807 2881 «Nem
846 2831 911 2881 cinis
932 2831 958 2880 in
981 2843 1076 2880 urnam
1097 2830 1265 2881 condebatur
1279 2833 1305 2880 et
1319 2834 1354 2878 tu-

282 2902 393 2952 dtuitum
410 2899 531 2964 sepulcra
549 2903 605 2953 suis
622 2907 699 2954 erant
715 2907 807 2956 custo-
845 2905 917 2956 mulo
939 2904 1132 2965 mandabatur;
1159 2905 1221 2954 ideo
1238 2904 1300 2954 dixit
1314 2917 1354 2953 no-

282 2975 362 3025 dibua
375 2988 482 3025 curae.»
494 2977 587 3028 Scaou.
606 2979 707 3030 llorum
719 2983 808 3032 cuato-
844 2977 981 3030 vendiales
991 2977 1129 3043 pulverea,
1148 2978 1244 3039 idest,
1262 2980 1353 3028 cineres

282 3049 347 3099 dum
370 3050 533 3102 mentionem
558 3052 620 3102 lacit
635 3053 759 3105 blanetbo
780 3057 805 3117 c,
845 3057 993 3105 recentes.»
1012 3055 1096 3104 Corra.
1116 3054 1195 3111 Cauc.
1231 3054 1255 3116 3)
1274 3051 1353 3116 capud
1445 3055 1446 3066 ³

281 3123 347 3174 cat:
382 3122 569 3175 ueuuouudioe
586 3121 653 3176 -Ἧ
680 3129 805 3216 cppouput
844 3130 972 3188 maiores,
996 3127 1043 3177 ubi
1065 3125 1106 3190 (al.
1126 3127 1288 3191 ubicunque)
1303 3127 1353 3190 quis

282 3195 391 3249 νεκύων
407 3195 532 3264 τύμβοις
547 3193 592 3250 iva
613 3216 803 3266 vacaruovueg.
842 3203 936 3253 luisset
946 3202 1103 3262 exstinctus,
1120 3201 1154 3250 ad
1166 3201 1278 3252 domum
1289 3213 1354 3252 suam

282 3274 336 3324 Ctr.
355 3275 437 3324 inser.
456 3288 531 3324 meas
548 3277 603 3325 bat.
622 3277 652 3326 N.
666 3276 730 3328 l³66
743 3291 803 3342 sqq.
842 3275 1022 3336 referebatur5
1038 3301 1054 3312 -
1065 3301 1080 3312 -
1091 3278 1118 3324 et
1129 3274 1180 3325 illic
1191 3277 1296 3339 septem
1307 3277 1355 3324 erat

285 3375 312 3384 -
326 3347 445 3415 6666666]
464 3350 545 3398 eiiam
557 3349 591 3399 de
603 3349 680 3400 mulis
691 3351 802 3402 artibus.
841 3350 946 3411 dicbus,
964 3351 1058 3400 octavo
1076 3348 1278 3410 incendebatur,
1295 3362 1354 3399 nonu

282 3424 371 3473 iuven.
398 3423 426 3483 3,
453 3423 502 3472 86:
538 3424 659 3476 Graeculi
683 3428 806 3478 66666666
842 3424 1037 3488 sepeliebatur:
1071 3424 1144 3475 unde
1168 3425 1291 3475 {lumbos
1312 3425 1354 3474 No

280 3511 341 3560 pm
359 3497 561 3558 pmdentieairna.
585 3524 612 3536 -
641 3502 806 3552 Nouendialis
841 3499 966 3548 6666666666
982 3503 1052 3549 cet.»
1081 3499 1186 3549 Saeuus
1202 3499 1238 3549 ad
1255 3500 1317 3550 Aen.
1332 3500 1352 3556 5,

281 3571 411 3635 disnpure]
435 3585 547 3623 «eruere
571 3588 586 3624 e
611 3575 742 3639 sepulcris
770 3576 805 3626 ad
842 3571 883 3623 ot.
907 3573 1084 3624 commentat.
1104 3574 1213 3636 Cruqnii
1235 3575 1353 3623 rationum

281 3660 361 3698 naum
393 3661 532 3699 sacrorum
565 3653 672 3700 tuorum
699 3652 804 3704 cineres
842 3649 930 3708 recte,
949 3649 979 3696 ul
994 3647 1111 3706 videtur,
1135 3646 1234 3710 probat
1250 3649 1352 3696 Torren-

282 3735 378 3773 recens
403 3722 524 3774 conditos
557 3736 589 3773 ac
622 3725 725 3774 tantum
751 3739 804 3775 non
843 3723 901 3772 tius.
937 3720 1013 3772 Coul.
1040 3719 1116 3785 Apul.
1136 3722 1243 3773 lletam.
1262 3721 1291 3780 9,
1312 3720 1352 3769 u:

280 3796 401 3860 tepidus,
420 3797 519 3860 quippo
536 3799 581 3862 qni
598 3797 631 3846 ad
648 3800 804 3862 praestigias
840 3798 944 3858 tuumne
959 3811 1025 3846 nouo
1042 3797 1082 3846 die
1097 3797 1146 3846 n'te
1160 3796 1287 3856 eompletis
1296 3795 1353 3856 apud

282 3871 398 3934 magicas
415 3871 579 3922 efficaciores
595 3872 648 3923 elui
664 3873 803 3936 quamdiu
841 3871 965 3922 tunulum
988 3871 1152 3922 eunucu.
1188 3871 1305 3920 Donatus
1325 3866 1352 3916 ud

281 3947 416 4009 repositi.»
433 3946 507 3996 ovid.
522 3947 583 3996 lter.
596 3946 625 4005 6,
637 3947 686 3996 96;
714 3947 804 3998 certu-
841 3947 946 3996 Terent.
959 3946 1066 3996 Pborm.
1078 3947 1104 4006 t,
1119 3945 1209 4005 t‚tc:
1228 3945 1258 3994 lu
1273 3942 1354 4005 nuptia

281 4033 329 4080 cue
359 4023 389 4070 de
413 4022 501 4082 tepidis
524 4021 619 4085 cottipit
643 4035 701 4071 ussa
724 4023 801 4085 rapis.
841 4021 918 4070 uiam
941 4021 1060 4083 septimae
1083 4021 1135 4070 dieu
1158 4019 1352 4068 instaurationes

282 4093 379 4143 Lucan.
395 4095 424 4155 6,
437 4093 499 4144 63οε
528 4095 693 4158 ardentiaque
708 4108 765 4145 oasa
781 4097 803 4145 E
840 4097 891 4145 uoti
907 4095 991 4156 babet,
1009 4099 1038 4144 ut
1054 4095 1081 4142 in
1096 4093 1187 4155 sacam
1200 4105 1282 4142 nouus
1296 4092 1350 4150 diu,

281 4167 368 4216 666666
382 4168 451 4229 rapit
466 4167 512 4218 itta
528 4170 604 4233 rupis.
627 4171 695 4220 Cum
711 4171 802 4222 autem
841 4181 889 4231 quo
903 4169 1048 4231 parentatu
1068 4167 1259 4218 concluduntur.
1287 4164 1349 4216 Cunl.
