2934 4884
488 398 546 446 bib.
566 400 584 447 Ι,
620 402 649 448 (1.
669 400 766 450 xxxii,

273 549 426 616 Odecus
448 550 569 618 Phoebi
591 564 624 618 et
644 554 783 641 dapibus
806 560 948 644 supremi

275 670 372 737 Grata
394 670 524 737 testudo
546 674 643 751 lovis,
668 696 688 739 o
710 674 858 743 laborum

275 790 376 856 Dulce
398 791 553 869 lenimen,
577 794 654 859 mibi
676 816 805 882 cunque
829 797 916 863 salve

400 912 470 977 Rite
492 915 626 979 vocanti.

165 1109 207 1155 45.
228 1108 302 1165 mibi,
320 1110 424 1169 cuique,
443 1110 510 1158 sotor
527 1110 645 1161 malebat
661 1113 805 1165 Bentleius.

99 1281 212 1331 Turseli.
232 1284 262 1333 Τ.
282 1286 312 1332 11.
331 1298 359 1347 p.
375 1284 441 1343 tit.)
463 1314 490 1321 -
509 1288 631 1337 iiibieun-
666 1302 776 1352 prorsus
799 1296 936 1355 repugnet.
963 1322 990 1329 —
1014 1295 1074 1358 Rite]
1098 1298 1190 1346 «caste

98 1369 146 1415 qur
169 1360 265 1405 eutem
291 1358 417 1420 iungere,
446 1359 519 1421 quod
544 1374 630 1425 nuper
666 1366 693 1413 et
709 1377 766 1427 pre,
792 1366 1021 1427 quemadmodum
1039 1368 1117 1419 decet
1136 1370 1192 1419 tati·

98 1430 210 1489 quidam
221 1432 371 1493 proposuit,
385 1432 412 1481 id
423 1446 488 1482 vero
501 1435 629 1485 latinitati
665 1436 717 1486 bus
736 1440 760 1487 in
777 1440 930 1502 precibus.»

574 1632 714 1643 -ο

459 1794 824 1857 EXCUBOUS

546 1926 748 1977 suumn.

162 2072 340 2123 Manifestum
357 2073 387 2121 tlt
404 2086 419 2121 e
436 2086 462 2121 v.
480 2074 620 2133 metram,
645 2076 753 2126 maioris
775 2090 807 2125 ac
823 2078 950 2139 gravioris
967 2080 1077 2131 alicuius
1096 2083 1193 2146 incepti

98 2154 175 2217 lyrici
199 2157 255 2205 boc
279 2168 340 2206 esse
363 2154 445 2205 veluti
467 2158 644 2220 prooemium.
689 2159 753 2218 Quis
770 2162 860 2209 autem
878 2174 941 2210 eum
956 2167 1109 2224 poposcerit,
1138 2180 1190 2215 non

96 2238 181 2303 liquet
206 2253 260 2289 uec
283 2240 358 2288 ranis
381 2237 599 2290 hariolationibus
622 2239 759 2303 indulgere
780 2240 880 2305 placet;
908 2244 964 2306 ipse
983 2246 1054 2295 enim
1071 2246 1191 2297 consulto

96 2336 155 2371 rem
178 2321 342 2382 occultavit,
369 2323 399 2370 ut
423 2324 460 2381 is,
488 2324 533 2386 qui
558 2327 733 2387 poposcerat,
761 2323 856 2374 leniter
881 2326 1023 2377 subridens
1048 2342 1078 2378 se
1104 2330 1191 2393 ipsum

96 2408 262 2468 agnosceret
283 2406 403 2467 primus,
429 2418 462 2454 ac
485 2404 597 2455 tortasse
621 2406 701 2457 solus.
737 2407 786 2458 Alii
806 2408 957 2465 divinarunt
975 2412 1112 2461 invitatum
1130 2426 1191 2463 esse

97 2490 240 2539 lioratium
258 2486 303 2537 vel
321 2486 355 2537 ab
371 2491 490 2550 Augusto
507 2488 549 2538 vel
561 2502 576 2539 a
588 2491 744 2541 Maecenate
755 2490 798 2541 vel
815 2490 849 2541 ub
862 2492 912 2543 alio
925 2495 1011 2543 amico
1023 2493 1065 2543 vel
1078 2508 1092 2544 a
1105 2498 1192 2545 semet

97 2574 155 2636 ipso
172 2572 219 2623 vel
237 2586 255 2621 a
274 2573 371 2621 cuncto
388 2571 487 2635 populo
503 2574 636 2631 Romau03
664 2573 706 2624 atii
723 2574 758 2624 de
776 2589 828 2625 uuo
846 2576 934 2639 aliquo
952 2578 1070 2627 carmine
1089 2576 1145 2641 {Od
1166 2581 1190 2639 t,

95 2657 120 2705 l.
137 2656 183 2706 rel
202 2656 227 2715 l,
248 2656 289 2715 it)
308 2653 464 2717 intelligunt,
483 2654 526 2705 alii
543 2656 577 2705 de
595 2656 707 2708 edendis
718 2658 882 2709 carminibus
894 2662 957 2709 tuuc
969 2660 1022 2711 iam
1035 2660 1188 2724 elaboratis,

98 2741 136 2789 uti
160 2737 260 2789 volunt
285 2737 449 2788 Scholiastae
473 2742 589 2789 veteres.
639 2742 696 2799 Quo
721 2742 800 2803 igitur
829 2742 934 2793 difficile
963 2742 1027 2793 illud
1056 2746 1191 2808 inceptum

97 2834 233 2886 prospere
259 2820 353 2880 cedat,
379 2822 503 2885 Sapphus
520 2825 628 2872 secutus
645 2824 798 2887 exemplum
817 2828 866 2889 (Fr.
886 2828 926 2876 70.
945 2827 1043 2890 Bergk:
1064 2821 1192 2893 ³217edia

97 2902 223 2969 κελύφη,
251 2901 331 2969 λέγε,
357 2901 503 2965 esserra
523 2902 554 2954 et
576 2906 673 2970 γένεο.)
710 2906 835 2959 barbiton
858 2922 938 2959 suum
961 2909 1057 2959 salutat
1079 2912 1191 2975 eiusque

98 2994 241 3052 umquam
268 2990 359 3039 Musae
382 2987 509 3038 auxilium
532 2990 645 3038 invocat.
690 2990 754 3039 Tota
777 2994 868 3041 autem
891 2991 1031 3043 difficultas
1056 2995 1190 3054 carminis,

98 3072 143 3122 ubi
165 3086 219 3137 per
243 3084 275 3121 se
300 3072 449 3134 spectetur,
477 3070 677 3136 simplicissimi,
705 3073 732 3121 in
756 3086 789 3122 eo
812 3076 936 3133 vertitur,
964 3074 1037 3138 quod
1054 3075 1193 3139 ambigunt

99 3157 277 3220 interpretes,
297 3167 416 3217 quonam
433 3154 514 3204 modo
532 3156 650 3205 construi
667 3154 785 3204 debeant
801 3156 884 3205 verba
902 3171 927 3205 v.
947 3158 970 3206 Ξ.
990 3160 1056 3219 quod
1072 3184 1086 3195 -
1103 3186 1117 3196 -
1130 3160 1192 3220 ptu-

98 3253 150 3299 res,
175 3242 271 3288 utrum
289 3238 324 3286 ad
340 3238 369 3286 Si
386 3265 401 3273 -
417 3264 432 3274 -
448 3242 542 3298 umen,
567 3251 601 3287 an
619 3237 654 3286 ad
670 3238 811 3300 sequentia
828 3252 888 3301 ope,
907 3240 955 3289 dic,
991 3242 1065 3289 Hanc
1082 3240 1192 3303 quidem

99 3324 282 3385 posteriorem
298 3322 429 3370 rationem
447 3319 595 3380 Bentleius,
613 3322 739 3370 aeremia
755 3322 926 3385 praeterens,
946 3323 1098 3371 necessario
1116 3326 1193 3386 sequi

100 3405 195 3455 debuit
211 3417 304 3467 neque
322 3403 394 3453 aliud
410 3417 476 3453 saue
494 3402 638 3466 intelligere
658 3405 744 3468 potuit
761 3416 870 3453 carmen
888 3417 970 3466 quem
987 3405 1038 3453 boe
1056 3405 1143 3467 ipsum
1162 3407 1191 3457 C.

99 3490 216 3547 mil„
244 3486 318 3536 baud
340 3488 405 3537 satis
431 3487 599 3552 expendens,
627 3500 709 3551 quam
731 3489 887 3550 arroganter
907 3486 949 3537 vel
970 3488 1058 3551 potius
1075 3486 1192 3538 absurde

99 3570 301 3622 immortalitate
324 3571 456 3635 imprimis
478 3570 589 3633 dignum
611 3572 662 3620 boc
684 3572 773 3634 ipsum
797 3572 919 3621 odurium
942 3574 1020 3634 poete
1039 3570 1189 3622 iudicasset.

100 3654 222 3705 Eandem
250 3654 493 3715 constructionem,
521 3652 639 3703 Bentleio
664 3667 729 3704 saue
753 3668 806 3704 nou
830 3656 967 3718 inspecto,
996 3655 1085 3705 multis
1102 3653 1191 3705 verbis

99 3736 296 3786 commendare
313 3736 415 3786 studuit
431 3736 581 3799 Gargetlus,
600 3735 691 3799 legens
707 3738 836 3788 Poscinur
852 3740 880 3787 et
899 3735 965 3787 alius
986 3738 1111 3788 carminis
1127 3752 1191 3803 pro-

100 3821 221 3869 oemium
238 3822 313 3869 recte
330 3832 492 3882 agnosceus3
518 3820 569 3868 ΗΡ.
589 3820 718 3883 denique,
743 3818 860 3870 Bentleio
877 3833 930 3869 nou
947 3822 1109 3883 memorato,
1134 3823 1190 3886 ipse

99 3916 210 3966 quoque
235 3902 270 3951 ad
293 3915 369 3966 seqq.
388 3901 489 3952 rettulit
511 3916 562 3952 uec
584 3903 688 3962 tumen,
715 3905 806 3953 utrum
829 3904 863 3952 ad
890 3904 941 3951 boc
964 3916 1073 3952 carmen
1091 3905 1189 3954 XXXII.

98 3999 133 4035 an
149 3985 189 4035 ad
205 3984 278 4034 aliud
295 3986 421 4045 referret,
439 3984 517 4035 nobis
535 3986 664 4048 exposuit.
692 3985 792 4035 Verum
809 3985 835 4035 bi
853 3998 947 4036 omnes
964 4000 1016 4036 uon
1029 3988 1092 4038 satis
1102 3987 1192 4051 pensi-

98 4071 201 4129 tarunt,
220 4080 303 4131 quam
320 4070 419 4119 mirum
437 4068 505 4119 toret
518 4069 570 4118 boc
582 4069 767 4131 euthymema:
789 4068 924 4130 «Barbite,
943 4071 965 4119 si
976 4068 1041 4133 quid
1052 4067 1191 4119 ludibundi

98 4156 155 4201 iam
182 4153 246 4201 ante
271 4152 433 4211 cecinimus,
459 4154 569 4216 propter
591 4152 643 4201 boc
665 4153 754 4215 ipsum
776 4166 848 4203 nunc
871 4153 924 4203 iam
947 4154 1047 4204 serium
1064 4164 1096 4200 ae
1113 4148 1190 4213 louge

98 4235 210 4297 gravius
227 4234 272 4284 dic
289 4248 399 4285 carmen
422 4236 575 4285 Latinum
610 4235 778 4299 Quapropter
795 4237 947 4287 necessario
964 4230 1133 4283 redeundum
1151 4234 1191 4282 est

192 4352 284 4397 iteum.
301 4365 356 4397 roa.
373 4354 389 4399 t.
423 4366 461 4398 ao.
479 4364 557 4398 uaros
571 4352 606 4397 iti.
993 4352 1019 4395 it
1077 4360 1085 4377 ·
