2934 4884
753 380 880 431 itonam

539 536 660 622 lungite
683 535 752 601 lata.

457 712 581 779 Fertilis
605 714 732 801 frugum
755 714 954 802 pecorisque
977 714 1083 781 Tellus

455 836 572 922 Spicea
593 835 692 902 donet
713 836 867 903 Cererem
888 855 1029 913 corona;

454 956 600 1023 Nutriant
622 957 705 1023 letus
726 968 760 1023 et
781 978 888 1044 aquae
910 955 1057 1023 salubres

539 1078 576 1143 Et
598 1078 681 1143 lovis
704 1098 812 1144 aurae.

455 1253 589 1322 Condito
611 1254 694 1321 mitis
715 1254 928 1343 placidusque
949 1253 1013 1321 telo

457 1375 627 1464 Supplices
649 1376 723 1443 audi
747 1398 886 1465 pueros,
910 1375 1044 1464 Apoll03

455 1496 605 1564 Siderum
626 1498 740 1585 regina
759 1498 922 1572 bicomis‚
946 1496 1037 1572 audi,

537 1619 639 1694 Luna,
663 1617 806 1706 puellas:
860 1664 864 1675 .

455 1796 555 1859 Roma
578 1794 604 1859 si
627 1804 771 1859 vestrum
794 1806 845 1861 est
866 1815 971 1882 opuS,
996 1794 1137 1883 iliaeque

287 2089 339 2137 cet.
349 2110 375 2125 -
388 2083 460 2143 Aliis,
472 2085 503 2133 ut
512 2095 598 2148 nuper
612 2084 741 2145 stainam,
753 2083 813 2148 pla-
849 2086 959 2135 tentiam
974 2088 1087 2136 venusta
1103 2084 1218 2147 tmugtne
1235 2085 1275 2135 stc
1290 2098 1363 2135 exor-

288 2162 342 2213 cuit
353 2158 513 2211 constructio
521 2157 809 2223 praelataaLambino‚
848 2161 905 2220 nat,
924 2162 955 2208 ut
969 2157 1056 2209 Tellus
1073 2158 1137 2219 dea,
1155 2159 1214 2223 ipsa
1236 2157 1305 2209 laeta
1319 2172 1364 2209 sua

287 2234 812 2299 quiinCommentarioaervavitindiea·
848 2231 997 2293 tertilitate,
1027 2246 1060 2283 oo
1088 2244 1201 2283 munere
1230 2232 1362 2296 tangatur,

288 2311 371 2360 tirum
379 2313 474 2359 mot:
485 2310 601 2371 «lungite
611 2308 681 2360 bona
690 2308 742 2359 lata
751 2309 811 2359 latis
848 2320 902 2371 quo
914 2308 980 2371 grati
991 2305 1087 2367 coloni,
1105 2320 1168 2357 cum
1180 2309 1309 2359 Cererem
1319 2310 1366 2371 spi

287 2384 487 2448 imprimatis,
510 2383 583 2446 quod
600 2383 709 2447 quidem
726 2382 811 2436 semel
848 2383 903 2432 cels
926 2384 1031 2432 coronis
1051 2384 1160 2441 ornant,
1186 2384 1215 2432 ut
1232 2384 1366 2447 comparet

288 2460 341 2509 iam
360 2470 376 2507 a
392 2457 469 2507 vobis
486 2458 587 2508 dictum
604 2462 645 2509 est
666 2462 693 2509 et
709 2458 811 2510 stabilis
848 2458 928 2508 etiam
951 2457 978 2507 in
997 2457 1157 2519 antiquitatis
1178 2458 1365 2507 monumentis.

288 2544 379 2582 rernm
391 2533 519 2582 terminus
537 2531 563 2581 id
578 2535 767 2597 servaturque
784 2532 811 2583 id
847 2529 940 2582 libuli.
955 2532 984 2591 4,
1004 2533 1031 2592 4,
1051 2532 1095 2581 tc:
1121 2530 1201 2581 Ptoou
1217 2532 1307 2593 Germ,
1328 2532 1367 2582 ott

287 2605 340 2657 ullo
356 2609 435 2670 pacto
452 2608 541 2670 potest
557 2608 698 2658 immutari.
728 2607 812 2668 Quid·
846 2607 879 2655 rit
893 2610 978 2655 nostro
994 2606 1024 2655 do
1039 2618 1101 2655 rure
1116 2618 1211 2655 corono
1226 2606 1326 2668 spineo.
1340 2632 1363 2643 -

288 2692 350 2731 nam
367 2678 451 2731 semel
469 2680 569 2729 dictum
592 2683 650 2731 est‘l
675 2683 729 2732 Vos
750 2683 811 2731 iun·
846 2680 917 2745 fetor]
935 2682 966 2732 ll.
980 2678 997 2730 l.
1010 2692 1137 2743 agrorum
1148 2679 1249 2743 fruges.
1268 2682 1324 2731 Cic.
1336 2680 1366 2729 de

288 2758 377 2805 eturas
418 2754 488 2803 bona
523 2755 674 2817 praeteritis
717 2756 808 2807 latis.»
847 2757 890 2806 Or.
909 2756 938 2816 2,
956 2754 1002 2803 30:
1028 2768 1078 2815 quo
1093 2754 1207 2803 nuberes
1226 2766 1292 2817 oper
1309 2756 1368 2818 [aar

288 2830 386 2878 Verum
404 2829 443 2877 sic
459 2840 502 2875 vv.
519 2840 619 2877 coccea
637 2830 751 2879 coetnoa
772 2831 811 2879 ni-
843 2831 922 2893 posrit
946 2834 969 2880 ct
990 2830 1139 2893 prottdtoror
1160 2830 1240 2879 edm.
1261 2856 1292 2865 -
1309 2830 1368 2880 locta

287 2903 338 2951 mis
355 2900 468 2963 abrupta
484 2904 546 2951 sunt
562 2904 589 2950 at
605 2914 689 2966 prope
703 2916 809 2960 manem
847 2904 935 2967 amco]
963 2904 1000 2953 Ex
1023 2904 1133 2967 antiquo
1154 2904 1290 2953 sermonis
1306 2916 1366 2963 usu,

287 2975 352 3039 quid
381 2973 505 3035 undem,
535 2987 649 3038 quaeso,
678 2978 810 3028 0334444κοῖ
847 2992 901 3043 quo
922 2980 1045 3041 tempora
1067 2980 1095 3029 et
1116 2978 1191 3027 varia
1208 2977 1278 3027 caeli
1302 2982 1368 3029 teur-

289 3074 317 3086 -
336 3050 389 3099 tam
400 3048 520 3112 percotis]
539 3049 651 3113 «quibus
669 3050 757 3103 adhue
773 3052 811 3102 le·
846 3054 934 3119 peries
951 3056 979 3103 et
997 3052 1084 3117 pluvia
1101 3052 1156 3102 lori
1173 3051 1366 3103 tribuebantur.

287 3124 371 3175 liciter
388 3124 566 3176 ualeamus.»
847 3126 930 3193 Epod.
948 3126 977 3187 2,
995 3126 1040 3176 29:
1070 3127 1180 3177 tomis
1194 3127 1368 3177 mute-

319 3200 409 3249 29-32.
436 3200 534 3249 Fertilis
550 3200 611 3265 cet]
639 3201 766 3251 «Veteres
782 3202 810 3251 iu
846 3202 976 3253 oruloois.
988 3200 1061 3252 iliad.
1071 3216 1095 3261 a,
1107 3196 1235 3265 94ιΔιὸς
1247 3194 1366 3271 ὄμβρος,

287 3276 471 3340 precationum
483 3274 678 3327 lormuliahaec
691 3276 741 3325 tria
753 3274 811 3325 leli·
847 3278 926 3341 soph.
945 3278 1030 3339 Antig.
1049 3276 1111 3326 607:
1130 3270 1280 3341 ἀκάματοι
1294 3275 1368 3327 centu

287 3350 372 3401 citatis
395 3352 544 3409 momenta,
571 3350 676 3413 frugum
700 3350 810 3401 uberta—
846 3348 950 3416 Μῆνες.
986 3348 1105 3415 Apollon.
1128 3350 1213 3401 ahod.
1238 3353 1273 3411 2,
1302 3354 1366 3402 cao:

286 3428 351 3485 tem,
368 3424 482 3474 feturam
493 3436 614 3487 gregum,
627 3428 810 3476 matronarum
847 3421 959 3491 ἐτήσιοι
979 3424 1012 3475 ἐκ
1036 3421 1105 3486 Διὸς
1128 3415 1225 3495 αὖραι,
1255 3428 1367 3477 Eumen.

287 3498 493 3559 fecunditatem,
521 3498 679 3562 plerumque
699 3500 810 3550 coniun-
846 3502 943 3563 Paneg.
965 3502 1055 3551 conat.
1077 3500 1122 3549 ⁴3:
1150 3502 1265 3563 luppiter
1284 3503 1369 3551 mode·

287 3575 359 3635 gunt.
383 3570 506 3635 Aeschyl.
520 3573 596 3622 Eum.
610 3572 666 3621 903.
686 3572 808 3637 sopboel.
847 3580 921 3625 rotor
938 3588 1073 3625 warren.
1100 3576 1192 3637 ltaque
1213 3577 1243 3624 et
1260 3574 1370 3625 adiecti-

286 3646 351 3697 Ocd.
370 3647 432 3709 Tyr.
447 3648 502 3695 474.
515 3646 646 3710 Aristoph.
661 3649 720 3697 Pae.
736 3647 808 3697 ⁴320.
847 3660 911 3699 vum
921 3648 1033 3698 octobres
1043 3650 1071 3698 et
1080 3648 1369 3711 genitivuslooiretud

288 3720 386 3775 llarod.
399 3721 424 3781 3,
438 3720 495 3771 68.»
514 3721 656 3771 {tuscanus
668 3721 702 3771 ad
714 3722 770 3771 Tib.
784 3724 809 3783 2,
846 3725 966 3784 oqooset
977 3722 1012 3773 ad
1023 3738 1103 3773 orror
1112 3723 1255 3775 relerenda
1267 3728 1336 3775 sunt.

288 3798 313 3857 tt,
327 3796 368 3845 94,
379 3822 406 3831 -
416 3794 636 3857 Fertilis-pecoris
643 3809 693 3859 per
700 3808 812 3860 zeugma
880 3797 984 3847 33-36,
1003 3798 1132 3848 Condito-
1142 3824 1157 3835 -
1168 3798 1223 3863 teto]
1242 3800 1369 3850 «Omnem

289 3884 337 3935 pro
362 3870 482 3935 [eandm
509 3872 600 3919 contra
626 3870 746 3933 fecundos
761 3884 810 3937 pro
847 3871 1370 3937 pestemapopuloltomanoavertens.·

287 3945 377 4006 fertilis
387 3944 421 3995 de
433 3944 574 3995 arboribus
586 3944 634 3995 0d.
648 3946 672 4006 3,
686 3945 730 4007 33,
744 3945 769 3994 6.
781 3972 809 3983 -
848 3947 942 4009 Magna
950 3960 1013 3997 cum
1024 3951 1082 3997 arte
1094 3948 1238 3997 revertitur
1248 3945 1283 3996 ad
1294 3947 1372 4011 Apol

291 4020 379 4083 Teum]
398 4020 471 4071 conl.
491 4032 585 4070 versus
603 4018 693 4083 Sibyll.
708 4019 740 4069 to
751 4032 809 4082 sq„
847 4018 942 4081 linem,
966 4022 1076 4084 Augusti
1093 4020 1234 4072 custodem
1251 4024 1280 4071 et
1295 4024 1371 4084 quasi

290 4094 331 4144 ius
352 4094 493 4145 iurandum
517 4092 627 4159 Philippi
645 4094 716 4144 adv.
736 4094 760 4143 9.
782 4122 808 4131 -
848 4096 955 4159 genium
973 4094 1126 4155 tutelarem,
1147 4098 1175 4146 et
1192 4094 1227 4145 ad
1246 4095 1369 4147 Dianam.

291 4169 344 4217 «Sit
369 4168 472 4232 lmgurn
498 4169 608 4220 ubertas
634 4173 661 4220 et
681 4182 810 4234 prospera
848 4182 962 4233 quoram
979 4170 1089 4221 numina
1101 4170 1173 4219 initio
1184 4170 1329 4219 invocarat.
1342 4198 1369 4207 -

289 4241 424 4305 pecudum
435 4243 546 4293 letum.»
562 4245 653 4295 scaci..
668 4246 742 4296 llane
752 4258 811 4296 aeu-
846 4244 913 4293 moe
925 4243 1098 4307 placidaeque]
1114 4241 1216 4308 Duplex
1227 4240 1370 4300 ἐπίθετον,
