2934 4884
671 370 799 421 nourrii
817 370 986 422 cAsltlrttJlt

331 530 410 594 Cum
432 525 531 593 semel
554 524 715 592 occideris
737 536 770 590 et
791 524 834 589 de
857 534 887 589 te
910 523 1080 611 splendida
1103 526 1206 591 llinos

456 647 582 713 Fecerit
604 643 751 716 arbitria.

330 770 412 843 Non,
437 768 609 853 Torquate,
633 785 753 851 genus,
777 786 841 829 non
863 775 896 829 te
917 763 1081 842 facundia,
1106 786 1169 831 uon
1192 776 1225 831 te

457 886 613 952 Restituet
635 886 754 970 pietas;

288 1172 485 1247 χαριζόμενος.
508 1172 631 1236 Aeschyl.
651 1175 724 1223 Pers.
744 1171 809 1221 sto:
848 1170 897 1221 sis
909 1184 950 1234 sq.
964 1170 999 1220 ab
1016 1170 1175 1235 Aesculapio
1193 1173 1220 1221 iu
1237 1175 1323 1223 vitam
1342 1190 1385 1224 re-

284 1244 376 1314 Ὑμεῖς
392 1246 441 1307 δὲ,
468 1245 617 1319 πρέσβεις,
640 1245 762 1368 χαΛΧιϊ,
781 1243 812 1295 ἐν
849 1247 973 1294 vocatum
990 1246 1074 1295 Diana
1090 1244 1204 1296 collocat
1221 1248 1246 1296 lu
1265 1262 1384 1299 nemore

287 1328 390 1385 metr
423 1315 506 1387 ὅμως
548 1314 651 1385 Ψυχὴν
703 1316 813 1381 addam
848 1319 969 1368 Aricino:
998 1320 1090 1381 caepae
1115 1320 1185 1382 liridi
1212 1321 1382 1383 Hippolytae,

287 1392 456 1468 ddoednad'
474 1389 594 1465 ἡμέραν·
611 1388 662 1457 Ὡς
678 1396 741 1455 τοῖς
756 1393 812 1442 θα·
848 1392 927 1453 dieii,
944 1406 1012 1442 cmc
1026 1393 1094 1442 iden
1113 1393 1384 1446 Vrrltaraestos--dc

179 1452 182 1459 ¹
287 1470 374 1523 νοῦσι
397 1468 521 1531 πλοῦτος
543 1462 627 1519 οὐδὲν
644 1462 760 1528 ὠφελεῖ.
781 1494 809 1503 -
848 1466 933 1528 disque
946 1466 1086 1516 utiraorimts
1100 1480 1178 1517 ouer:
1200 1468 1383 1533 similiterque

288 1548 414 1597 Ceterum
444 1543 513 1594 mala
538 1541 581 1592 alil
606 1542 812 1592 emico-ocimo
847 1539 936 1603 virgil.
955 1543 1021 1591 Aen.
1040 1542 1071 1602 7,
1095 1542 1169 1600 aas.;
1196 1543 1275 1592 cuius
1292 1544 1381 1594 virbii

287 1634 337 1685 pro
354 1617 434 1669 ehlat.
455 1616 613 1667 habuerunt.
847 1615 905 1665 siva
921 1613 1059 1665 masculae
1075 1615 1209 1665 llincrvae
1227 1618 1317 1666 statua
1329 1621 1382 1668 Ga·

319 1694 347 1742 st
360 1691 423 1742 -44,
441 1689 740 1752 sptutdidanorbitrio]
758 1689 812 1739 «iu-
847 1688 898 1738 biis
914 1691 1020 1753 reperta
1037 1701 1109 1738 nunc
1125 1692 1282 1739 asservatur
1298 1692 1382 1743 Lute-

286 1766 385 1815 dicium
397 1762 525 1814 sollemne
542 1766 622 1827 atque
641 1765 809 1826 augustum»,
847 1763 909 1812 tiae.
937 1760 1044 1825 (lliiller
1068 1763 1173 1813 limita.
1198 1766 1220 1814 l.
1244 1766 1322 1815 Fasc.
1347 1768 1379 1817 ll.

287 1852 336 1903 pro
352 1836 505 1896 tribunalis,
532 1839 573 1886 cui
591 1838 699 1901 praeest
715 1837 809 1897 lituos,
847 1836 956 1898 mist.)
969 1838 1139 1887 Graecivero
1151 1836 1379 1903 llippolytiegre·

286 1924 381 1962 severe
405 1910 540 1974 dignitate.
576 1910 725 1960 Recordare
747 1908 811 1959 illud
847 1910 918 1973 giam
928 1910 1060 1973 picturam
1071 1912 1262 1974 Pompeianam
1274 1912 1379 1963 videin

286 1985 320 2035 de
343 1981 464 2033 Cornelia
487 1984 614 2034 iudicium
637 1984 664 2033 in
685 1984 753 2034 Orco
770 1984 811 2033 la·
846 1983 1128 2033 Acestensis.
1147 1985 1172 2033 2.
1192 2010 1222 2020 —-
1241 1986 1377 2036 Necvero

286 2061 359 2109 ctum
377 2056 448 2121 apud
465 2058 632 2120 Propertium
650 2057 679 2119 4,
701 2059 745 2119 44,
768 2058 808 2108 ie.
847 2061 978 2121 repugnat
1004 2058 1110 2108 Horatio
1138 2058 1270 2109 Pindarus
1296 2061 1376 2122 Pylii.

286 2131 381 2193 Odyss.
409 2129 439 2191 λ,
466 2132 531 2181 tos:
559 2130 659 2181 Μίνωα
684 2128 747 2181 ἴδον
763 2162 778 2171 -
795 2160 810 2169 -
847 2130 877 2189 3,
895 2131 990 2190 35.Β.,
1009 2131 1272 2194 cuminccrtumsit,
1291 2145 1377 2196 quem

285 2202 421 2276 Χρύσιον
433 2202 582 2276 σκῆπτρον
593 2198 708 2265 ἔχοντα,
726 2206 811 2269 depro-
846 2204 881 2254 ab
906 2204 1064 2268 Aesculapio
1085 2205 1156 2255 vitae
1178 2205 1318 2257 redditum
1339 2207 1376 2257 ibi

285 2276 426 2331 στεὺοντα
451 2282 595 2330 νέκυσσιν.
631 2282 738 2330 Luoian.
760 2283 811 2330 Ne-
846 2281 987 2330 memoret.
1014 2307 1042 2314 —
1066 2278 1194 2343 pudicum
1220 2280 1376 2331 «Phaedrae

285 2368 374 2419 cyom.
386 2356 425 2404 44.
439 2354 486 2404 Alli
496 2356 716 2418 interpretantur:
732 2367 810 2404 «cum
846 2366 977 2404 novercae
989 2354 1074 2403 amori
1088 2355 1161 2403 ceste
1173 2354 1375 2406 resistentem·

285 2432 369 2481 llinos
378 2430 537 2481 sententiam
546 2428 580 2478 de
591 2427 715 2478 istulerit
722 2428 811 2493 splen·
878 2428 919 2477 27.
937 2427 978 2477 28.
1001 2427 1120 2491 Piritlioo]
1138 2428 1285 2488 Pirithous,
1303 2431 1376 2479 lonis

285 2503 388 2562 didam,
416 2502 442 2551 id
468 2504 520 2562 est,
551 2502 598 2551 tibi
615 2502 807 2562 honorificam,
847 2500 923 2560 iilius.
942 2514 976 2551 ex
993 2504 1072 2563 gente
1090 2502 1278 2566 Lapitharum,
1296 2506 1376 2553 artis·

286 2590 355 2640 quae
378 2578 486 2625 exactae
510 2573 676 2626 laudabiliter
692 2590 707 2626 a
725 2579 751 2626 te
768 2577 811 2625 vi·
846 2576 914 2625 simo
936 2575 1069 2625 amicitiae
1091 2573 1197 2626 vinculo
1215 2588 1279 2627 cum
1302 2578 1374 2627 Tire-

286 2654 328 2703 tae
357 2650 539 2700 testimonium
567 2650 614 2700 tihi
641 2650 808 2713 praebent»;
847 2662 894 2699 seo
925 2650 1043 2709 iunctus,
1079 2648 1255 2713 Hippodamia
1290 2663 1373 2699 uxore

285 2724 333 2775 sed
355 2725 441 2784 imago
460 2724 604 2773 molestetis
621 2724 704 2785 ipsius
724 2723 810 2773 tribu·
846 2724 1015 2787 praematura
1036 2726 1123 2772 morta
1157 2723 1288 2773 exstincta
1314 2723 1373 2773 nul-

284 2796 351 2847 nelis
368 2794 441 2859 apud
458 2794 559 2844 luieros
576 2796 708 2845 constituti
725 2797 810 2859 magis
846 2794 895 2846 lius
921 2796 946 2845 in
971 2798 1112 2859 posterum
1136 2796 1185 2845 uisi
1210 2798 1281 2847 lovis
1304 2796 1372 2847 tiliae

284 2870 389 2933 poetica
400 2867 523 2939 ¹uidetur.
544 2894 572 2903 -
591 2867 719 2920 iudicium
737 2871 809 2935 apud
845 2872 938 2933 petere
956 2870 1108 2932 coniugium
1119 2869 1171 2919 sibi
1182 2874 1369 2934 proposuerat.

285 2942 382 2993 interos
406 2941 506 2991 iactum
533 2944 663 2992 monstrat
688 2944 809 2994 Gerhard
844 2945 938 3005 ltaque
956 2944 1084 2993 lacuaria
1103 2949 1181 3005 porto
1203 2945 1241 3007 (ut
1264 2944 1370 2995 Ouidius

287 3018 389 3079 Vorenp.
406 3017 448 3065 lll.
468 3016 496 3065 T.
512 3016 664 3066 CClllllllli.
687 3046 713 3054 -
735 3020 810 3068 Fecs-
844 3018 881 3066 ait
897 3018 970 3067 Pout.
989 3018 1019 3075 Ξ,
1038 3017 1068 3078 3,
1087 3017 1138 3079 43.)
1158 3018 1299 3067 Pirithoum
1316 3020 1371 3068 lle

283 3090 330 3154 rit]
359 3091 533 3153 Frequentius
552 3094 593 3141 est
609 3090 718 3141 arbitrtu
734 3106 809 3155 opere
843 3105 899 3141 rem
915 3092 1017 3154 Stupios
1032 3093 1162 3141 eminuit
1177 3092 1213 3141 od
1228 3094 1325 3149 sadus,
1342 3096 1369 3141 ut

285 3166 338 3215 Liv.
356 3164 398 3225 st,
417 3164 458 3215 45.
477 3166 537 3215 Teo.
553 3165 618 3214 llist.
635 3164 666 3225 4,
684 3166 724 3215 24,
745 3168 809 3216 Cur·
843 3166 1030 3228 Proserpinam
1057 3164 1173 3215 Pirithoo
1201 3166 1366 3222 conciliaret.

284 3240 376 3299 tius6,
390 3241 414 3289 4.
434 3266 461 3275 -
477 3239 562 3302 pensu]
582 3240 649 3289 Cum
662 3241 691 3290 C.
709 3241 808 3290 Nonius
844 3238 1073 3303 quemadmodum
1096 3240 1176 3288 antea
1198 3252 1251 3289 una
1274 3254 1368 3304 rapae

283 3315 416 3375 Asprenas
438 3314 531 3363 troiae
553 3312 656 3364 ludicro
673 3312 808 3363 adhibitus
843 3316 903 3362 rant
927 3314 1069 3377 Antiopam
1084 3316 1234 3373 Amazona,
1261 3317 1293 3363 ut
1305 3316 1369 3364 lhe-

284 3386 553 3450 iueritabAugusto‚
571 3388 624 3438 iam
641 3388 693 3437 hoe
710 3386 807 3437 indicio
843 3387 882 3437 sei
908 3386 985 3436 tieret
1001 3399 1077 3436 uxor.
1112 3388 1226 3435 Pousan.
1246 3389 1277 3446 i.
1295 3389 1326 3447 3,
1344 3388 1365 3436 t.

284 3462 325 3510 est
341 3460 428 3509 clarae
442 3462 528 3523 stirpis
545 3473 608 3510 eum
626 3460 716 3511 luisse.
753 3461 805 3511 Cir.
844 3462 930 3520 Quum
947 3461 1056 3525 quidem
1074 3460 1216 3510 audaciam
1227 3460 1366 3511 Plutotaru

284 3536 355 3583 Suet.
368 3535 425 3583 Oct.
438 3533 480 3584 43.
499 3534 598 3594 Quodsi
615 3536 728 3585 Medios
744 3549 808 3598 gen·
843 3535 959 3597 graviter
976 3533 1047 3593 tulit,
1068 3536 1099 3583 ut
1114 3533 1211 3585 ambos
1230 3536 1315 3587 Furiis
1330 3535 1366 3585 la·

283 3609 316 3659 tis
333 3607 396 3667 tait,
417 3609 528 3671 patricia
546 3608 613 3658 haec
631 3612 657 3659 et
674 3608 807 3660 nobilissi-
844 3606 976 3658 ceraudos
993 3608 1111 3661 traderet
1129 3610 1212 3670 atque
1229 3622 1297 3659 saxo
1314 3606 1366 3658 olli-

283 3693 326 3731 ma
344 3682 410 3731 erat.
431 3708 458 3717 -
476 3682 609 3744 [mundio]
629 3696 709 3745 quem
727 3696 807 3747 prae·
844 3680 945 3743 gaudes
962 3683 1078 3731 curaret.
1108 3683 1177 3731 Cum
1194 3682 1296 3732 deiude
1309 3684 1366 3732 lter

283 3752 353 3802 dicat
369 3754 450 3803 ctiam
468 3754 532 3817 Epp.
553 3757 581 3813 t,
600 3758 624 3804 s.
843 3753 918 3805 cules
939 3754 973 3804 ad
995 3755 1094 3805 interos
1114 3755 1317 3814 descendisset,
1340 3758 1366 3803 ut

314 3828 355 3877 aa.
373 3828 416 3878 46.
435 3828 530 3892 Diana]
547 3842 614 3892 quae
626 3830 696 3893 apud
714 3830 803 3895 Eurip.
844 3829 993 3880 Cerberum
1009 3828 1147 3889 educeret,
1166 3829 1368 3893 Theseumque

283 3900 386 3964 Hippoi.
405 3902 479 3953 4434.
506 3904 541 3953 ita
568 3904 708 3967 llippolyto
732 3904 807 3955 vale·
843 3905 920 3963 dem,
943 3904 1042 3967 quippe
1060 3904 1178 3965 quinon
1194 3916 1244 3954 sua
1262 3906 1366 3966 sponte.

282 3974 358 4025 dicit:
388 3976 445 4027 Kal
474 3977 564 4065 χαῖρ’·
596 3978 662 4043 ἐμοὶ
687 3974 742 4049 γὰρ
768 3973 804 4030 ori
842 3979 891 4029 sed
908 3978 1039 4027 amicitiae
1055 3976 1202 4027 obsecutus
1214 3976 1366 4027 descendis

282 4048 366 4112 θέμις
383 4050 506 4114 φθιτούς
524 4048 603 4121 optio.
626 4054 720 4115 llygiu.
740 4054 801 4104 Feb.
842 4055 896 4114 set,
919 4049 1045 4102 auxilium
1062 4050 1251 4115 implorantem
1269 4050 1363 4100 libera-

282 4120 322 4169 tr.
341 4124 469 4175 Graecam
488 4126 564 4188 igitur
581 4128 690 4177 secutus
707 4129 748 4175 est
768 4127 805 4177 ia·
842 4127 891 4186 vit,
910 4125 960 4175 sed
976 4127 1125 4175 amatorem
1138 4126 1264 4177 insanum
1275 4130 1362 4175 m

281 4192 385 4251 hulam:
413 4211 475 4249 nam
494 4199 564 4262 apud
582 4198 656 4248 Ovid.
676 4200 736 4249 liet.
756 4202 802 4256 ts,
841 4205 881 4249 loc
898 4200 1008 4249 coitibus
1024 4205 1128 4249 carenos
1144 4199 1201 4261 (Od.
1214 4200 1239 4258 3,
1259 4198 1283 4257 4,
1302 4199 1357 4254 tel,
