2934 4884
622 298 751 348 llOllATll
768 298 938 347 cnunmuu

413 457 532 524 Cautus
555 453 731 528 horrescis,
755 452 889 516 nimium
910 449 1089 538 premendo

537 575 625 639 Litus
648 574 803 661 iniquum.

410 737 549 800 Auream
572 731 721 820 quisquis
744 729 999 796 mediocritatem

410 854 533 940 Diligit,
558 863 645 918 tutus
667 861 757 918 caret
777 849 915 916 obsoleti

410 974 567 1041 Sordibus
590 973 682 1048 tecti,
705 980 794 1038 caret
816 969 989 1036 invidenda

538 1094 673 1161 Sobrius
695 1093 779 1160 aula.

308 1295 331 1344 6.
349 1293 439 1359 Βιὶἱμὶι
455 1299 536 1355 tutus,
555 1299 624 1342 carot
641 1293 777 1355 distinguit
793 1291 876 1343 Bentl.

242 1468 348 1534 πόντος
373 1463 442 1536 ἄγοι
465 1465 594 1556 θρασύς,
621 1461 689 1519 οὐδὲ
714 1483 767 1534 γα·
803 1466 984 1531 periculorum
1000 1469 1094 1519 minari
1112 1469 1332 1520 homiuidivrlias

242 1542 332 1612 λήνης
368 1538 468 1614 Ἀργῆς
501 1539 681 1608 ἠσπασάμην
713 1539 767 1607 τὴν
803 1543 890 1605 regius
907 1555 939 1592 ac
956 1556 1090 1592 summam
1103 1543 1236 1594 loctunam
1248 1556 1333 1606 quam

242 1619 458 1685 παλινηνεμιην.
481 1616 517 1668 Αἱ
529 1611 724 1683 μεσότητες
704 1633 768 1686 aot·
805 1616 1036 1667 incommodorum
1063 1618 1159 1668 afferre
1191 1618 1332 1668 sordidam

242 1709 323 1744 σται·
348 1686 407 1759 ὅπη
424 1691 455 1744 δέ
471 1708 502 1758 γε
518 1689 634 1780 τράξιες
646 1686 766 1778 ἀνδρων,
804 1693 1015 1755 paupertatem'
1008 1704 1035 1740 ru
1051 1690 1152 1741 misero
1169 1693 1276 1754 tugurio
1288 1697 1333 1742 to·

243 1768 300 1818 Kal
325 1764 406 1831 μάλα
430 1769 537 1834 μέτρον
567 1764 622 1834 ἐγώ
647 1758 768 1837 τᾶρκιον
805 1765 972 1815 larundam.»
1007 1765 1059 1814 Sed
1089 1767 1168 1815 totius
1194 1763 1332 1817 clausulae

243 1834 433 1908 ἤσπαοάμην.
469 1839 551 1892 Τοῦτ’
569 1837 683 1908 ἀγάπα,
701 1842 769 1904 φίλε
805 1841 969 1890 constructio
987 1853 1020 1888 eo
1041 1841 1130 1902 potius
1147 1839 1233 1902 ducit,
1256 1844 1331 1890 ιιιν.

242 1913 359 1981 Λάμπι,
385 1911 477 1978 κακὰς
499 1914 523 1964 ‹l'
540 1909 660 1988 inducor
682 1916 768 1968 θοέλ-
804 1919 871 1963 tacito
892 1914 1040 1964 toleramus
1061 1913 1096 1964 ad
1117 1915 1231 1978 primam
1248 1915 1335 1965 dum-

243 1989 303 2054 λας·
330 1990 398 2043 Εἰσί
422 2006 496 2053 τινες
521 1997 620 2061 πρηεϊς
636 1993 686 2043 κο)
702 1989 768 2053 βιό-
805 1990 877 2038 taxat
892 1989 1010 2052 partem,
1037 1989 1266 2050 quemadmodum
1284 2003 1333 2040 so-

242 2080 294 2116 τοο
313 2067 440 2136 ζέφυροι.
478 2065 574 2128 (Falso,
600 2067 672 2129 quod
690 2068 768 2116 etad
805 2063 874 2112 brito
896 2062 932 2112 ud
954 2061 1065 2112 alteram
1087 2065 1216 2126 pertinet;
1243 2077 1335 2114 curere

245 2153 355 2190 sonsum
382 2143 409 2190 et
433 2140 468 2189 ad
485 2153 625 2190 caesuram
642 2143 767 2205 pertinet,
805 2151 883 2199 vero,
902 2137 1001 2197 idest,
1021 2139 1171 2186 «remotum
1190 2151 1329 2198 munere»,

244 2215 367 2278 distingui
385 2215 461 2264 iussit
477 2215 581 2265 Monich
599 2217 693 2266 Cautus
709 2216 770 2264 ltor-
805 2216 924 2262 recto-et
934 2212 968 2262 de
980 2211 1087 2262 sordida
1099 2225 1161 2261 casa
1173 2214 1200 2261 et
1211 2211 1246 2262 de
1257 2214 1333 2276 regia

244 2291 320 2339 ruscis
335 2291 453 2350 nimium,
468 2291 625 2354 prelucida.)
806 2287 865 2337 aula
882 2289 995 2337 summis
1008 2287 1103 2350 opibus
1115 2287 1211 2336 referta
1223 2288 1331 2337 dicitur.

277 2365 301 2414 5.
319 2363 470 2428 Aureum]«
459 2363 601 2414 «omnibus
621 2365 703 2415 rebus
720 2379 770 2414 an-
809 2362 974 2410 -Omniuo
997 2363 1088 2411 numm
1108 2365 1220 2426 propter
1241 2375 1334 2412 mem-

244 2436 435 2488 taierendam.»
456 2439 703 2502 —mcdiocritateml
721 2453 772 2502 με·
806 2436 917 2486 hrorum
934 2435 1122 2498 aequalitatem
1142 2437 1331 2498 iungendam.

244 2508 364 2576 σότητα,
383 2507 416 2561 τὸ
427 2512 552 2597 μέτριον
567 2512 769 2563 exGracooillo
805 2516 873 2560 ιιιιιιι
893 2510 1334 2572 corct,noucumBentle10Dr

245 2585 369 2646 dogmate
392 2585 454 2654 rapi
470 2580 633 2650 μεσότητος
650 2587 675 2636 in
694 2588 770 2650 cupi·
805 2587 861 2648 liyit
871 2589 987 2635 tutus.-
998 2585 1137 2633 Obsolctum
1148 2584 1334 2648 diciturquid-

244 2657 370 2708 ditatibus
396 2671 428 2707 ao
452 2660 643 2721 praesertim'
636 2674 663 2709 in
687 2674 769 2723 opum
806 2659 871 2722 quid
891 2661 1023 2708 vetustate
1046 2661 1074 2708 et
1089 2658 1214 2709 sordibus
1236 2672 1333 2710 corru-

244 2731 460 2794 quaerendarum
469 2732 572 2792 studio
585 2733 666 2783 vitam
671 2746 770 2796 ,quum
806 2736 882 2797 ptum
911 2736 964 2794 ost,
992 2732 1075 2783 veluti
1102 2735 1185 2784 vestis
1212 2734 1331 2796 οὸιοὶοισ,

245 2802 692 2876 εοιιιροιιοιιιροιιισωφροσύνη.
704 2808 770 2857 Pho-
806 2807 901 2857 detrita
930 2811 958 2857 cl
985 2807 1119 2871 squalida3
1149 2809 1188 2858 sic
1216 2807 1331 2869 domus,

245 2879 298 2941 cyl.
318 2879 447 2943 Bergkp.
467 2881 527 2929 340.
553 2877 650 2930 Πολλὰ
667 2883 770 2972 μέσοι-
806 2883 882 2932 cuius
902 2881 995 2931 trabes
1016 2885 1187 2946 putrescunt,
1213 2883 1333 2945 parietes

245 2967 292 3002 σιν
313 2945 431 3022 ἄριστα·
458 2955 549 3018 μέσος
568 2954 679 3005 θέλω
665 2973 696 3008 ev
713 2952 770 3006 τό·
806 2957 888 3006 rimas
905 2957 995 3019 agrmt
1015 2957 1081 3006 situs
1099 2958 1189 3006 omnia
1206 2959 1331 3019 occupat,

245 3024 288 3076 λει
304 3023 386 3076 εἶναι.
421 3029 526 3077 Aristot.
546 3030 619 3080 Polit.
640 3030 666 3092 l
688 3034 731 3081 lt:
751 3027 769 3080 ὁ
806 3031 922 3080 obsoleto
953 3028 1032 3079 Simili
1054 3029 1199 3079 verborum
1217 3043 1333 3093 compo-

245 3115 337 3166 μισος
348 3099 415 3163 βίος
425 3099 583 3166 βελτιστος
603 3105 676 3155 Piud.
690 3107 767 3168 Pyth
806 3107 901 3155 sitione
922 3106 977 3154 Cic.
1000 3117 1050 3167 pro
1073 3104 1156 3152 Sestio
1178 3105 1224 3154 28:
1251 3105 1334 3153 cirtae

247 3177 291 3236 tr,
310 3177 355 3225 52:
376 3173 439 3226 Τῶν
455 3172 510 3246 γὰρ
529 3193 573 3242 αμ
591 3175 675 3229 πόλιν
674 3174 820 3267 sript--
837 3191 947 3239 -ncquc
970 3178 1059 3228 olienis
1080 3191 1194 3238 uuquam
1218 3178 1335 3228 oratum

245 3264 324 3299 σιτων
345 3245 379 3300 τὰ
399 3253 478 3340 μέσοι
493 3255 661 3323 μακροτέρῳ
674 3247 769 3321 Ὅλβῳ
806 3253 992 3304 οὸιοὶιισίιμ-
964 3253 1157 3315 -ιιιοίάοιιάσ]
1180 3255 1211 3304 ut
1231 3252 1279 3302 Od.
1299 3253 1330 3311 3

207 3375 212 3387 ,
244 3321 395 3386 τεθαλότα,
413 3327 544 3392 μέμφομ
562 3325 649 3378 αἶσαν
666 3343 770 3399 τοραν-
807 3331 836 3390 l,
855 3328 900 3379 45:
923 3327 1062 3376 invidendis
1074 3327 1193 3388 postibus.
1228 3327 1332 3377 Eadem

247 3397 340 3450 νίδων.
376 3403 470 3452 Cicero
488 3415 595 3466 quoque
607 3403 659 3453 hac
670 3405 771 3466 signifi
806 3401 997 3466 significatione
1019 3398 1128 3452 Martini.
1157 3402 1278 3464 spectac.
1300 3403 1330 3460 2

246 3475 348 3524 catione
361 3479 472 3540 usurpat
484 3477 517 3525 de
531 3477 578 3526 Oli
594 3479 623 3536 i,
636 3479 681 3527 25:
700 3479 771 3527 Nun·
806 3477 835 3527 3:
853 3478 1003 3526 inuidioso·
1014 3477 1117 3525 -otric¹

246 3561 323 3607 ortam
339 3549 422 3598 iratus
437 3552 481 3611 qui
495 3553 637 3600 occedctad
650 3566 769 3614 poenam,
839 3552 864 3601 9.
899 3551 1013 3614 Saepius]
1042 3550 1124 3609 Vide,
1156 3563 1238 3613 quam
1262 3552 1331 3601 scite

244 3623 441 3671 mediocrituiun
458 3624 530 3672 illum
541 3625 642 3685 tenebit,
661 3632 772 3687 quaeest
806 3623 934 3694 γνώμαις
956 3626 1085 3688 imagines
1102 3626 1221 3687 poeticas
1238 3623 1332 3674 subie-

244 3696 310 3744 intcr
331 3696 437 3744 nimium
459 3702 482 3744 ct
500 3711 604 3759 purum.
631 3700 661 3749 ll.
682 3699 698 3749 Ι.
716 3715 770 3749 σιο-
807 3703 875 3752 cerit
891 3702 933 3750 hic
951 3701 1087 3759 etiamid,
1108 3699 1148 3760 ⁴8,
1166 3700 1207 3748 22.
1226 3699 1333 3748 Sucuius

244 3769 363 3818 diocritos
384 3772 411 3819 et
434 3769 467 3818 ad
497 3772 616 3822 animum
641 3774 771 3824 mediocri
807 3774 904 3826 menda
917 3774 964 3824 Ed.
978 3773 1133 3836 Rothomag.
1149 3773 1233 3831 Πομ,
1251 3773 1333 3822 item—

244 3843 348 3893 lortuna
358 3846 512 3894 contentum
523 3845 592 3895 etad
604 3847 672 3897 hanc
685 3850 770 3911 ipsam
807 3863 861 3912 que
889 3849 1033 3898 Burmanni
1063 3848 1229 3905 coniectura,
1260 3860 1331 3909 quac

244 3916 312 3966 vitae
331 3917 516 3968 condicionem
536 3919 657 3969 refertur.
807 3923 897 3973 multis
921 3921 1031 3986 placuit,
1059 3921 1181 3971 firmatur
1200 3935 1216 3970 a
1234 3933 1334 3984 suspe-

277 3991 333 4040 6-8.
352 3993 426 4057 tutto]
446 3993 502 4042 Hoc
520 4008 544 4042 v.
564 3995 597 4044 ad
616 3997 770 4047 universum
807 3999 925 4049 ctissimo
948 3995 990 4046 illo
1011 3995 1109 4045 Valarti
1130 3994 1195 4044 Cod.
1216 3993 1331 4045 Sorbom

244 4061 770 4135 γνώμηνιιιιιιι--σιιισιιοιιιιιιΙΙίοροι-
806 4070 917 4121 Delendi
946 4070 1038 4133 utiquc
1065 4069 1171 4133 poterat
1193 4081 1226 4117 ex
1253 4069 1330 4118 oud.

244 4139 328 4186 tinere
345 4140 463 4192 videtur:
493 4157 564 4194 senon
586 4145 675 4193 minus
697 4145 770 4194 enim
806 4147 881 4194 Trist.
906 4146 933 4201 3,
956 4145 984 4204 l,
1012 4144 1039 4193 6:
1068 4145 1177 4194 ὅσουιιιι
1192 4143 1334 4206 praelustri
