2934 4884
242 327 304 392 734
643 330 772 380 44444444
791 329 919 381 eropon

325 485 438 570 Neque
461 483 624 570 impudica
647 483 775 552 Colchis
798 484 901 552 intulit
922 485 1062 572 pedem;

283 607 352 670 Non
374 603 438 670 huc
460 605 582 672 Sidonii
606 615 770 672 torserunt
791 626 913 672 cornua
936 618 1052 674 nautae

329 724 505 792 Laboriosa
528 747 589 792 nec
611 725 730 793 cohors
753 725 865 794 Ulixei.

283 846 375 912 Nulla
397 857 513 914 nocent
534 847 643 933 pecori
666 848 826 934 contagia,
853 847 971 914 nullius
994 849 1070 914 astri

328 969 466 1054 Gregem
488 977 640 1034 aestuosa
662 976 762 1033 torret
785 968 979 1054 impotentia.

307 1177 348 1225 44.
367 1177 448 1225 antri
465 1176 498 1234 44,
519 1174 633 1224 44444444
652 1173 681 1231 4,
699 1174 728 1233 ι,
748 1175 772 1224 4.
794 1200 821 1208 -
841 1147 881 1222 44.
901 1174 1040 1236 capersana
1056 1176 1085 1226 r.

241 1361 350 1424 vestigia
387 1372 481 1411 secum
518 1359 615 1410 allerre
648 1357 766 1409 solent.»
804 1359 899 1420 genten
917 1361 1122 1422 praetermissa,
1141 1361 1210 1413 duas
1229 1366 1330 1415 tantum

243 1437 324 1486 Cuius
341 1434 451 1498 quidem
468 1435 506 1484 rei
524 1431 645 1496 exempla
661 1433 767 1495 poetica
804 1432 874 1494 virg
894 1434 939 1482 Ge.
960 1433 987 1493 4,
1013 1435 1069 1484 tea.
1098 1435 1150 1485 Cir.
1171 1437 1329 1488 Hesiodo.

241 1510 333 1570 allent,
350 1521 447 1558 navem
464 1511 548 1570 Argo,
567 1519 619 1571 qua
637 1509 769 1558 recteest
805 1505 879 1556 etl).
899 1506 956 1556 467
976 1506 1010 1557 de
1037 1508 1180 1560 heroibus.
1208 1511 1277 1572 Τοῖς
1300 1508 1329 1560 dl

242 1583 349 1641 aledea,
375 1582 480 1632 abiecto
502 1579 605 1645 pudore
626 1584 767 1631 externum
804 1576 831 1629 tt
820 1581 858 1638 4’χ
877 1572 1039 1650 ἀνθρώπων
1064 1579 1166 1642 βίοτον
1191 1585 1243 1634 καὶ
1269 1578 1329 1670 pule

242 1659 328 1707 44444444
348 1659 452 1715 4444444,
472 1657 635 1706 mercatores
652 1655 767 1704 Phoeni·
804 1647 940 1717 ὀιιάοσοις
973 1651 1044 1717 Ζεὺς
1077 1655 1219 1726 Κρονίδης
1248 1673 1330 1710 44444-

241 1733 313 1790 4444,
336 1729 494 1782 4414444444.-
465 1728 617 1792 -Se'door'tl
638 1729 694 1777 lam
712 1730 768 1778 llo·
803 1743 895 1778 vacce
920 1724 1015 1800 πατὴρ
1036 1727 1066 1791 ἐς
1089 1731 1210 1818 πείρατα
1235 1735 1326 1798 γαίης.

241 1816 334 1854 merua
346 1803 394 1853 0d
407 1817 434 1863 ο,
454 1801 514 1852 tta:
534 1801 664 1863 Φοίνικες
681 1799 768 1852 πολο-
803 1802 861 1854 Κοιὶ
876 1803 922 1852 τοὶ
938 1801 993 1866 μὲν
1010 1805 1141 1854 edocete
1157 1799 1328 1870 derideantur

241 1876 433 1930 amnia-
449 1876 648 1938 4444441444444
665 1889 766 1926 cornua
802 1869 989 1941 μὸνεχοντες
997 1871 1044 1928 dv
1057 1875 1328 1949 pandpovvriooroe

241 1957 418 2004 antennarum
435 1950 500 2014 (die
519 1949 637 2015 liabeo)
656 1948 731 2000 illis'
725 1965 768 2000 444-
802 1953 867 2039 παρ’
877 1945 1202 2019 Ὠκεανὸνβιιθοωνην,
1215 1949 1326 2016 ”Oineon

241 2026 307 2079 444444
323 2026 512 2085 obverterent
531 2037 584 2074 non
601 2023 638 2074 ibi
655 2023 768 2088 appule—
803 2020 912 2114 ἥρωες,
941 2031 1034 2078 τοῖσιν
1059 2025 1197 2092 μελιηδέα
1217 2025 1328 2100 καρπὸν

242 2102 304 2151 runt
327 2099 422 2150 litori.»
451 2098 525 2147 ovid.
544 2099 606 2148 Met.
628 2099 673 2158 44,
700 2097 764 2148 tto:
804 2095 902 2170 Τρὶς
888 2115 967 2163 arsag
983 2098 1129 2152 θάλλοντα
1140 2103 1328 2174 φέρειζιίδω-

242 2177 391 2236 Cornuaque
411 2174 439 2222 444
460 2185 559 2222 sunm
578 2173 644 2221 44444
664 2172 764 2222 arbore.
803 2189 853 2244 ρος
872 2168 1044 2246 4444444.-
1063 2177 1212 2240 4444444444444]
1232 2177 1329 2243 444444-

275 2249 316 2299 64.
335 2249 376 2298 69
399 2247 485 2296 44444-
495 2251 632 2296 outcom-
620 2247 767 2308 -tntpoten-
803 2263 864 2308 444,
891 2247 1064 2312 adulteravit,
1091 2253 1117 2300 444
1134 2251 1255 2304 deterius
1272 2266 1329 2304 me·

241 2325 287 2385 444]
305 2320 473 2373 Pestilentiae
497 2319 604 2370 subiicit
626 2321 683 2370 eius
701 2334 766 2371 cau·
803 2321 895 2372 tellum
921 2325 1111 2388 4444444444-
1129 2326 1206 2388 Aere,
1234 2328 1327 2390 44444444]

241 2412 322 2458 sam,
366 2398 543 2458 impotentem,
577 2395 767 2444 vehementem
803 2398 832 2448 ln
849 2397 900 2446 hac
917 2399 1075 2461 repetitione
1091 2399 1203 2462 (firmata
1221 2403 1328 2452 etiamn

242 2472 301 2536 (Od.
317 2471 345 2532 3,
364 2471 410 2531 36,
429 2469 473 2531 3.),
493 2470 552 2520 Sirli
569 2471 688 2530 nestum,
711 2481 765 2530 quo
804 2471 907 2521 Comm.
933 2472 1039 2535 Cruci,
1067 2475 1096 2522 ut
1113 2474 1139 2522 in
1162 2472 1204 2524 illa
1231 2488 1258 2525 v.
1277 2474 1327 2534 44.,

241 2561 306 2612 grex
330 2547 456 2596 torretur.
479 2546 508 2594 ln
531 2543 657 2594 omnibus
680 2542 764 2593 Codd.
804 2545 873 2594 inest
884 2545 957 2594 color
969 2547 1155 2609 Lucretianua,
1174 2554 1329 2614 (4444444444-

242 2623 269 2672 bi
286 2635 330 2671 rr.
351 2619 458 2678 ordine,
487 2632 541 2682 quo
559 2631 608 2668 nos
624 2630 673 2668 eos
690 2618 767 2667 exhi·
804 2621 859 2669 iam
867 2619 1034 2682 singulariter
1045 2621 1184 2672 ademerat
1195 2623 1326 2674 Horatius.

242 2696 352 2755 bemus,
382 2693 520 2756 leguntur¹
557 2692 593 2741 ila
618 2692 768 2742 cohaereri·
805 2692 857 2744 Cir.
876 2688 931 2742 Lib.
951 2693 979 2754 3,
1000 2695 1043 2744 494
1072 2695 1163 2744 0444444
1178 2709 1224 2746 nos
1245 2698 1327 2747 itidem

242 2769 314 2820 tibus
335 2768 486 2819 sentemiie:
514 2766 592 2828 «puri
610 2766 767 2814 4444444444
804 2768 962 2829 4444444444
972 2781 1055 2818 aereo
1066 2769 1146 2831 44444,
1158 2770 1258 2832 Aurea,
1271 2784 1328 2833 per-

241 2844 363 2904 eoutagio
386 2840 438 2890 illic
454 2840 547 2888 vivunt
568 2838 706 2896 homines,
724 2851 768 2888 se·
799 2847 879 2904 poton
903 2855 1000 2905 44444444
1024 2843 1171 2907 4444444444
1195 2846 1259 2894 olle.
1293 2847 1325 2907 5,

241 2917 299 2967 ouri
323 2928 337 2963 4
368 2911 531 2977 pestilentiae
558 2913 679 2974 contagio
704 2925 767 2975 gre-
804 2915 864 2966 9484
890 2916 1004 2978 4444444444
1027 2917 1103 2981 lorpo
1123 2917 1208 2968 lavere
1226 2919 1326 2968 44444444

241 3003 322 3054 ges„
348 2989 375 3038 in
400 2999 454 3050 quo
476 2985 541 3048 quid
557 2987 766 3050 reprehensione
803 3003 885 3052 4444,
903 2992 1013 3040 4444444444
1029 3005 1096 3042 rnre
1105 2993 1327 3053 44444444ήᾶ449-

241 3064 352 3126 dignum
376 3063 424 3121 eit,
452 3059 579 3122 equidem
601 3073 654 3111 non
676 3060 764 3111 rideo.
803 3064 884 3114 4444444
899 3078 992 3114 murco.
1011 3065 1064 3115 Sed
1082 3065 1197 3116 eandem
1214 3060 1326 3129 44444444-

242 3136 416 3187 Nihilominus
434 3138 508 3186 varie
528 3147 576 3186 eoa
592 3137 767 3199 transposue-
803 3133 866 3208 priv,
884 3140 914 3188 ut
930 3141 1141 3188 consentaneum
1158 3143 1229 3202 erat,
1249 3153 1326 3190 usur-

241 3214 316 3273 4444,
352 3210 426 3276 quod
452 3213 540 3275 ipsum
576 3211 675 3259 erroris
711 3210 766 3259 evi·
802 3213 875 3275 pavit
897 3213 949 3261 iam
971 3212 1110 3262 Homerica
1133 3213 1223 3276 poesis
1247 3215 1273 3264 in
1291 3214 1326 3264 si-

241 3287 310 3338 dens
326 3287 432 3348 signum
449 3288 499 3336 est.
528 3285 632 3334 Etenim
652 3284 765 3334 criticus
802 3284 956 3349 guilicandia
974 3284 1071 3346 rebus,
1098 3285 1197 3348 quibus
1219 3289 1326 3350 propter

241 3363 269 3412 in
285 3363 358 3412 lliec.
372 3359 450 3410 Obse
466 3361 498 3409 44.
510 3372 571 3423 pag.
584 3358 641 3408 384.
660 3361 721 3421 post
737 3372 763 3408 v.
802 3358 1018 3424 qualemcunque
1036 3372 1144 3410 causam
1161 3372 1240 3410 mens
1261 3366 1325 3425 poe·

241 3437 283 3486 69.
298 3437 517 3498 uasatmpostv.
530 3434 583 3492 llll,
602 3433 653 3482 lea
665 3433 766 3484 ellici
803 3438 845 3485 lae
869 3435 1040 3494 immoratur,
1064 3436 1094 3483 ut
1110 3431 1183 3483 lliad.
1201 3431 1238 3494 β,
1266 3435 1324 3484 ott:

242 3524 322 3561 mann
347 3508 503 3571 Peerlkamp
527 3508 636 3571 poelt.
657 3507 697 3558 446.
717 3520 765 3557 eos
802 3505 917 3596 Νιρεύς,
945 3509 994 3557 ter.
1014 3507 1109 3569 Odyss.
1128 3522 1162 3565 α,
1187 3508 1232 3557 99;
1259 3502 1324 3557 'All'

241 3585 391 3634 statuerunt
407 3580 584 3632 collocandos.
802 3578 820 3631 ὁ
836 3581 890 3646 μὲν
902 3579 1044 3643 Αἰθίοκας
1059 3581 1214 3645 parentalia
1227 3577 1324 3646 τηλόθ’

273 3657 321 3707 63-
322 3657 363 3706 66.
381 3657 527 3718 luppiterJ«
515 3656 647 3717 4444444444,
666 3655 763 3717 inquit,
803 3653 918 3717 ἐόντας,
935 3652 1093 3717 Αἰθίοπας,
1111 3655 1156 3704 rol
1173 3652 1263 3715 διχθὰ
1282 3653 1325 3706 64-

242 3744 321 3782 «curn
337 3727 408 3780 nulla
426 3730 462 3780 ibi
479 3731 532 3779 sint
547 3727 658 3788 scelera,
678 3725 765 3778 nullae
802 3728 932 3790 64444444,
967 3723 1088 3790 ἔσχατοι
1122 3723 1243 3814 dvdpeiv.
1286 3731 1325 3780 Sic

241 3807 347 3868 pestes,
370 3804 420 3867 piis
437 3801 508 3854 illam
530 3807 667 3866 4444444444
684 3815 766 3864 sepa·
802 3804 913 3854 Theocr.
934 3803 981 3864 43,
1009 3805 1049 3854 69.
1075 3805 1120 3854 64.
1155 3797 1326 3870 ἠυγένειος-

241 3880 327 3928 ralam
344 3891 360 3927 a
377 3876 514 3928 sceleratis
534 3876 629 3927 sedem
646 3875 765 3926 destina·
803 3876 855 3940 λῑς,
874 3871 1037 3943 ὠμοφάγος
1053 3875 1105 3940 λῖς.
1125 3878 1230 3941 (Datim
1248 3877 1326 3940 444444-

242 3953 278 4001 vit
294 3952 424 4016 luppiter,
445 3965 478 4000 44
495 3964 550 4015 quo
567 3962 677 4000 auream
694 3953 767 4000 aetu-
802 3951 907 4013 labum,
931 3954 960 4001 ut
976 3955 1006 4001 Α.
1020 3954 1047 4001 Ρ.
1067 3951 1122 4003 444.
1141 3953 1212 4014 Virg.
1232 3955 1278 4002 Ge.
1297 3952 1322 4008 3.

240 4027 297 4074 tem
313 4028 341 4076 in
357 4038 479 4086 aeream,
502 4039 564 4076 mox
581 4026 650 4076 bano
667 4026 694 4075 in
711 4024 766 4074 ter·
804 4027 860 4076 llll.
880 4029 908 4076 et
926 4025 1007 4082 alibi.)
1037 4027 1108 4076 llaec
1133 4029 1225 4077 autem
1250 4025 1324 4076 lectio

241 4112 326 4158 ream,
339 4101 365 4149 in
378 4099 495 4150 deterius
507 4112 616 4163 semper
627 4099 764 4149 mutavit.»
803 4100 885 4150 444444
912 4101 1031 4151 animum
1060 4103 1243 4160 commotum,
1274 4113 1323 4162 quo

241 4175 306 4222 Tres
334 4176 435 4224 aetates
468 4174 510 4223 bic
541 4175 686 4236 memoret,
721 4187 766 4222 ar·
803 4177 881 4238 poeta
899 4172 1323 4236 intueaturgenen'shumanide-
