<?xml version="1.0" encoding="UTF-8"?>
<!DOCTYPE html PUBLIC "-//W3C//DTD XHTML 1.0 Transitional//EN"
    "http://www.w3.org/TR/xhtml1/DTD/xhtml1-transitional.dtd">
<html xmlns="http://www.w3.org/1999/xhtml" xml:lang="en" lang="en">
 <head>
  <title>
</title>
<meta http-equiv="Content-Type" content="text/html;charset=utf-8" />
  <meta name='ocr-system' content='tesseract 3.04.00' />
  <meta name='ocr-capabilities' content='ocr_page ocr_carea ocr_par ocr_line ocrx_word'/>
</head>
<body>
  <div class='ocr_page' id='page_1' title='image "./qhoratiusflaccu04baitgoog/qhoratiusflaccu04baitgoog_0688.png"; bbox 0 0 2934 4884; ppageno 0'>
   <div class='ocr_carea' id='block_1_1' title="bbox 699 351 976 403">
    <p class='ocr_par' dir='ltr' id='par_1_1' title="bbox 699 351 976 403">
     <span class='ocr_line' id='line_1_1' title="bbox 699 351 976 403; baseline -0.004 -1"><span class='ocrx_word' id='word_1_1' title='bbox 699 351 828 403; x_wconf 78' lang='lat' dir='ltr'><strong>ttotifflt</strong></span> <span class='ocrx_word' id='word_1_2' title='bbox 848 351 976 402; x_wconf 86' lang='lat' dir='ltr'>EPODON</span> 
     </span>
    </p>
   </div>
   <div class='ocr_carea' id='block_1_2' title="bbox 467 507 1272 817">
    <p class='ocr_par' dir='ltr' id='par_1_2' title="bbox 467 507 1272 817">
     <span class='ocr_line' id='line_1_2' title="bbox 469 507 1272 605; baseline 0 -31"><span class='ocrx_word' id='word_1_3' title='bbox 469 508 651 594; x_wconf 85' lang='lat' dir='ltr'><strong>Fontesque</strong></span> <span class='ocrx_word' id='word_1_4' title='bbox 673 507 813 605; x_wconf 83' lang='lat' dir='ltr'>lymphis</span> <span class='ocrx_word' id='word_1_5' title='bbox 836 508 1029 596; x_wconf 84' lang='lat' dir='ltr'><strong>obstrepunt</strong></span> <span class='ocrx_word' id='word_1_6' title='bbox 1049 507 1272 584; x_wconf 60' lang='lat' dir='ltr'><strong>manantibus</strong></span> 
     </span>
     <span class='ocr_line' id='line_1_3' title="bbox 511 628 1018 717; baseline 0.002 -24"><span class='ocrx_word' id='word_1_7' title='bbox 511 631 650 695; x_wconf 84' lang='lat' dir='ltr'><strong>Somnos</strong></span> <span class='ocrx_word' id='word_1_8' title='bbox 673 629 763 717; x_wconf 89' lang='lat' dir='ltr'><strong>quod</strong></span> <span class='ocrx_word' id='word_1_9' title='bbox 786 630 897 696; x_wconf 88' lang='lat' dir='ltr'><strong>invitet</strong></span> <span class='ocrx_word' id='word_1_10' title='bbox 919 628 1018 696; x_wconf 87' lang='lat' dir='ltr'><strong>leves.</strong></span> 
     </span>
     <span class='ocr_line' id='line_1_4' title="bbox 467 749 1174 817; baseline 0 -3"><span class='ocrx_word' id='word_1_11' title='bbox 467 754 505 814; x_wconf 73' lang='grc' dir='ltr'><strong>Αι</strong></span> <span class='ocrx_word' id='word_1_12' title='bbox 526 771 601 816; x_wconf 90' lang='lat' dir='ltr'><strong>cum</strong></span> <span class='ocrx_word' id='word_1_13' title='bbox 623 751 762 817; x_wconf 87' lang='lat' dir='ltr'><strong>tonantis</strong></span> <span class='ocrx_word' id='word_1_14' title='bbox 785 771 889 817; x_wconf 89' lang='lat' dir='ltr'><strong>annus</strong></span> <span class='ocrx_word' id='word_1_15' title='bbox 911 749 1067 816; x_wconf 83' lang='lat' dir='ltr'><strong>bibemus</strong></span> <span class='ocrx_word' id='word_1_16' title='bbox 1091 751 1174 816; x_wconf 90' lang='lat' dir='ltr'><strong>lovis</strong></span> 
     </span>
    </p>
   </div>
   <div class='ocr_carea' id='block_1_3' title="bbox 468 871 1235 1201">
    <p class='ocr_par' dir='ltr' id='par_1_3' title="bbox 468 871 1235 1201">
     <span class='ocr_line' id='line_1_5' title="bbox 513 871 1021 959; baseline 0.004 -23"><span class='ocrx_word' id='word_1_17' title='bbox 513 871 636 938; x_wconf 89' lang='lat' dir='ltr'><strong>lmbres</strong></span> <span class='ocrx_word' id='word_1_18' title='bbox 658 872 817 958; x_wconf 84' lang='lat' dir='ltr'><strong>nivesque</strong></span> <span class='ocrx_word' id='word_1_19' title='bbox 840 881 1021 959; x_wconf 84' lang='lat' dir='ltr'><strong>comparat,</strong></span> 
     </span>
     <span class='ocr_line' id='line_1_6' title="bbox 468 991 1235 1060; baseline 0.003 -4"><span class='ocrx_word' id='word_1_20' title='bbox 468 995 530 1058; x_wconf 69' lang='lat' dir='ltr'><strong>Aut</strong></span> <span class='ocrx_word' id='word_1_21' title='bbox 551 991 649 1058; x_wconf 90' lang='lat' dir='ltr'><strong>trudit</strong></span> <span class='ocrx_word' id='word_1_22' title='bbox 669 1013 763 1060; x_wconf 88' lang='lat' dir='ltr'><strong>acres</strong></span> <span class='ocrx_word' id='word_1_23' title='bbox 786 991 860 1060; x_wconf 89' lang='lat' dir='ltr'><strong>binc</strong></span> <span class='ocrx_word' id='word_1_24' title='bbox 882 1002 915 1058; x_wconf 88' lang='lat' dir='ltr'><strong>et</strong></span> <span class='ocrx_word' id='word_1_25' title='bbox 936 991 1011 1059; x_wconf 90' lang='lat' dir='ltr'><strong>hinc</strong></span> <span class='ocrx_word' id='word_1_26' title='bbox 1033 991 1132 1058; x_wconf 88' lang='lat' dir='ltr'><strong>multa</strong></span> <span class='ocrx_word' id='word_1_27' title='bbox 1155 1011 1235 1058; x_wconf 87' lang='lat' dir='ltr'><strong>eane</strong></span> 
     </span>
     <span class='ocr_line' id='line_1_7' title="bbox 507 1112 1008 1201; baseline 0.002 -23"><span class='ocrx_word' id='word_1_28' title='bbox 507 1116 610 1201; x_wconf 75' lang='lat' dir='ltr'><strong>Apros</strong></span> <span class='ocrx_word' id='word_1_29' title='bbox 633 1113 665 1178; x_wconf 88' lang='lat' dir='ltr'><strong>in</strong></span> <span class='ocrx_word' id='word_1_30' title='bbox 687 1113 855 1180; x_wconf 76' lang='lat' dir='ltr'><strong>obstantes</strong></span> <span class='ocrx_word' id='word_1_31' title='bbox 877 1112 1008 1200; x_wconf 78' lang='lat' dir='ltr'><strong>plagas.</strong></span> 
     </span>
    </p>
   </div>
   <div class='ocr_carea' id='block_1_4' title="bbox 332 1327 1363 1455">
    <p class='ocr_par' dir='ltr' id='par_1_4' title="bbox 332 1327 1363 1455">
     <span class='ocr_line' id='line_1_8' title="bbox 366 1327 1363 1391; baseline -0.003 -11"><span class='ocrx_word' id='word_1_32' title='bbox 366 1331 404 1382; x_wconf 70' lang='lat' dir='ltr'><strong>ii.</strong></span> <span class='ocrx_word' id='word_1_33' title='bbox 423 1331 580 1391; x_wconf 65' lang='lat' dir='ltr'><strong>Frontinum</strong></span> <span class='ocrx_word' id='word_1_34' title='bbox 597 1327 741 1380; x_wconf 77' lang='lat' dir='ltr'>Markland.</span> <span class='ocrx_word' id='word_1_35' title='bbox 772 1355 796 1366; x_wconf 90' lang='lat'><em>-</em></span> <span class='ocrx_word' id='word_1_36' title='bbox 830 1329 871 1377; x_wconf 75' lang='lat'><strong>28.</strong></span> <span class='ocrx_word' id='word_1_37' title='bbox 890 1329 978 1378; x_wconf 81' lang='lat' dir='ltr'><strong>inuitat</strong></span> <span class='ocrx_word' id='word_1_38' title='bbox 996 1332 1024 1377; x_wconf 73' lang='lat' dir='ltr'><strong>tl.</strong></span> <span class='ocrx_word' id='word_1_39' title='bbox 1047 1355 1074 1366; x_wconf 92' lang='lat'>-</span> <span class='ocrx_word' id='word_1_40' title='bbox 1103 1330 1143 1378; x_wconf 65' lang='lat'><strong>29.</strong></span> <span class='ocrx_word' id='word_1_41' title='bbox 1162 1328 1259 1378; x_wconf 81' lang='lat' dir='ltr'><strong>iiber-ni</strong></span> <span class='ocrx_word' id='word_1_42' title='bbox 1278 1330 1306 1377; x_wconf 87' lang='lat' dir='ltr'><strong>tt.</strong></span> <span class='ocrx_word' id='word_1_43' title='bbox 1333 1353 1363 1363; x_wconf 93' lang='lat'><em>—</em></span> 
     </span>
     <span class='ocr_line' id='line_1_9' title="bbox 332 1401 1312 1455; baseline -0.007 0"><span class='ocrx_word' id='word_1_44' title='bbox 332 1407 371 1455; x_wconf 72' lang='lat' dir='ltr'><strong>ll.</strong></span> <span class='ocrx_word' id='word_1_45' title='bbox 391 1406 459 1455; x_wconf 61' lang='lat' dir='ltr'><strong>uem</strong></span> <span class='ocrx_word' id='word_1_46' title='bbox 477 1405 541 1454; x_wconf 79' lang='lat' dir='ltr'><strong>lise.</strong></span> <span class='ocrx_word' id='word_1_47' title='bbox 561 1429 589 1439; x_wconf 91' lang='lat'><em>-</em></span> <span class='ocrx_word' id='word_1_48' title='bbox 608 1403 649 1452; x_wconf 71' lang='lat'><strong>32.</strong></span> <span class='ocrx_word' id='word_1_49' title='bbox 668 1402 787 1452; x_wconf 77' lang='lat' dir='ltr'><strong>obstantis</strong></span> <span class='ocrx_word' id='word_1_50' title='bbox 804 1401 850 1452; x_wconf 79' lang='lat' dir='ltr'><strong>RS.</strong></span> <span class='ocrx_word' id='word_1_51' title='bbox 1305 1438 1312 1448; x_wconf 91' lang='lat'><em>.</em></span> 
     </span>
    </p>
   </div>
   <div class='ocr_carea' id='block_1_5' title="bbox 298 1595 1401 4252">
    <p class='ocr_par' dir='ltr' id='par_1_5' title="bbox 298 1595 1401 4252">
     <span class='ocr_line' id='line_1_10' title="bbox 299 1595 1400 1661; baseline -0.005 -12"><span class='ocrx_word' id='word_1_52' title='bbox 299 1599 452 1649; x_wconf 77' lang='lat' dir='ltr'><strong>lusciniae.»</strong></span> <span class='ocrx_word' id='word_1_53' title='bbox 477 1597 729 1656; x_wconf 73' lang='lat' dir='ltr'><strong>Clr.0rld.nm.3,</strong></span> <span class='ocrx_word' id='word_1_54' title='bbox 750 1598 773 1653; x_wconf 76' lang='lat' dir='ltr'><strong>l,</strong></span> <span class='ocrx_word' id='word_1_55' title='bbox 792 1595 823 1646; x_wconf 82' lang='lat' dir='ltr'><strong>l:</strong></span> <span class='ocrx_word' id='word_1_56' title='bbox 865 1609 912 1658; x_wconf 74' lang='lat' dir='ltr'><strong>orte</strong></span> <span class='ocrx_word' id='word_1_57' title='bbox 927 1597 991 1661; x_wconf 64' lang='lat' dir='ltr'><strong>[uqi.</strong></span> <span class='ocrx_word' id='word_1_58' title='bbox 1028 1597 1400 1660; x_wconf 70' lang='lat' dir='ltr'><strong>luetluutnmntsvuqtrres-</strong></span> 
     </span>
     <span class='ocr_line' id='line_1_11' title="bbox 299 1671 1400 1734; baseline -0.002 -12"><span class='ocrx_word' id='word_1_59' title='bbox 299 1674 332 1722; x_wconf 72' lang='lat' dir='ltr'><strong>Et</strong></span> <span class='ocrx_word' id='word_1_60' title='bbox 356 1673 487 1722; x_wconf 64' lang='lat' dir='ltr'><strong>murier:</strong></span> <span class='ocrx_word' id='word_1_61' title='bbox 509 1672 826 1732; x_wconf 74' lang='lat' dir='ltr'><strong>omniouieequerurtur</strong></span> <span class='ocrx_word' id='word_1_62' title='bbox 863 1671 1022 1733; x_wconf 65' lang='lat' dir='ltr'><strong>murinus,</strong></span> <span class='ocrx_word' id='word_1_63' title='bbox 1049 1672 1157 1734; x_wconf 76' lang='lat' dir='ltr'><strong>caespite</strong></span> <span class='ocrx_word' id='word_1_64' title='bbox 1177 1672 1314 1720; x_wconf 81' lang='lat' dir='ltr'><strong>uuinudo</strong></span> <span class='ocrx_word' id='word_1_65' title='bbox 1336 1671 1400 1720; x_wconf 72' lang='lat' dir='ltr'><strong>teres</strong></span> 
     </span>
     <span class='ocr_line' id='line_1_12' title="bbox 299 1744 1400 1808; baseline -0.003 -13"><span class='ocrx_word' id='word_1_66' title='bbox 299 1759 367 1796; x_wconf 77' lang='lat' dir='ltr'><strong>ones.</strong></span> <span class='ocrx_word' id='word_1_67' title='bbox 386 1747 456 1808; x_wconf 71' lang='lat' dir='ltr'><strong>virg.</strong></span> <span class='ocrx_word' id='word_1_68' title='bbox 475 1745 572 1805; x_wconf 84' lang='lat' dir='ltr'><strong>Ecli,</strong></span> <span class='ocrx_word' id='word_1_69' title='bbox 590 1745 634 1794; x_wconf 81' lang='lat' dir='ltr'><strong>oe:</strong></span> <span class='ocrx_word' id='word_1_70' title='bbox 662 1746 713 1795; x_wconf 83' lang='lat' dir='ltr'><strong>Nec</strong></span> <span class='ocrx_word' id='word_1_71' title='bbox 728 1757 827 1808; x_wconf 65' lang='grc' dir='ltr'><strong>ρατιονε</strong></span> <span class='ocrx_word' id='word_1_72' title='bbox 863 1744 1220 1807; x_wconf 72' lang='lat' dir='ltr'><strong>Dunissesomnos,eiuusons</strong></span> <span class='ocrx_word' id='word_1_73' title='bbox 1230 1745 1326 1808; x_wconf 64' lang='lat' dir='ltr'><strong>larque</strong></span> <span class='ocrx_word' id='word_1_74' title='bbox 1337 1746 1400 1794; x_wconf 79' lang='lat' dir='ltr'><strong>citos</strong></span> 
     </span>
     <span class='ocr_line' id='line_1_13' title="bbox 298 1817 1401 1882; baseline -0.002 -12"><span class='ocrx_word' id='word_1_75' title='bbox 298 1821 375 1870; x_wconf 57' lang='lat' dir='ltr'><strong>&amp;riu</strong></span> <span class='ocrx_word' id='word_1_76' title='bbox 391 1820 494 1870; x_wconf 66' lang='lat' dir='ltr'><strong>cetrum</strong></span> <span class='ocrx_word' id='word_1_77' title='bbox 510 1823 596 1870; x_wconf 82' lang='lat' dir='ltr'><strong>trrriur</strong></span> <span class='ocrx_word' id='word_1_78' title='bbox 611 1818 644 1868; x_wconf 84' lang='lat' dir='ltr'><strong>ub</strong></span> <span class='ocrx_word' id='word_1_79' title='bbox 659 1819 736 1869; x_wconf 87' lang='lat' dir='ltr'><strong>uinto.</strong></span> <span class='ocrx_word' id='word_1_80' title='bbox 863 1817 984 1880; x_wconf 64' lang='lat' dir='ltr'><strong>Domitii</strong></span> <span class='ocrx_word' id='word_1_81' title='bbox 1002 1819 1100 1880; x_wconf 69' lang='lat' dir='ltr'><strong>unius,</strong></span> <span class='ocrx_word' id='word_1_82' title='bbox 1121 1819 1173 1868; x_wconf 79' lang='lat' dir='ltr'><strong>siue</strong></span> <span class='ocrx_word' id='word_1_83' title='bbox 1188 1831 1238 1880; x_wconf 75' lang='lat' dir='ltr'><strong>per</strong></span> <span class='ocrx_word' id='word_1_84' title='bbox 1255 1820 1338 1882; x_wconf 67' lang='lat' dir='ltr'><strong>timer</strong></span> <span class='ocrx_word' id='word_1_85' title='bbox 1357 1831 1401 1868; x_wconf 75' lang='lat' dir='ltr'><strong>no</strong></span> 
     </span>
     <span class='ocr_line' id='line_1_14' title="bbox 332 1892 1400 1956; baseline -0.004 -12"><span class='ocrx_word' id='word_1_86' title='bbox 332 1895 374 1944; x_wconf 75' lang='lat'><strong>27.</strong></span> <span class='ocrx_word' id='word_1_87' title='bbox 393 1894 435 1944; x_wconf 73' lang='lat'><strong>28.</strong></span> <span class='ocrx_word' id='word_1_88' title='bbox 469 1895 558 1944; x_wconf 77' lang='lat' dir='ltr'><strong>Fontes</strong></span> <span class='ocrx_word' id='word_1_89' title='bbox 583 1893 691 1956; x_wconf 67' lang='lat' dir='ltr'><strong>mombis</strong></span> <span class='ocrx_word' id='word_1_90' title='bbox 719 1906 827 1942; x_wconf 77' lang='lat' dir='ltr'><strong>moun·</strong></span> <span class='ocrx_word' id='word_1_91' title='bbox 863 1893 1043 1956; x_wconf 63' lang='lat' dir='ltr'><strong>uosFrmieuto</strong></span> <span class='ocrx_word' id='word_1_92' title='bbox 1070 1892 1149 1942; x_wconf 78' lang='lat' dir='ltr'><strong>duleis</strong></span> <span class='ocrx_word' id='word_1_93' title='bbox 1168 1898 1320 1942; x_wconf 73' lang='lat' dir='ltr'><strong>murmurat</strong></span> <span class='ocrx_word' id='word_1_94' title='bbox 1345 1893 1400 1942; x_wconf 82' lang='lat' dir='ltr'><strong>rito</strong></span> 
     </span>
     <span class='ocr_line' id='line_1_15' title="bbox 299 1965 948 2031; baseline -0.006 -13"><span class='ocrx_word' id='word_1_95' title='bbox 299 1969 363 2019; x_wconf 80' lang='lat' dir='ltr'><strong>tibio</strong></span> <span class='ocrx_word' id='word_1_96' title='bbox 380 1967 468 2031; x_wconf 85' lang='lat' dir='ltr'><strong>(ablat.</strong></span> <span class='ocrx_word' id='word_1_97' title='bbox 481 1968 614 2029; x_wconf 81' lang='lat' dir='ltr'><strong>instrum.)</strong></span> <span class='ocrx_word' id='word_1_98' title='bbox 630 1967 773 2029; x_wconf 72' lang='lat' dir='ltr'><strong>comment</strong></span> <span class='ocrx_word' id='word_1_99' title='bbox 790 1965 825 2015; x_wconf 90' lang='lat' dir='ltr'><strong>ibi</strong></span> <span class='ocrx_word' id='word_1_100' title='bbox 864 1978 948 2016; x_wconf 81' lang='lat' dir='ltr'><strong>tonus.</strong></span> 
     </span>
     <span class='ocr_line' id='line_1_16' title="bbox 300 2038 1399 2104; baseline -0.003 -12"><span class='ocrx_word' id='word_1_101' title='bbox 300 2041 404 2093; x_wconf 80' lang='lat' dir='ltr'><strong>iacenti.</strong></span> <span class='ocrx_word' id='word_1_102' title='bbox 435 2042 510 2092; x_wconf 83' lang='lat' dir='ltr'><strong>ovid.</strong></span> <span class='ocrx_word' id='word_1_103' title='bbox 530 2055 564 2091; x_wconf 82' lang='lat' dir='ltr'><strong>ex</strong></span> <span class='ocrx_word' id='word_1_104' title='bbox 580 2043 663 2092; x_wconf 86' lang='lat' dir='ltr'><strong>Ponto</strong></span> <span class='ocrx_word' id='word_1_105' title='bbox 680 2042 711 2102; x_wconf 85' lang='grc'><strong>3,</strong></span> <span class='ocrx_word' id='word_1_106' title='bbox 731 2042 759 2102; x_wconf 85' lang='lat' dir='ltr'><strong>i,</strong></span> <span class='ocrx_word' id='word_1_107' title='bbox 777 2040 824 2090; x_wconf 67' lang='lat' dir='ltr'><strong>ll:</strong></span> <span class='ocrx_word' id='word_1_108' title='bbox 897 2039 987 2090; x_wconf 75' lang='lat'><strong>29-36.</strong></span> <span class='ocrx_word' id='word_1_109' title='bbox 1005 2039 1124 2104; x_wconf 83' lang='lat' dir='ltr'><strong>tonantis]</strong></span> <span class='ocrx_word' id='word_1_110' title='bbox 1136 2038 1248 2088; x_wconf 82' lang='lat' dir='ltr'><strong>Videtur</strong></span> <span class='ocrx_word' id='word_1_111' title='bbox 1259 2038 1399 2090; x_wconf 72' lang='grc' dir='ltr'><strong>ἐπίθετον</strong></span> 
     </span>
     <span class='ocr_line' id='line_1_17' title="bbox 300 2111 1400 2179; baseline -0.002 -13"><span class='ocrx_word' id='word_1_112' title='bbox 300 2118 356 2167; x_wconf 78' lang='lat' dir='ltr'><strong>Non</strong></span> <span class='ocrx_word' id='word_1_113' title='bbox 373 2117 428 2165; x_wconf 74' lang='lat' dir='ltr'><strong>wis</strong></span> <span class='ocrx_word' id='word_1_114' title='bbox 443 2116 585 2178; x_wconf 69' lang='lat' dir='ltr'><strong>obloquitur</strong></span> <span class='ocrx_word' id='word_1_115' title='bbox 603 2114 751 2179; x_wconf 82' lang='lat' dir='ltr'><strong>(audituro).</strong></span> <span class='ocrx_word' id='word_1_116' title='bbox 778 2111 826 2164; x_wconf 81' lang='lat' dir='ltr'><strong>Alii</strong></span> <span class='ocrx_word' id='word_1_117' title='bbox 864 2125 978 2173; x_wconf 81' lang='lat' dir='ltr'><strong>ornans.</strong></span> <span class='ocrx_word' id='word_1_118' title='bbox 1013 2115 1042 2162; x_wconf 91' lang='lat' dir='ltr'><strong>ut</strong></span> <span class='ocrx_word' id='word_1_119' title='bbox 1071 2113 1168 2162; x_wconf 85' lang='lat' dir='ltr'><strong>l&#39;onons</strong></span> <span class='ocrx_word' id='word_1_120' title='bbox 1196 2115 1224 2163; x_wconf 90' lang='lat' dir='ltr'><strong>ei</strong></span> <span class='ocrx_word' id='word_1_121' title='bbox 1253 2113 1400 2164; x_wconf 73' lang='lat' dir='ltr'><strong>Aluum</strong></span> 
     </span>
     <span class='ocr_line' id='line_1_18' title="bbox 299 2185 1397 2254; baseline -0.002 -14"><span class='ocrx_word' id='word_1_122' title='bbox 299 2188 445 2254; x_wconf 77' lang='lat' dir='ltr'><strong>explicant:</strong></span> <span class='ocrx_word' id='word_1_123' title='bbox 479 2189 662 2253; x_wconf 75' lang='lat' dir='ltr'><strong>uobslrepuni</strong></span> <span class='ocrx_word' id='word_1_124' title='bbox 692 2187 825 2247; x_wconf 79' lang='lat' dir='ltr'><strong>avibus;»</strong></span> <span class='ocrx_word' id='word_1_125' title='bbox 865 2186 937 2252; x_wconf 87' lang='lat' dir='ltr'><strong>apud</strong></span> <span class='ocrx_word' id='word_1_126' title='bbox 958 2187 1080 2238; x_wconf 81' lang='lat' dir='ltr'><strong>Ovidium</strong></span> <span class='ocrx_word' id='word_1_127' title='bbox 1102 2185 1243 2250; x_wconf 83' lang='lat' dir='ltr'><strong>aliquoties</strong></span> <span class='ocrx_word' id='word_1_128' title='bbox 1269 2187 1397 2240; x_wconf 84' lang='lat' dir='ltr'><strong>absolute</strong></span> 
     </span>
     <span class='ocr_line' id='line_1_19' title="bbox 300 2260 1398 2328; baseline -0.001 -13"><span class='ocrx_word' id='word_1_129' title='bbox 300 2264 351 2315; x_wconf 86' lang='lat' dir='ltr'><strong>sed</strong></span> <span class='ocrx_word' id='word_1_130' title='bbox 376 2264 445 2315; x_wconf 86' lang='lat' dir='ltr'><strong>hoec</strong></span> <span class='ocrx_word' id='word_1_131' title='bbox 467 2277 576 2328; x_wconf 82' lang='lat' dir='ltr'><strong>quoque</strong></span> <span class='ocrx_word' id='word_1_132' title='bbox 595 2265 683 2326; x_wconf 76' lang='lat' dir='ltr'><strong>imago</strong></span> <span class='ocrx_word' id='word_1_133' title='bbox 700 2260 827 2312; x_wconf 87' lang='lat' dir='ltr'><strong>italorum</strong></span> <span class='ocrx_word' id='word_1_134' title='bbox 864 2275 914 2325; x_wconf 85' lang='lat' dir='ltr'><strong>pro</strong></span> <span class='ocrx_word' id='word_1_135' title='bbox 926 2262 1002 2321; x_wconf 80' lang='lat' dir='ltr'><strong>love;</strong></span> <span class='ocrx_word' id='word_1_136' title='bbox 1021 2274 1075 2311; x_wconf 88' lang='lat' dir='ltr'><strong>non</strong></span> <span class='ocrx_word' id='word_1_137' title='bbox 1092 2263 1123 2310; x_wconf 90' lang='lat' dir='ltr'><strong>ul</strong></span> <span class='ocrx_word' id='word_1_138' title='bbox 1134 2261 1249 2311; x_wconf 84' lang='lat' dir='ltr'><strong>tonitrua</strong></span> <span class='ocrx_word' id='word_1_139' title='bbox 1267 2264 1293 2312; x_wconf 89' lang='lat' dir='ltr'><strong>iu</strong></span> <span class='ocrx_word' id='word_1_140' title='bbox 1310 2267 1398 2314; x_wconf 72' lang='lat' dir='ltr'><strong>tram-</strong></span> 
     </span>
     <span class='ocr_line' id='line_1_20' title="bbox 304 2335 1397 2402; baseline -0.001 -14"><span class='ocrx_word' id='word_1_141' title='bbox 304 2338 415 2390; x_wconf 81' lang='lat' dir='ltr'><strong>tortasse</strong></span> <span class='ocrx_word' id='word_1_142' title='bbox 443 2351 476 2388; x_wconf 82' lang='lat' dir='ltr'><strong>eo</strong></span> <span class='ocrx_word' id='word_1_143' title='bbox 507 2337 637 2402; x_wconf 75' lang='lat' dir='ltr'><strong>Propertii</strong></span> <span class='ocrx_word' id='word_1_144' title='bbox 663 2337 828 2398; x_wconf 74' lang='grc' dir='ltr'><strong><em>φαντασίας</em></strong></span> <span class='ocrx_word' id='word_1_145' title='bbox 865 2337 901 2386; x_wconf 88' lang='lat' dir='ltr'><strong>liu</strong></span> <span class='ocrx_word' id='word_1_146' title='bbox 923 2337 1059 2386; x_wconf 80' lang='lat' dir='ltr'><strong>auctumni</strong></span> <span class='ocrx_word' id='word_1_147' title='bbox 1082 2335 1117 2386; x_wconf 84' lang='lat' dir='ltr'><strong>ed</strong></span> <span class='ocrx_word' id='word_1_148' title='bbox 1144 2336 1263 2387; x_wconf 85' lang='lat' dir='ltr'><strong>hiemem</strong></span> <span class='ocrx_word' id='word_1_149' title='bbox 1289 2339 1397 2402; x_wconf 77' lang='lat' dir='ltr'><strong>signiti-</strong></span> 
     </span>
     <span class='ocr_line' id='line_1_21' title="bbox 300 2409 1395 2476; baseline -0.002 -14"><span class='ocrx_word' id='word_1_150' title='bbox 300 2411 479 2476; x_wconf 83' lang='lat' dir='ltr'><strong>poliusrelerl</strong></span> <span class='ocrx_word' id='word_1_151' title='bbox 491 2425 572 2474; x_wconf 83' lang='lat' dir='ltr'><strong>quem</strong></span> <span class='ocrx_word' id='word_1_152' title='bbox 584 2413 749 2462; x_wconf 79' lang='lat' dir='ltr'><strong>Horatianos.</strong></span> <span class='ocrx_word' id='word_1_153' title='bbox 764 2409 825 2473; x_wconf 79' lang='lat' dir='ltr'><strong>(Cir.</strong></span> <span class='ocrx_word' id='word_1_154' title='bbox 865 2412 921 2468; x_wconf 85' lang='lat' dir='ltr'><strong>cel,</strong></span> <span class='ocrx_word' id='word_1_155' title='bbox 941 2412 971 2458; x_wconf 93' lang='lat' dir='ltr'><strong>ul</strong></span> <span class='ocrx_word' id='word_1_156' title='bbox 988 2413 1029 2460; x_wconf 88' lang='lat' dir='ltr'><strong>est</strong></span> <span class='ocrx_word' id='word_1_157' title='bbox 1046 2409 1117 2474; x_wconf 88' lang='lat' dir='ltr'><strong>apud</strong></span> <span class='ocrx_word' id='word_1_158' title='bbox 1134 2411 1269 2474; x_wconf 80' lang='lat' dir='ltr'><strong>llrlslopb.</strong></span> <span class='ocrx_word' id='word_1_159' title='bbox 1287 2412 1395 2476; x_wconf 85' lang='lat' dir='ltr'><strong>Fregm.</strong></span> 
     </span>
     <span class='ocr_line' id='line_1_22' title="bbox 301 2483 1396 2549; baseline 0 -12"><span class='ocrx_word' id='word_1_160' title='bbox 301 2489 383 2537; x_wconf 81' lang='lat' dir='ltr'><strong>lasso</strong></span> <span class='ocrx_word' id='word_1_161' title='bbox 401 2487 585 2536; x_wconf 69' lang='lat' dir='ltr'><strong>Genudomnie</strong></span> <span class='ocrx_word' id='word_1_162' title='bbox 603 2487 648 2546; x_wconf 77' lang='lat' dir='ltr'><strong>li,</strong></span> <span class='ocrx_word' id='word_1_163' title='bbox 667 2486 716 2547; x_wconf 67' lang='lat' dir='ltr'><strong>li.)</strong></span> <span class='ocrx_word' id='word_1_164' title='bbox 740 2485 827 2536; x_wconf 80' lang='lat' dir='ltr'><strong>blark-</strong></span> <span class='ocrx_word' id='word_1_165' title='bbox 865 2483 921 2534; x_wconf 73' lang='lat' dir='ltr'><strong>tlt.</strong></span> <span class='ocrx_word' id='word_1_166' title='bbox 941 2484 1019 2535; x_wconf 87' lang='lat' dir='ltr'><strong>Dind.</strong></span> <span class='ocrx_word' id='word_1_167' title='bbox 1038 2487 1109 2549; x_wconf 79' lang='lat' dir='ltr'><strong>potii.</strong></span> <span class='ocrx_word' id='word_1_168' title='bbox 1123 2497 1198 2534; x_wconf 87' lang='lat' dir='ltr'><strong>scen.</strong></span> <span class='ocrx_word' id='word_1_169' title='bbox 1211 2498 1238 2549; x_wconf 85' lang='lat' dir='ltr'><strong>p.</strong></span> <span class='ocrx_word' id='word_1_170' title='bbox 1253 2485 1321 2536; x_wconf 77' lang='lat' dir='ltr'><strong>tto:</strong></span> <span class='ocrx_word' id='word_1_171' title='bbox 1341 2488 1396 2537; x_wconf 77' lang='lat' dir='ltr'><strong>Kal</strong></span> 
     </span>
     <span class='ocr_line' id='line_1_23' title="bbox 301 2553 1396 2631; baseline -0.001 -21"><span class='ocrx_word' id='word_1_172' title='bbox 301 2559 395 2610; x_wconf 85' lang='lat' dir='ltr'><strong>landus</strong></span> <span class='ocrx_word' id='word_1_173' title='bbox 418 2560 534 2623; x_wconf 81' lang='lat' dir='ltr'><strong>denique</strong></span> <span class='ocrx_word' id='word_1_174' title='bbox 558 2560 693 2622; x_wconf 82' lang='lat' dir='ltr'><strong>ingeniose</strong></span> <span class='ocrx_word' id='word_1_175' title='bbox 717 2571 768 2609; x_wconf 86' lang='lat' dir='ltr'><strong>nec</strong></span> <span class='ocrx_word' id='word_1_176' title='bbox 785 2561 827 2609; x_wconf 84' lang='lat' dir='ltr'><strong>ia·</strong></span> <span class='ocrx_word' id='word_1_177' title='bbox 864 2553 1022 2621; x_wconf 78' lang='grc' dir='ltr'><em>ξυννένοφε</em></span> <span class='ocrx_word' id='word_1_178' title='bbox 1048 2559 1098 2608; x_wconf 78' lang='grc' dir='ltr'><strong>καὶ</strong></span> <span class='ocrx_word' id='word_1_179' title='bbox 1123 2560 1255 2630; x_wconf 74' lang='grc' dir='ltr'><strong><em>χειμέρια</em></strong></span> <span class='ocrx_word' id='word_1_180' title='bbox 1280 2557 1396 2631; x_wconf 70' lang='grc' dir='ltr'><em>βροντᾷ</em></span> 
     </span>
     <span class='ocr_line' id='line_1_24' title="bbox 302 2625 1396 2698; baseline 0.001 -13"><span class='ocrx_word' id='word_1_181' title='bbox 302 2648 364 2685; x_wconf 93' lang='lat' dir='ltr'><strong>men</strong></span> <span class='ocrx_word' id='word_1_182' title='bbox 384 2633 557 2698; x_wconf 83' lang='lat' dir='ltr'><strong>probabiliter</strong></span> <span class='ocrx_word' id='word_1_183' title='bbox 578 2634 723 2684; x_wconf 87' lang='lat' dir='ltr'><strong>coniiciens</strong></span> <span class='ocrx_word' id='word_1_184' title='bbox 746 2634 828 2682; x_wconf 68' lang='lat' dir='ltr'><strong>iron-</strong></span> <span class='ocrx_word' id='word_1_185' title='bbox 863 2629 930 2697; x_wconf 82' lang='grc' dir='ltr'><strong><em>μάλ’</em></strong></span> <span class='ocrx_word' id='word_1_186' title='bbox 953 2625 994 2684; x_wconf 78' lang='lat' dir='ltr'><strong>sul.</strong></span> <span class='ocrx_word' id='word_1_187' title='bbox 1019 2662 1045 2669; x_wconf 91' lang='lat'>—</span> <span class='ocrx_word' id='word_1_188' title='bbox 1074 2647 1156 2683; x_wconf 73' lang='lat' dir='ltr'><strong>annm</strong></span> <span class='ocrx_word' id='word_1_189' title='bbox 1176 2633 1295 2684; x_wconf 73' lang='lat' dir='ltr'><strong>hibernus</strong></span> <span class='ocrx_word' id='word_1_190' title='bbox 1322 2638 1396 2697; x_wconf 69' lang='lat' dir='ltr'><strong>loru]</strong></span> 
     </span>
     <span class='ocr_line' id='line_1_25' title="bbox 300 2707 1395 2772; baseline 0.002 -14"><span class='ocrx_word' id='word_1_191' title='bbox 300 2709 390 2768; x_wconf 75' lang='lat' dir='ltr'><strong>deique</strong></span> <span class='ocrx_word' id='word_1_192' title='bbox 400 2709 557 2770; x_wconf 78' lang='lat' dir='ltr'><strong>(nemorum)</strong></span> <span class='ocrx_word' id='word_1_193' title='bbox 568 2708 710 2770; x_wconf 74' lang='lat' dir='ltr'><strong>obstrepunt</strong></span> <span class='ocrx_word' id='word_1_194' title='bbox 721 2707 828 2769; x_wconf 75' lang='lat' dir='ltr'><strong>iunipiris</strong></span> <span class='ocrx_word' id='word_1_195' title='bbox 866 2709 992 2772; x_wconf 76' lang='lat' dir='ltr'><strong>riempus</strong></span> <span class='ocrx_word' id='word_1_196' title='bbox 1017 2709 1080 2758; x_wconf 84' lang='lat' dir='ltr'><strong>enni</strong></span> <span class='ocrx_word' id='word_1_197' title='bbox 1108 2707 1252 2758; x_wconf 87' lang='lat' dir='ltr'><strong>hibernum</strong></span> <span class='ocrx_word' id='word_1_198' title='bbox 1275 2709 1313 2760; x_wconf 86' lang='lat' dir='ltr'><strong>ab</strong></span> <span class='ocrx_word' id='word_1_199' title='bbox 1334 2713 1395 2760; x_wconf 78' lang='lat' dir='ltr'><strong>lore</strong></span> 
     </span>
     <span class='ocr_line' id='line_1_26' title="bbox 299 2779 1394 2847; baseline 0.003 -16"><span class='ocrx_word' id='word_1_200' title='bbox 299 2782 461 2831; x_wconf 78' lang='lat' dir='ltr'><strong>rmnuntibro</strong></span> <span class='ocrx_word' id='word_1_201' title='bbox 473 2781 571 2844; x_wconf 78' lang='lat' dir='ltr'><strong>(nativ.)</strong></span> <span class='ocrx_word' id='word_1_202' title='bbox 584 2783 703 2831; x_wconf 88' lang='lat' dir='ltr'><strong>rivorum</strong></span> <span class='ocrx_word' id='word_1_203' title='bbox 716 2784 750 2841; x_wconf 75' lang='lat' dir='ltr'><strong>lv,</strong></span> <span class='ocrx_word' id='word_1_204' title='bbox 763 2781 825 2842; x_wconf 68' lang='lat' dir='ltr'><strong>tt).</strong></span> <span class='ocrx_word' id='word_1_205' title='bbox 865 2782 1038 2832; x_wconf 72' lang='lat' dir='ltr'><strong>adductum.»</strong></span> <span class='ocrx_word' id='word_1_206' title='bbox 1079 2781 1121 2832; x_wconf 83' lang='lat' dir='ltr'><strong>Sic</strong></span> <span class='ocrx_word' id='word_1_207' title='bbox 1137 2779 1226 2845; x_wconf 81' lang='lat' dir='ltr'><strong>virgil.</strong></span> <span class='ocrx_word' id='word_1_208' title='bbox 1247 2783 1340 2847; x_wconf 78' lang='lat' dir='ltr'><strong>Eclog.</strong></span> <span class='ocrx_word' id='word_1_209' title='bbox 1364 2785 1394 2844; x_wconf 79' lang='lat'><strong>³,</strong></span> 
     </span>
     <span class='ocr_line' id='line_1_27' title="bbox 301 2853 1394 2919; baseline 0.002 -15"><span class='ocrx_word' id='word_1_210' title='bbox 301 2855 416 2904; x_wconf 87' lang='lat' dir='ltr'><strong>eandem</strong></span> <span class='ocrx_word' id='word_1_211' title='bbox 443 2855 587 2916; x_wconf 81' lang='lat' dir='ltr'><strong>imaginem</strong></span> <span class='ocrx_word' id='word_1_212' title='bbox 613 2853 721 2904; x_wconf 82' lang='lat' dir='ltr'><strong>exhibet</strong></span> <span class='ocrx_word' id='word_1_213' title='bbox 747 2857 827 2917; x_wconf 84' lang='lat' dir='ltr'><strong>atque</strong></span> <span class='ocrx_word' id='word_1_214' title='bbox 865 2856 911 2904; x_wconf 78' lang='lat'><strong>57:</strong></span> <span class='ocrx_word' id='word_1_215' title='bbox 929 2856 1123 2919; x_wconf 77' lang='lat' dir='ltr'><strong>sommsissimus</strong></span> <span class='ocrx_word' id='word_1_216' title='bbox 1139 2869 1233 2916; x_wconf 70' lang='lat' dir='ltr'><strong>mitris,</strong></span> <span class='ocrx_word' id='word_1_217' title='bbox 1252 2870 1312 2906; x_wconf 81' lang='lat' dir='ltr'><strong>rer.</strong></span> <span class='ocrx_word' id='word_1_218' title='bbox 1328 2862 1394 2909; x_wconf 78' lang='lat' dir='ltr'><strong>Aen.</strong></span> 
     </span>
     <span class='ocr_line' id='line_1_28' title="bbox 301 2926 1392 2993; baseline 0.002 -14"><span class='ocrx_word' id='word_1_219' title='bbox 301 2928 422 2990; x_wconf 80' lang='lat' dir='ltr'><strong>Properl.</strong></span> <span class='ocrx_word' id='word_1_220' title='bbox 441 2927 471 2987; x_wconf 83' lang='lat' dir='ltr'><strong>l,</strong></span> <span class='ocrx_word' id='word_1_221' title='bbox 489 2926 519 2986; x_wconf 82' lang='lat' dir='ltr'><strong>l,</strong></span> <span class='ocrx_word' id='word_1_222' title='bbox 538 2926 566 2977; x_wconf 90' lang='lat' dir='ltr'><strong>l:</strong></span> <span class='ocrx_word' id='word_1_223' title='bbox 589 2927 720 2990; x_wconf 62' lang='lat' dir='ltr'><strong>Mulioouo</strong></span> <span class='ocrx_word' id='word_1_224' title='bbox 736 2928 829 2978; x_wconf 79' lang='lat' dir='ltr'><strong>nativit</strong></span> <span class='ocrx_word' id='word_1_225' title='bbox 865 2931 895 2992; x_wconf 85' lang='grc'><strong>6,</strong></span> <span class='ocrx_word' id='word_1_226' title='bbox 914 2929 975 2979; x_wconf 69' lang='lat' dir='ltr'><strong>bil:</strong></span> <span class='ocrx_word' id='word_1_227' title='bbox 1001 2929 1110 2993; x_wconf 71' lang='lat' dir='ltr'><strong>srioidus</strong></span> <span class='ocrx_word' id='word_1_228' title='bbox 1126 2943 1224 2990; x_wconf 75' lang='lat' dir='ltr'><strong>annau,</strong></span> <span class='ocrx_word' id='word_1_229' title='bbox 1244 2931 1344 2982; x_wconf 85' lang='lat' dir='ltr'><strong>biems.</strong></span> <span class='ocrx_word' id='word_1_230' title='bbox 1367 2960 1392 2968; x_wconf 97' lang='lat'><em>-</em></span> 
     </span>
     <span class='ocr_line' id='line_1_29' title="bbox 302 3001 1392 3067; baseline 0.002 -15"><span class='ocrx_word' id='word_1_231' title='bbox 302 3002 418 3064; x_wconf 78' lang='lat' dir='ltr'><strong>obstrepit</strong></span> <span class='ocrx_word' id='word_1_232' title='bbox 431 3002 509 3051; x_wconf 81' lang='lat' dir='ltr'><strong>orbor</strong></span> <span class='ocrx_word' id='word_1_233' title='bbox 520 3003 607 3064; x_wconf 57' lang='lat' dir='ltr'><strong>aqum</strong></span> <span class='ocrx_word' id='word_1_234' title='bbox 626 3005 653 3051; x_wconf 88' lang='lat' dir='ltr'><strong>et</strong></span> <span class='ocrx_word' id='word_1_235' title='bbox 665 3001 770 3062; x_wconf 85' lang='lat' dir='ltr'><strong>Quintil.</strong></span> <span class='ocrx_word' id='word_1_236' title='bbox 786 3003 825 3064; x_wconf 80' lang='lat' dir='ltr'><strong>ti,</strong></span> <span class='ocrx_word' id='word_1_237' title='bbox 865 3004 956 3067; x_wconf 65' lang='lat' dir='ltr'><strong>trudi]</strong></span> <span class='ocrx_word' id='word_1_238' title='bbox 992 3005 1180 3055; x_wconf 79' lang='lat' dir='ltr'><strong>vehementius</strong></span> <span class='ocrx_word' id='word_1_239' title='bbox 1206 3003 1346 3067; x_wconf 82' lang='lat' dir='ltr'><strong>aliquanto</strong></span> <span class='ocrx_word' id='word_1_240' title='bbox 1367 3020 1392 3054; x_wconf 80' lang='lat' dir='ltr'><strong>r.</strong></span> 
     </span>
     <span class='ocr_line' id='line_1_30' title="bbox 301 3075 1392 3144; baseline 0.003 -19"><span class='ocrx_word' id='word_1_241' title='bbox 301 3077 332 3136; x_wconf 88' lang='grc'><strong>3,</strong></span> <span class='ocrx_word' id='word_1_242' title='bbox 351 3075 394 3126; x_wconf 72' lang='lat' dir='ltr'><strong>ai:</strong></span> <span class='ocrx_word' id='word_1_243' title='bbox 417 3077 539 3127; x_wconf 78' lang='lat' dir='ltr'><strong>silvorum</strong></span> <span class='ocrx_word' id='word_1_244' title='bbox 555 3078 694 3126; x_wconf 71' lang='lat' dir='ltr'><strong>moenum</strong></span> <span class='ocrx_word' id='word_1_245' title='bbox 710 3082 828 3138; x_wconf 72' lang='lat' dir='ltr'><strong>uorac-</strong></span> <span class='ocrx_word' id='word_1_246' title='bbox 865 3091 961 3143; x_wconf 85' lang='lat' dir='ltr'><strong>quam:</strong></span> <span class='ocrx_word' id='word_1_247' title='bbox 987 3079 1078 3141; x_wconf 58' lang='lat' dir='ltr'><strong>«agite</strong></span> <span class='ocrx_word' id='word_1_248' title='bbox 1107 3107 1135 3114; x_wconf 99' lang='lat'>-</span> <span class='ocrx_word' id='word_1_249' title='bbox 1164 3079 1245 3128; x_wconf 87' lang='lat' dir='ltr'><strong>multu</strong></span> <span class='ocrx_word' id='word_1_250' title='bbox 1265 3080 1340 3144; x_wconf 80' lang='lat' dir='ltr'><strong>eune]</strong></span> <span class='ocrx_word' id='word_1_251' title='bbox 1366 3081 1392 3130; x_wconf 92' lang='lat' dir='ltr'><strong>ln</strong></span> 
     </span>
     <span class='ocr_line' id='line_1_31' title="bbox 302 3149 1393 3217; baseline 0.003 -18"><span class='ocrx_word' id='word_1_252' title='bbox 302 3149 449 3200; x_wconf 83' lang='lat' dir='ltr'><strong>terlobentio</strong></span> <span class='ocrx_word' id='word_1_253' title='bbox 462 3151 570 3214; x_wconf 72' lang='lat' dir='ltr'><strong>{imninn</strong></span> <span class='ocrx_word' id='word_1_254' title='bbox 584 3156 607 3199; x_wconf 81' lang='lat' dir='ltr'><strong>et</strong></span> <span class='ocrx_word' id='word_1_255' title='bbox 623 3151 774 3212; x_wconf 79' lang='lat' dir='ltr'><strong>irnpiroutes</strong></span> <span class='ocrx_word' id='word_1_256' title='bbox 785 3165 828 3200; x_wconf 84' lang='lat' dir='ltr'><strong>ro·</strong></span> <span class='ocrx_word' id='word_1_257' title='bbox 865 3151 976 3203; x_wconf 82' lang='lat' dir='ltr'><strong>canibus</strong></span> <span class='ocrx_word' id='word_1_258' title='bbox 987 3152 1116 3202; x_wconf 85' lang='lat' dir='ltr'><strong>venaticis</strong></span> <span class='ocrx_word' id='word_1_259' title='bbox 1132 3154 1228 3216; x_wconf 74' lang='lat' dir='ltr'><strong>poetae</strong></span> <span class='ocrx_word' id='word_1_260' title='bbox 1245 3159 1339 3204; x_wconf 83' lang='lat' dir='ltr'><strong>amant</strong></span> <span class='ocrx_word' id='word_1_261' title='bbox 1351 3169 1393 3217; x_wconf 80' lang='lat' dir='ltr'><strong>ge-</strong></span> 
     </span>
     <span class='ocr_line' id='line_1_32' title="bbox 300 3224 1391 3286; baseline 0.001 -12"><span class='ocrx_word' id='word_1_262' title='bbox 300 3225 349 3274; x_wconf 78' lang='lat' dir='ltr'><strong>ntis</strong></span> <span class='ocrx_word' id='word_1_263' title='bbox 381 3224 502 3274; x_wconf 78' lang='lat' dir='ltr'><strong>arborum</strong></span> <span class='ocrx_word' id='word_1_264' title='bbox 534 3238 614 3274; x_wconf 82' lang='lat' dir='ltr'><strong>aurae</strong></span> <span class='ocrx_word' id='word_1_265' title='bbox 649 3226 829 3286; x_wconf 77' lang='lat' dir='ltr'><strong>uolucrumque</strong></span> <span class='ocrx_word' id='word_1_266' title='bbox 864 3239 915 3277; x_wconf 85' lang='lat' dir='ltr'><strong>nus</strong></span> <span class='ocrx_word' id='word_1_267' title='bbox 939 3225 1103 3276; x_wconf 89' lang='lat' dir='ltr'><strong>lemlulnum.</strong></span> <span class='ocrx_word' id='word_1_268' title='bbox 1136 3227 1241 3276; x_wconf 81' lang='lat' dir='ltr'><strong>lueret.</strong></span> <span class='ocrx_word' id='word_1_269' title='bbox 1273 3229 1302 3286; x_wconf 90' lang='lat' dir='ltr'><strong>l,</strong></span> <span class='ocrx_word' id='word_1_270' title='bbox 1330 3228 1391 3279; x_wconf 74' lang='lat' dir='ltr'><strong>los:</strong></span> 
     </span>
     <span class='ocr_line' id='line_1_33' title="bbox 300 3298 1390 3362; baseline 0.004 -14"><span class='ocrx_word' id='word_1_271' title='bbox 300 3304 402 3357; x_wconf 61' lang='lat' dir='ltr'><strong>contem</strong></span> <span class='ocrx_word' id='word_1_272' title='bbox 428 3301 591 3350; x_wconf 85' lang='lat' dir='ltr'><strong>constructio</strong></span> <span class='ocrx_word' id='word_1_273' title='bbox 613 3298 708 3348; x_wconf 84' lang='lat' dir='ltr'><strong>endem</strong></span> <span class='ocrx_word' id='word_1_274' title='bbox 726 3299 775 3348; x_wconf 91' lang='lat' dir='ltr'><strong>Od.</strong></span> <span class='ocrx_word' id='word_1_275' title='bbox 795 3298 825 3358; x_wconf 79' lang='lat' dir='ltr'><strong>l,</strong></span> <span class='ocrx_word' id='word_1_276' title='bbox 864 3313 938 3352; x_wconf 78' lang='lat' dir='ltr'><strong>eones</strong></span> <span class='ocrx_word' id='word_1_277' title='bbox 954 3305 982 3348; x_wconf 84' lang='lat' dir='ltr'><strong>ut</strong></span> <span class='ocrx_word' id='word_1_278' title='bbox 997 3299 1164 3361; x_wconf 69' lang='lat' dir='ltr'><strong>moniivuque.</strong></span> <span class='ocrx_word' id='word_1_279' title='bbox 1193 3299 1265 3362; x_wconf 79' lang='lat' dir='ltr'><strong>Virg.</strong></span> <span class='ocrx_word' id='word_1_280' title='bbox 1285 3303 1390 3352; x_wconf 80' lang='lat' dir='ltr'><strong>Aeni.</strong></span> 
     </span>
     <span class='ocr_line' id='line_1_34' title="bbox 302 3373 1389 3435; baseline 0 -13"><span class='ocrx_word' id='word_1_281' title='bbox 302 3373 348 3431; x_wconf 84' lang='lat' dir='ltr'><strong>ti,</strong></span> <span class='ocrx_word' id='word_1_282' title='bbox 373 3373 417 3425; x_wconf 86' lang='lat' dir='ltr'><strong>l8:</strong></span> <span class='ocrx_word' id='word_1_283' title='bbox 449 3375 571 3435; x_wconf 80' lang='lat' dir='ltr'><strong>Obstrepii</strong></span> <span class='ocrx_word' id='word_1_284' title='bbox 588 3375 700 3423; x_wconf 70' lang='grc' dir='ltr'><em>θοοαπω</em></span> <span class='ocrx_word' id='word_1_285' title='bbox 721 3375 828 3423; x_wconf 84' lang='lat' dir='ltr'><strong>Briiun·</strong></span> <span class='ocrx_word' id='word_1_286' title='bbox 865 3374 930 3425; x_wconf 77' lang='lat' dir='ltr'><strong>iet:</strong></span> <span class='ocrx_word' id='word_1_287' title='bbox 949 3373 1055 3422; x_wconf 75' lang='lat' dir='ltr'><strong>ratium</strong></span> <span class='ocrx_word' id='word_1_288' title='bbox 1073 3373 1187 3423; x_wconf 72' lang='lat' dir='ltr'><strong>omneis</strong></span> <span class='ocrx_word' id='word_1_289' title='bbox 1205 3373 1253 3422; x_wconf 91' lang='lat' dir='ltr'><strong>luli</strong></span> <span class='ocrx_word' id='word_1_290' title='bbox 1266 3389 1389 3424; x_wconf 72' lang='lat' dir='ltr'><strong>--cunes</strong></span> 
     </span>
     <span class='ocr_line' id='line_1_35' title="bbox 302 3447 1389 3510; baseline -0.001 -14"><span class='ocrx_word' id='word_1_291' title='bbox 302 3449 349 3496; x_wconf 79' lang='lat' dir='ltr'><strong>nis.</strong></span> <span class='ocrx_word' id='word_1_292' title='bbox 371 3475 398 3482; x_wconf 97' lang='lat'><em>-</em></span> <span class='ocrx_word' id='word_1_293' title='bbox 417 3448 464 3498; x_wconf 89' lang='lat' dir='ltr'><strong>llic</strong></span> <span class='ocrx_word' id='word_1_294' title='bbox 482 3449 560 3510; x_wconf 79' lang='lat' dir='ltr'><strong>igilur</strong></span> <span class='ocrx_word' id='word_1_295' title='bbox 576 3449 624 3497; x_wconf 85' lang='lat' dir='ltr'><strong>rivi</strong></span> <span class='ocrx_word' id='word_1_296' title='bbox 642 3448 763 3496; x_wconf 80' lang='lat' dir='ltr'><strong>labuntur</strong></span> <span class='ocrx_word' id='word_1_297' title='bbox 780 3461 827 3497; x_wconf 89' lang='lat' dir='ltr'><strong>ce·</strong></span> <span class='ocrx_word' id='word_1_298' title='bbox 867 3475 893 3484; x_wconf 91' lang='lat'>-</span> <span class='ocrx_word' id='word_1_299' title='bbox 917 3448 957 3498; x_wconf 78' lang='lat' dir='ltr'><strong>Ad</strong></span> <span class='ocrx_word' id='word_1_300' title='bbox 977 3459 1057 3497; x_wconf 89' lang='lat' dir='ltr'><strong>usum</strong></span> <span class='ocrx_word' id='word_1_301' title='bbox 1076 3460 1101 3496; x_wconf 79' lang='lat' dir='ltr'><strong>v.</strong></span> <span class='ocrx_word' id='word_1_302' title='bbox 1128 3447 1222 3496; x_wconf 62' lang='lat' dir='ltr'><strong>munus</strong></span> <span class='ocrx_word' id='word_1_303' title='bbox 1248 3449 1298 3498; x_wconf 88' lang='lat' dir='ltr'><strong>cir.</strong></span> <span class='ocrx_word' id='word_1_304' title='bbox 1319 3449 1389 3510; x_wconf 78' lang='lat' dir='ltr'><strong>virg.</strong></span> 
     </span>
     <span class='ocr_line' id='line_1_36' title="bbox 301 3519 1391 3580; baseline 0.003 -11"><span class='ocrx_word' id='word_1_305' title='bbox 301 3519 350 3570; x_wconf 89' lang='lat' dir='ltr'><strong>leri</strong></span> <span class='ocrx_word' id='word_1_306' title='bbox 370 3533 464 3576; x_wconf 87' lang='lat' dir='ltr'><strong>cursu,</strong></span> <span class='ocrx_word' id='word_1_307' title='bbox 491 3520 542 3571; x_wconf 89' lang='lat' dir='ltr'><strong>illic</strong></span> <span class='ocrx_word' id='word_1_308' title='bbox 563 3519 658 3570; x_wconf 87' lang='lat' dir='ltr'><strong>leniter</strong></span> <span class='ocrx_word' id='word_1_309' title='bbox 680 3522 827 3572; x_wconf 85' lang='lat' dir='ltr'><strong>scaturiunt</strong></span> <span class='ocrx_word' id='word_1_310' title='bbox 864 3525 929 3572; x_wconf 79' lang='lat' dir='ltr'><strong>Aen.</strong></span> <span class='ocrx_word' id='word_1_311' title='bbox 944 3520 1044 3580; x_wconf 83' lang='lat' dir='ltr'><strong>t‚33i:</strong></span> <span class='ocrx_word' id='word_1_312' title='bbox 1062 3521 1145 3571; x_wconf 86' lang='lat' dir='ltr'><strong>lluito</strong></span> <span class='ocrx_word' id='word_1_313' title='bbox 1157 3519 1201 3571; x_wconf 84' lang='lat' dir='ltr'><strong>tibi</strong></span> <span class='ocrx_word' id='word_1_314' title='bbox 1212 3549 1227 3559; x_wconf 98' lang='lat'>-</span> <span class='ocrx_word' id='word_1_315' title='bbox 1238 3549 1253 3559; x_wconf 98' lang='lat'>-</span> <span class='ocrx_word' id='word_1_316' title='bbox 1265 3524 1391 3572; x_wconf 82' lang='lat' dir='ltr'><strong>coietiio-</strong></span> 
     </span>
     <span class='ocr_line' id='line_1_37' title="bbox 302 3593 1391 3658; baseline 0.001 -13"><span class='ocrx_word' id='word_1_317' title='bbox 302 3598 522 3656; x_wconf 76' lang='lat' dir='ltr'><strong>murmurantque</strong></span> <span class='ocrx_word' id='word_1_318' title='bbox 540 3593 635 3645; x_wconf 82' lang='lat' dir='ltr'><strong>tontes.</strong></span> <span class='ocrx_word' id='word_1_319' title='bbox 651 3623 677 3630; x_wconf 91' lang='lat'><em>-</em></span> <span class='ocrx_word' id='word_1_320' title='bbox 691 3595 766 3658; x_wconf 80' lang='lat' dir='ltr'><strong>quod]</strong></span> <span class='ocrx_word' id='word_1_321' title='bbox 785 3595 826 3644; x_wconf 76' lang='lat' dir='ltr'><strong>uid</strong></span> <span class='ocrx_word' id='word_1_322' title='bbox 863 3597 919 3647; x_wconf 87' lang='lat' dir='ltr'><strong>stio.</strong></span> <span class='ocrx_word' id='word_1_323' title='bbox 934 3623 959 3630; x_wconf 86' lang='lat'>-</span> <span class='ocrx_word' id='word_1_324' title='bbox 974 3594 1104 3658; x_wconf 78' lang='lat' dir='ltr'><strong>obstantes]</strong></span> <span class='ocrx_word' id='word_1_325' title='bbox 1118 3594 1238 3657; x_wconf 76' lang='lat' dir='ltr'><strong>reilooo,</strong></span> <span class='ocrx_word' id='word_1_326' title='bbox 1252 3597 1298 3646; x_wconf 90' lang='lat' dir='ltr'><strong>ubi</strong></span> <span class='ocrx_word' id='word_1_327' title='bbox 1309 3603 1391 3648; x_wconf 74' lang='lat' dir='ltr'><strong>trans</strong></span> 
     </span>
     <span class='ocr_line' id='line_1_38' title="bbox 303 3668 1387 3735; baseline 0.005 -18"><span class='ocrx_word' id='word_1_328' title='bbox 303 3671 401 3731; x_wconf 75' lang='lat' dir='ltr'><strong>quod»,</strong></span> <span class='ocrx_word' id='word_1_329' title='bbox 420 3669 482 3730; x_wconf 80' lang='lat' dir='ltr'><strong>«qui</strong></span> <span class='ocrx_word' id='word_1_330' title='bbox 499 3670 588 3729; x_wconf 78' lang='lat' dir='ltr'><strong>gratim</strong></span> <span class='ocrx_word' id='word_1_331' title='bbox 606 3668 824 3731; x_wconf 75' lang='lat' dir='ltr'><strong>susurrusll&#39;irg.</strong></span> <span class='ocrx_word' id='word_1_332' title='bbox 864 3669 969 3720; x_wconf 87' lang='lat' dir='ltr'><strong>cursuri</strong></span> <span class='ocrx_word' id='word_1_333' title='bbox 992 3673 1054 3720; x_wconf 87' lang='lat' dir='ltr'><strong>suni</strong></span> <span class='ocrx_word' id='word_1_334' title='bbox 1076 3672 1147 3735; x_wconf 81' lang='lat' dir='ltr'><strong>apri,</strong></span> <span class='ocrx_word' id='word_1_335' title='bbox 1174 3673 1338 3735; x_wconf 78' lang='lat' dir='ltr'><strong>oppositas.-</strong></span> <span class='ocrx_word' id='word_1_336' title='bbox 1364 3699 1387 3708; x_wconf 72' lang='lat'><strong>.„</strong></span> 
     </span>
     <span class='ocr_line' id='line_1_39' title="bbox 303 3741 1389 3808; baseline 0.002 -17"><span class='ocrx_word' id='word_1_337' title='bbox 303 3741 384 3792; x_wconf 83' lang='lat' dir='ltr'><strong>Culex</strong></span> <span class='ocrx_word' id='word_1_338' title='bbox 396 3742 458 3792; x_wconf 81' lang='lat' dir='ltr'><strong>tol:</strong></span> <span class='ocrx_word' id='word_1_339' title='bbox 477 3743 747 3792; x_wconf 74' lang='lat' dir='ltr'><strong>sutruroniis--oodn</strong></span> <span class='ocrx_word' id='word_1_340' title='bbox 761 3743 827 3804; x_wconf 77' lang='lat' dir='ltr'><strong>lum-</strong></span> <span class='ocrx_word' id='word_1_341' title='bbox 864 3744 947 3807; x_wconf 82' lang='lat' dir='ltr'><strong>mniie]</strong></span> <span class='ocrx_word' id='word_1_342' title='bbox 971 3742 1089 3794; x_wconf 71' lang='lat' dir='ltr'><strong>«lurcula</strong></span> <span class='ocrx_word' id='word_1_343' title='bbox 1111 3757 1160 3794; x_wconf 82' lang='lat' dir='ltr'><strong>seu</strong></span> <span class='ocrx_word' id='word_1_344' title='bbox 1185 3747 1288 3808; x_wconf 82' lang='lat' dir='ltr'><strong>pertica</strong></span> <span class='ocrx_word' id='word_1_345' title='bbox 1306 3759 1389 3796; x_wconf 81' lang='lat' dir='ltr'><strong>aueu-</strong></span> 
     </span>
     <span class='ocr_line' id='line_1_40' title="bbox 299 3817 1390 3883; baseline 0 -17"><span class='ocrx_word' id='word_1_346' title='bbox 299 3817 405 3880; x_wconf 74' lang='lat' dir='ltr'><strong>pina),</strong></span> <span class='ocrx_word' id='word_1_347' title='bbox 441 3817 514 3879; x_wconf 87' lang='lat' dir='ltr'><strong>quod</strong></span> <span class='ocrx_word' id='word_1_348' title='bbox 543 3830 665 3867; x_wconf 86' lang='lat' dir='ltr'><strong>murmur</strong></span> <span class='ocrx_word' id='word_1_349' title='bbox 694 3821 767 3867; x_wconf 67' lang='lat' dir='ltr'><strong>cet.»</strong></span> <span class='ocrx_word' id='word_1_350' title='bbox 798 3845 825 3854; x_wconf 96' lang='lat'>-</span> <span class='ocrx_word' id='word_1_351' title='bbox 864 3817 942 3883; x_wconf 77' lang='lat' dir='ltr'><strong>pali.»</strong></span> <span class='ocrx_word' id='word_1_352' title='bbox 961 3819 1061 3868; x_wconf 83' lang='lat' dir='ltr'><strong>Fusrus.</strong></span> <span class='ocrx_word' id='word_1_353' title='bbox 1082 3817 1190 3882; x_wconf 65' lang='lat' dir='ltr'><strong>(Gabi.)</strong></span> <span class='ocrx_word' id='word_1_354' title='bbox 1207 3820 1318 3870; x_wconf 79' lang='lat' dir='ltr'><strong>Aneones</strong></span> <span class='ocrx_word' id='word_1_355' title='bbox 1332 3833 1390 3868; x_wconf 82' lang='lat' dir='ltr'><strong>ens-</strong></span> 
     </span>
     <span class='ocr_line' id='line_1_41' title="bbox 301 3891 1388 3956; baseline 0 -16"><span class='ocrx_word' id='word_1_356' title='bbox 301 3891 377 3955; x_wconf 80' lang='lat' dir='ltr'><strong>ieoes]</strong></span> <span class='ocrx_word' id='word_1_357' title='bbox 397 3903 522 3940; x_wconf 75' lang='lat' dir='ltr'><strong>«securos</strong></span> <span class='ocrx_word' id='word_1_358' title='bbox 539 3904 572 3941; x_wconf 86' lang='lat' dir='ltr'><strong>ee</strong></span> <span class='ocrx_word' id='word_1_359' title='bbox 589 3904 711 3953; x_wconf 77' lang='lat' dir='ltr'><strong>suaves»,</strong></span> <span class='ocrx_word' id='word_1_360' title='bbox 731 3893 760 3941; x_wconf 90' lang='lat' dir='ltr'><strong>ui</strong></span> <span class='ocrx_word' id='word_1_361' title='bbox 777 3891 825 3941; x_wconf 88' lang='lat' dir='ltr'><strong>0d.</strong></span> <span class='ocrx_word' id='word_1_362' title='bbox 865 3892 928 3942; x_wconf 89' lang='lat' dir='ltr'><strong>dem</strong></span> <span class='ocrx_word' id='word_1_363' title='bbox 946 3895 1024 3942; x_wconf 85' lang='lat' dir='ltr'><strong>vocal</strong></span> <span class='ocrx_word' id='word_1_364' title='bbox 1041 3893 1146 3942; x_wconf 85' lang='lat' dir='ltr'><strong>Gratius</strong></span> <span class='ocrx_word' id='word_1_365' title='bbox 1163 3893 1204 3943; x_wconf 82' lang='lat'><strong>87.</strong></span> <span class='ocrx_word' id='word_1_366' title='bbox 1224 3921 1250 3928; x_wconf 90' lang='lat'>—</span> <span class='ocrx_word' id='word_1_367' title='bbox 1271 3894 1325 3956; x_wconf 81' lang='lat' dir='ltr'><strong>leui]</strong></span> <span class='ocrx_word' id='word_1_368' title='bbox 1339 3891 1388 3940; x_wconf 78' lang='lat' dir='ltr'><strong>ele-</strong></span> 
     </span>
     <span class='ocr_line' id='line_1_42' title="bbox 302 3964 1385 4031; baseline -0.003 -18"><span class='ocrx_word' id='word_1_369' title='bbox 302 3966 335 4024; x_wconf 75' lang='lat' dir='ltr'><strong>l,</strong></span> <span class='ocrx_word' id='word_1_370' title='bbox 351 3965 394 4024; x_wconf 83' lang='lat' dir='ltr'><strong>tit,</strong></span> <span class='ocrx_word' id='word_1_371' title='bbox 414 3966 453 4014; x_wconf 78' lang='lat' dir='ltr'><strong>lii.</strong></span> <span class='ocrx_word' id='word_1_372' title='bbox 472 3965 568 4014; x_wconf 85' lang='lat' dir='ltr'><strong>&#39;lotum</strong></span> <span class='ocrx_word' id='word_1_373' title='bbox 585 3964 727 4016; x_wconf 88' lang='lat' dir='ltr'><strong>locumsie</strong></span> <span class='ocrx_word' id='word_1_374' title='bbox 743 3967 828 4017; x_wconf 84' lang='lat' dir='ltr'><strong>imila-</strong></span> <span class='ocrx_word' id='word_1_375' title='bbox 865 3967 978 4030; x_wconf 74' lang='lat' dir='ltr'><strong>rigator.</strong></span> <span class='ocrx_word' id='word_1_376' title='bbox 1006 3968 1097 4016; x_wconf 74' lang='lat' dir='ltr'><strong>Senos.</strong></span> <span class='ocrx_word' id='word_1_377' title='bbox 1123 3992 1149 4002; x_wconf 86' lang='lat'><em>-</em></span> <span class='ocrx_word' id='word_1_378' title='bbox 1168 3967 1242 4031; x_wconf 83' lang='lat' dir='ltr'><strong>rure]</strong></span> <span class='ocrx_word' id='word_1_379' title='bbox 1261 3968 1303 4017; x_wconf 89' lang='lat' dir='ltr'><strong>Sic</strong></span> <span class='ocrx_word' id='word_1_380' title='bbox 1318 3967 1385 4028; x_wconf 76' lang='lat' dir='ltr'><strong>lirg.</strong></span> 
     </span>
     <span class='ocr_line' id='line_1_43' title="bbox 304 4038 1384 4104; baseline 0.002 -18"><span class='ocrx_word' id='word_1_381' title='bbox 304 4040 372 4087; x_wconf 84' lang='lat' dir='ltr'><strong>lalus</strong></span> <span class='ocrx_word' id='word_1_382' title='bbox 393 4042 435 4088; x_wconf 88' lang='lat' dir='ltr'><strong>est</strong></span> <span class='ocrx_word' id='word_1_383' title='bbox 456 4039 558 4088; x_wconf 82' lang='lat' dir='ltr'><strong>Seneca</strong></span> <span class='ocrx_word' id='word_1_384' title='bbox 576 4038 679 4103; x_wconf 86' lang='lat' dir='ltr'><strong>llippol.</strong></span> <span class='ocrx_word' id='word_1_385' title='bbox 700 4041 763 4090; x_wconf 77' lang='lat'><strong>509:</strong></span> <span class='ocrx_word' id='word_1_386' title='bbox 788 4066 828 4077; x_wconf 91' lang='lat'><strong>·-</strong></span> <span class='ocrx_word' id='word_1_387' title='bbox 864 4043 930 4090; x_wconf 77' lang='lat' dir='ltr'><strong>Aen.</strong></span> <span class='ocrx_word' id='word_1_388' title='bbox 950 4039 979 4102; x_wconf 83' lang='lat' dir='ltr'><strong>i,</strong></span> <span class='ocrx_word' id='word_1_389' title='bbox 999 4041 1060 4091; x_wconf 81' lang='lat' dir='ltr'><strong>itt:</strong></span> <span class='ocrx_word' id='word_1_390' title='bbox 1088 4042 1159 4090; x_wconf 83' lang='lat' dir='ltr'><strong>liclia</strong></span> <span class='ocrx_word' id='word_1_391' title='bbox 1182 4056 1263 4102; x_wconf 83' lang='lat' dir='ltr'><strong>roro,</strong></span> <span class='ocrx_word' id='word_1_392' title='bbox 1288 4043 1384 4104; x_wconf 71' lang='lat' dir='ltr'><strong>pioque.</strong></span> 
     </span>
     <span class='ocr_line' id='line_1_44' title="bbox 302 4111 1386 4180; baseline 0.002 -20"><span class='ocrx_word' id='word_1_393' title='bbox 302 4111 347 4160; x_wconf 87' lang='lat' dir='ltr'><strong>ilie</strong></span> <span class='ocrx_word' id='word_1_394' title='bbox 364 4125 423 4161; x_wconf 79' lang='lat' dir='ltr'><strong>oues</strong></span> <span class='ocrx_word' id='word_1_395' title='bbox 433 4114 553 4172; x_wconf 78' lang='lat' dir='ltr'><strong>querulae</strong></span> <span class='ocrx_word' id='word_1_396' title='bbox 567 4113 689 4176; x_wconf 61' lang='lat' dir='ltr'><strong>fremuit,</strong></span> <span class='ocrx_word' id='word_1_397' title='bbox 708 4114 828 4176; x_wconf 72' lang='lat' dir='ltr'><strong>licinique</strong></span> <span class='ocrx_word' id='word_1_398' title='bbox 864 4116 937 4164; x_wconf 85' lang='lat' dir='ltr'><strong>ituro</strong></span> <span class='ocrx_word' id='word_1_399' title='bbox 947 4116 1057 4179; x_wconf 85' lang='lat' dir='ltr'><strong>propter</strong></span> <span class='ocrx_word' id='word_1_400' title='bbox 1069 4113 1188 4166; x_wconf 87' lang='lat' dir='ltr'><strong>maculas</strong></span> <span class='ocrx_word' id='word_1_401' title='bbox 1199 4116 1315 4180; x_wconf 65' lang='lat' dir='ltr'><strong>(munio,</strong></span> <span class='ocrx_word' id='word_1_402' title='bbox 1333 4117 1386 4164; x_wconf 71' lang='lat' dir='ltr'><strong>Hu-</strong></span> 
     </span>
     <span class='ocr_line' id='line_1_45' title="bbox 302 4185 1386 4252; baseline 0.003 -21"><span class='ocrx_word' id='word_1_403' title='bbox 302 4185 380 4232; x_wconf 83' lang='lat' dir='ltr'><strong>veniis</strong></span> <span class='ocrx_word' id='word_1_404' title='bbox 396 4185 448 4234; x_wconf 83' lang='lat' dir='ltr'><strong>lene</strong></span> <span class='ocrx_word' id='word_1_405' title='bbox 461 4188 573 4248; x_wconf 76' lang='lat' dir='ltr'><strong>peremti</strong></span> <span class='ocrx_word' id='word_1_406' title='bbox 589 4192 697 4236; x_wconf 82' lang='lat' dir='ltr'><strong>irernrmt</strong></span> <span class='ocrx_word' id='word_1_407' title='bbox 723 4189 828 4238; x_wconf 80' lang='lat' dir='ltr'><strong>Veteres·</strong></span> <span class='ocrx_word' id='word_1_408' title='bbox 864 4188 946 4252; x_wconf 76' lang='lat' dir='ltr'><strong>seim)</strong></span> <span class='ocrx_word' id='word_1_409' title='bbox 965 4188 1093 4252; x_wconf 79' lang='lat' dir='ltr'><strong>largiores</strong></span> <span class='ocrx_word' id='word_1_410' title='bbox 1107 4203 1188 4252; x_wconf 84' lang='lat' dir='ltr'><strong>quarn</strong></span> <span class='ocrx_word' id='word_1_411' title='bbox 1206 4192 1267 4240; x_wconf 89' lang='lat' dir='ltr'><strong>suni</strong></span> <span class='ocrx_word' id='word_1_412' title='bbox 1285 4191 1308 4238; x_wconf 90' lang='lat' dir='ltr'><strong>in</strong></span> <span class='ocrx_word' id='word_1_413' title='bbox 1327 4189 1386 4236; x_wconf 86' lang='lat' dir='ltr'><strong>reti·</strong></span> 
     </span>
    </p>
   </div>
   <div class='ocr_carea' id='block_1_6' title="bbox 0 0 1472 4884">
    <p class='ocr_par' dir='ltr' id='par_1_6' title="bbox 0 0 1472 4884">
     <span class='ocr_line' id='line_1_46' title="bbox 0 0 1472 4884; baseline 0 0"><span class='ocrx_word' id='word_1_414' title='bbox 0 0 1472 4884; x_wconf 95' lang='lat' dir='ltr'><strong> </strong></span> 
     </span>
    </p>
   </div>
  </div>
 </body>
</html>
