2934 4884
668 365 796 414 44444444
815 343 984 415 caumana

581 519 642 597 Oui
666 517 745 583 vidit
766 537 855 583 snare
877 516 1039 604 turgidum
1062 528 1095 582 el

497 638 631 705 infames
653 637 806 725 scopulos
829 637 1090 705 Acroceraunia?

579 794 804 881 Nequicquam
828 793 910 859 deus
932 793 1069 860 abscidit

351 1033 390 1082 49.
409 1031 536 1082 turbidum
551 1027 635 1080 Bentl.
655 1041 670 1078 e
688 1028 800 1078 Loeberi
816 1028 864 1080 Ed.
884 1032 912 1080 et
927 1042 943 1078 4
961 1028 1045 1078 Codd.
1068 1027 1172 1079 «codd.
1191 1028 1338 1092 caldam»,

317 1109 366 1166 444,
391 1106 492 1156 uellam
514 1105 630 1169 optimae
652 1107 730 1153 notae
749 1102 791 1152 4444
808 1104 950 1166 turpidaia,
977 1101 1019 1152 alii
1037 1103 1164 1152 turbidare
1180 1102 1314 1154 exhibent.
1326 1121 1341 1146 n

318 1181 348 1230 Et
366 1179 492 1229 turbidam
503 1180 532 1238 Τ,
546 1177 661 1228 Pottlerii
679 1178 703 1236 4,
717 1176 742 1237 3,
756 1177 780 1236 7,
793 1177 818 1236 8.
832 1177 857 1235 9,
871 1177 911 1228 tl.
925 1178 966 1227 20.
982 1205 1009 1213 -
1023 1178 1220 1227 acroceraunios
1236 1191 1266 1235 c,
1284 1179 1343 1226 alta

317 1256 445 1304 Ceraunia
461 1255 561 1304 Luctat.
581 1251 649 1303 Plac.
669 1251 702 1302 ad
721 1253 784 1301 Sial.
804 1250 887 1301 Theb.
907 1252 931 1310 6,
954 1253 1010 1302 4544.
1030 1251 1228 1314 (Acroceraunia
1244 1264 1341 1302 omnes

318 1329 423 1390 Nostri.)

319 1543 358 1592 49.
372 1540 508 1606 larpidmn]
522 1539 627 1590 Hesiod.
639 1539 736 1602 Theog.
749 1538 809 1588 4344
848 1541 933 1588 omel.
963 1539 1035 1588 Statii
1046 1551 1111 1588 vero
1122 1537 1266 1589 Scholiasta
1283 1538 1379 1591 locum

286 1613 410 1682 πέλαγος
427 1611 542 1679 οἴδματι
557 1610 640 1664 dios·
660 1613 812 1676 significan·
845 1611 1376 1664 memoritervideturattulisseadlheh.

286 1691 337 1740 tius
354 1702 436 1753 quam
453 1689 593 1747 turbidam
610 1701 673 1738 nam
684 1689 813 1750 torpidam
849 1686 873 1743 6,
888 1687 956 1744 ibba
974 1683 1037 1735 alibi
1054 1686 1127 1736 idem
1144 1690 1234 1737 servat
1244 1685 1380 1738 librorum

286 1766 328 1814 est
349 1775 422 1813 maro
444 1763 621 1813 cummaxime
648 1763 811 1812 insaeviente
848 1758 999 1810 lectionem.
1023 1763 1126 1811 Nomen
1142 1763 1231 1824 ipsum
1247 1761 1380 1812 indedu-

285 1834 550 1900 procella,lurbidam
558 1837 814 1899 manetetiamposl
849 1836 939 1894 ctum,
969 1834 1041 1897 quod
1068 1838 1178 1898 propter
1205 1834 1379 1886 altitudinem

287 1910 357 1961 illam
375 1909 508 1973 aliquanto
525 1909 665 1975 placatam.
849 1907 945 1957 crebro
966 1908 1001 1958 de
1023 1908 1096 1958 caelo
1117 1911 1268 1972 tanguntur.
1307 1913 1380 1960 Pro-

318 1986 359 2036 20.
387 1986 502 2052 Infantes]
525 1983 729 2050 δυσωνύμους,
747 1995 813 2048 pro-
849 1983 1010 2032 montorium
1022 1985 1064 2032 est
1075 1983 1153 2045 Epiri,
1172 1983 1380 2034 hodieilmonic

285 2062 347 2126 pter
363 2059 445 2110 multa
467 2073 536 2123 quae
560 2059 594 2110 ibi
617 2060 683 2110 liunt
704 2058 813 2109 44444444-
848 2056 914 2106 deda
930 2057 1053 2107 Obiisera.

286 2135 336 2198 gia.
367 2135 409 2183 Sic
427 2133 481 2183 le.
500 2136 541 2194 44,
560 2135 606 2184 iil:
633 2135 740 2198 iasaiass
762 2133 813 2197 sri-
881 2133 976 2181 itai.
995 2133 1281 2196 Nepaicqaamliosdd
1300 2134 1379 2196 quod

285 2221 347 2274 pora
361 2208 441 2270 Alpes.
470 2207 525 2258 Val.
540 2207 623 2258 Flacc.
643 2209 668 2269 9,
681 2209 743 2258 622:
761 2209 813 2258 Pa-
848 2207 951 2268 primus
977 2204 1019 2255 ille
1047 2210 1128 2256 nauta
1153 2208 1235 2258 etiam
1260 2207 1378 2257 deorum

285 2285 354 2333 riam
377 2285 471 2347 inform
494 2284 604 2347 sraposis
627 2285 707 2333 4444444.
749 2283 810 2332 Tac.
849 2278 1038 2330 immortalium
1076 2280 1201 2332 voluntati
1233 2282 1351 2332 restitil‘l
1364 2301 1377 2325 ι

287 2359 352 2408 illst.
371 2359 396 2416 4,
415 2359 460 2408 9³:
478 2359 614 2422 infamibus
630 2357 815 2408 l'alicaailocis
851 2381 879 2389 -
909 2355 975 2419 deas]
1005 2355 1034 2406 ln
1059 2355 1141 2406 rebus
1165 2356 1200 2406 ad
1224 2370 1378 2422 κοσμογο-

288 2433 406 2496 (propter
439 2438 529 2482 a'erem
564 2432 751 2497 pestilentem).
783 2458 810 2466 —
849 2429 913 2478 slav
930 2429 1112 2493 spectantibus
1133 2443 1215 2494 saepe
1234 2433 1295 2481 detis
1313 2431 1379 2482 inli-

287 2507 384 2556 Contra
407 2519 467 2566 eos,
490 2507 536 2569 qui
557 2505 739 2570 praetulerant
759 2505 814 2554 olla
849 2503 902 2552 nite
928 2517 978 2566 pro
1002 2505 1066 2554 love.
1101 2504 1174 2554 ovid.
1197 2506 1260 2556 4444.
1283 2505 1308 2564 4,
1326 2506 1375 2554 at:

287 2579 427 2639 0444444444,
445 2579 579 2630 Bentlelus
597 2581 711 2630 monuit:
732 2580 813 2628 ilion
848 2578 920 2626 llaoc
937 2579 996 2626 dctis
1012 2583 1036 2628 ol
1050 2578 1140 2628 melior
1149 2579 1218 2627 litera
1227 2580 1378 2627 woradi-

287 2665 352 2702 sane
387 2651 492 2702 tolerari
526 2654 570 2702 bic
602 2655 687 2718 potuit
715 2653 813 2716 duplex
848 2652 930 2699 raail.
950 2679 978 2686 -
998 2653 1122 2702 «Frustra
1140 2653 1218 2714 igitur
1234 2651 1302 2702 deus
1317 2650 1378 2702 dis-

288 2725 424 2789 epilhelon
435 2727 541 2789 infantes
553 2730 580 2777 el
590 2728 652 2776 alla.
672 2727 728 2778 lloc
740 2728 813 2776 enim
850 2725 934 2774 crevit
949 2725 1019 2775 inter
1035 2739 1064 2776 se
1077 2725 1150 2776 orbis
1161 2730 1294 2776 terrarum
1311 2739 1378 2790 par-

287 2797 355 2848 4444444
379 2800 434 2848 vim
460 2800 642 2864 lulringerel.»
678 2802 814 2866 (Opposuit
849 2802 890 2849 tes
908 2800 1006 2849 Oceano
1021 2801 1180 2861 dissociabili,
1198 2801 1283 2850 activa
1292 2801 1379 2863 signi-

288 2872 397 2935 quidem
424 2874 539 2925 lolrnson
569 2877 664 2926 Lucani
693 2876 717 2936 3,
745 2876 811 2926 6594
850 2872 980 2933 4444444444,
1000 2875 1061 2936 «qui
1079 2888 1125 2924 cas
1142 2875 1326 2934 dissociaret»,
1346 2879 1379 2924 ul

176 2945 182 2958 “
287 2947 416 3012 scopulosa
441 2949 567 2998 Canania
590 2953 685 2999 naulae
708 2950 814 2999 Sammo
850 2948 953 2996 Luc-ret.
974 2949 997 3008 4,
1018 2949 1062 2997 444
1081 2949 1222 3012 academiis
1238 2962 1306 2997 aare
1321 2949 1378 2998 Fo-

287 3021 394 3085 limeat.)
415 3021 534 3085 Adiunge
546 3021 622 3084 longe
635 3021 812 3074 robustiorem
848 3023 916 3081 ooai,
935 3021 1009 3072 04441.
1028 3023 1090 3073 llil.
1110 3023 1150 3082 43,
1169 3024 1230 3073 857:
1253 3027 1378 3084 pambo-

288 3100 324 3157 et,
342 3099 372 3146 444
388 3098 422 3146 lla
435 3097 535 3158 dicam,
554 3097 740 3148 terribiliorem
752 3111 812 3148 esse
849 3096 897 3145 bila
915 3096 1017 3158 [almas.
1052 3095 1129 3156 Quod
1150 3097 1269 3148 lleisliun
1292 3097 1377 3146 inter-

287 3185 382 3224 sonum
404 3186 430 3222 v.
451 3173 639 3222 Aaocsrailoia
664 3185 745 3236 quam
768 3187 811 3221 rs.
848 3173 969 3234 prelatas
1002 3173 1044 3220 est
1077 3171 1212 3221 Oceanum
1240 3163 1376 3235 ἄμικτον,

287 3247 342 3298 alla
366 3248 506 3308 Ceraunia,
534 3248 584 3296 4444
610 3249 691 3297 444444
716 3251 812 3312 poetae
850 3258 966 3308 quocum
978 3246 1091 3295 societas
1102 3243 1172 3295 nulla
1183 3246 1302 3295 contrairi
1310 3258 1378 3308 pos-

287 3321 378 3372 addllo
404 3321 521 3385 epitheto
542 3321 668 3371 annania
692 3320 813 3385 plerum·
849 3321 896 3370 sil:
919 3321 1006 3369 minus
1027 3322 1119 3383 aptum
1140 3322 1281 3383 propterea
1298 3319 1377 3369 vide-

288 3410 340 3460 qne
358 3400 496 3460 usurpant.
516 3397 585 3459 virg.
600 3399 693 3460 Georg.
708 3397 732 3457 4,
746 3397 811 3446 ³³2:
850 3396 902 3455 tur,
921 3393 993 3456 quod
1010 3395 1055 3456 qui
1077 3395 1182 3444 Oceano
1203 3407 1233 3443 se
1251 3393 1375 3451 credunt,

287 3470 337 3519 4444
352 3471 414 3520 Albo
431 3477 476 3520 aiat
493 3471 624 3535 flbodopen
635 3476 680 3521 aal
696 3471 752 3520 nim
767 3471 814 3522 Ce-
850 3482 945 3532 reapse
954 3469 1110 3518 societatem
1119 3469 1255 3531 quandam
1266 3481 1329 3518 cum
1341 3481 1376 3518 eo

287 3545 383 3592 raaaia
399 3546 446 3593 telo
461 3546 560 3595 Delioil.
596 3545 672 3609 Apud
690 3548 767 3609 Prop.
788 3546 812 3604 4,
851 3543 949 3592 ineunt.
979 3545 1034 3591 Nec
1051 3541 1260 3605 veroexplicare
1277 3554 1377 3604 possu-

288 3617 313 3676 8,
338 3617 377 3665 49.
405 3615 482 3667 ollm:
508 3633 556 3680 per
578 3633 654 3669 saeua
677 3620 813 3678 Ceramia,
851 3629 911 3666 mus
928 3629 990 3665 cum
1002 3617 1153 3666 ousensio:
1173 3615 1377 3666 «lemasabsci-

289 3702 372 3740 nunc:
389 3693 670 3751 praeuectaceraaain.
700 3694 812 3754 44444449,
850 3691 889 3741 dit
905 3691 939 3740 ab
957 3693 1077 3747 Oceano;
1097 3693 1321 3741 maroelierram
1332 3690 1376 3739 di-

289 3763 330 3824 46,
349 3764 377 3814 94
404 3767 621 3816 saro-Cerauno.
657 3769 730 3818 Ouid.
753 3770 812 3818 Am.
850 3778 928 3817 versa
955 3778 1015 3816 esse
1041 3764 1174 3816 elementa
1195 3765 1263 3816 deus
1283 3763 1374 3823 voluit,

288 3839 313 3899 9,
337 3838 361 3898 9,
386 3839 431 3888 494
457 3840 566 3889 uiolenta
588 3841 722 3890 Canania.
753 3843 816 3892 ovi·
851 3841 957 3904 antiqua
975 3851 1070 3889 eorum
1087 3841 1224 3900 societate,
1243 3851 1305 3888 cum
1325 3839 1376 3889 ad-

289 3911 348 3963 dius
365 3914 455 3962 lamen
473 3915 501 3964 li.
514 3914 544 3962 Α.
563 3913 624 3962 7³9:
642 3913 696 3963 Hae
712 3916 816 3965 4444444444
850 3917 904 3965 huc
920 3927 1003 3964 unum
1020 3913 1103 3965 chaos
1120 3917 1219 3974 essent,
1238 3911 1375 3972 dissoluta,

288 3987 382 4048 Syrtes,
400 3987 461 4038 baec
476 3988 663 4037 Acroceraunia
678 3989 740 4037 444444.
768 3990 815 4038 llio
850 3988 923 4039 unde
940 3987 1015 4039 ovid.
1034 3989 1096 4038 blei.
1116 3989 1140 4048 4,
1159 3989 1204 4038 22:
1223 3989 1291 4036 Nam
1306 3989 1377 4037 cado

288 4063 378 4111 autem
396 4075 494 4112 nomen
511 4058 612 4132 κύριον
633 4063 743 4112 minime
765 4062 815 4112 de·
851 4068 933 4112 terras
948 4067 971 4112 el
991 4063 1066 4111 terris
1082 4062 1187 4112 coxida
1206 4063 1301 4118 4444444,Ι
1322 4062 1377 4110 (444-

290 4135 368 4186 decel
385 4135 560 4187 elocutionem
581 4137 727 4201 poeticam,
752 4149 814 4188 cum
850 4137 973 4187 sociabilis
989 4140 1080 4188 aulem
1091 4136 1164 4186 idem
1175 4139 1226 4194 444,
1239 4135 1311 4200 quod
1322 4136 1377 4184 dis-

289 4209 419 4274 apposillo
435 4212 540 4276 4444444444
552 4211 665 4276 scopulos
675 4211 740 4262 satis
751 4209 814 4262 illud
850 4212 985 4262 socialia.»
1020 4214 1106 4272 Quam
1131 4213 1158 4261 in
1179 4210 1376 4275 interpretatio-
