2934 4884
690 381 818 432 uoututt
835 381 1005 432 canutuuu

498 541 604 604 Certut
625 539 810 626 tergeminis
831 537 944 604 tollere
965 537 1159 617 honoribus3

540 655 644 734 lllum,
669 659 695 723 si
718 661 851 747 proprio
873 658 1016 726 condidit
1037 659 1171 735 horreo,

370 897 393 944 8.
413 895 491 945 Certe!
509 897 538 946 S.
559 908 605 944 sex
623 896 689 943 l’ott.

304 1121 374 1182 osted
394 1120 459 1169 etim
480 1119 585 1182 fretum,
608 1131 680 1180 quon
700 1119 825 1180 scapum
861 1117 1018 1182 respuebat,
1042 1118 1090 1170 sed
1110 1119 1273 1182 homonymo
1289 1121 1389 1175 num,

303 1199 337 1243 tot
353 1199 446 1257 outre,
464 1199 550 1243 mutar
564 1199 618 1242 tom
632 1193 721 1242 nodas
736 1191 826 1242 lubere
861 1189 966 1242 Salustii
981 1193 1115 1256 tacitique
1138 1195 1322 1244 auctoritatem
1341 1209 1391 1246 se·

298 1269 394 1330 ρυιαιίς
410 1269 559 1332 aqimwoes
567 1269 697 1332 fluctum,
716 1273 826 1330 quantos
862 1266 906 1328 qui
924 1265 1014 1316 malui.

298 1343 498 1404 perturbationes
515 1347 538 1392 et
554 1347 661 1404 quantos
678 1347 761 1392 aestus
775 1342 824 1391 lue-
893 1340 917 1389 9.
941 1344 962 1390 Α
980 1343 1113 1392 senatorio
1129 1341 1222 1392 ordine
1239 1343 1334 1393 transit
1351 1345 1390 1394 ad

300 1416 338 1467 oet
353 1416 420 1466 ratio
442 1415 619 1466 coortum?
650 1429 700 1480 pro
717 1415 823 1466 Plancio
860 1416 965 1478 equites
982 1414 1024 1465 vel
1036 1417 1213 1478 negotiatores
1224 1417 1266 1467 sel
1277 1417 1389 1469 latifun-

300 1492 324 1552 l,
335 1492 363 1540 9:
376 1492 433 1541 Non
444 1495 480 1541 eet
490 1491 555 1540 enim
563 1491 728 1541 consiliumet
738 1492 822 1554 noluo,
859 1490 964 1540 diomm
976 1503 1154 1554 possessores,
1174 1492 1270 1541 deiude
1287 1493 1323 1541 ud
1334 1493 1390 1542 ho·

298 1581 349 1616 non
365 1567 445 1626 ratio,
464 1581 514 1615 nou
531 1567 675 1625 lenimen,
697 1581 748 1616 non
765 1567 823 1615 ‹lill-
859 1567 946 1615 mines
962 1565 1124 1626 rusticanos,
1146 1569 1240 1630 postea
1257 1567 1292 1616 ad
1309 1581 1389 1617 mer-

297 1642 389 1704 gentia.
412 1667 439 1676 —
458 1643 533 1691 Anno
550 1654 576 1690 u.
596 1653 619 1689 c.
640 1641 696 1690 767.
726 1641 823 1690 Tiberii
859 1643 973 1699 catores,
991 1643 1128 1703 postremo
1146 1641 1180 1692 ad
1198 1655 1254 1700 eos,
1274 1643 1319 1706 qul
1332 1657 1390 1692 neo

299 1717 372 1765 iussu
390 1716 503 1777 mmmm
525 1729 537 1764 e
557 1727 646 1777 compo
667 1716 769 1765 comitia
788 1717 823 1764 cd
858 1715 991 1762 honorum
1004 1715 1091 1778 cupidi
1104 1727 1191 1778 neque
1203 1715 1248 1765 ulli
1259 1719 1390 1779 quaestui

294 1795 381 1852 potres
398 1791 523 1839 translatu
545 1795 616 1839 aaut:
638 1804 700 1839 nam
716 1792 751 1839 od
766 1803 822 1840 eom
858 1787 969 1847 addicti,
992 1801 1041 1837 suo
1058 1789 1171 1852 quisque
1191 1790 1278 1841 studio
1295 1791 1390 1841 indul-

297 1866 362 1914 ‹llem
378 1865 423 1914 etsi
430 1865 561 1926 pottssimc
572 1865 678 1914 arbitrio
687 1865 819 1927 ρνίηείρίε,
858 1863 929 1923 gent.
943 1887 970 1897 -
983 1863 1118 1924 Propdom
1134 1865 1284 1926 granarium
1296 1878 1389 1929 oppo-

298 1941 422 2001 queedom
438 1945 521 1988 tomen
541 1941 629 1989 studiis
650 1939 761 1990 tribuum
774 1941 821 2004 tle-
858 1936 930 1984 nitur
945 1937 1042 1998 partlm
1058 1936 1174 2000 publico,
1192 1939 1288 2001 partim
1308 1953 1390 1988 rner-

297 2013 364 2064 eant.
384 2013 444 2062 Tac.
464 2017 529 2063 Anu.
550 2015 573 2070 l.
594 2015 634 2063 ts.
859 2010 925 2059 cede
943 2010 1084 2060 conducto.
1115 2013 1178 2072 Fuit,
1198 2013 1317 2077 quisine
1330 2013 1388 2062 ullo

329 2087 353 2136 8.
384 2087 533 2151 teryernluts]
554 2087 658 2138 utribus
676 2087 821 2138 maioribus
858 2098 938 2135 causa
950 2083 1162 2148 reprehenderet
1173 2099 1315 2136 numerum
1326 2088 1389 2136 sin-

296 2161 513 2224 mugistratibus,
553 2162 687 2212 aedilitate
721 2162 818 2224 curuli,
858 2159 986 2223 gularem,
1006 2171 1058 2208 nou
1071 2161 1187 2209 sentiens
1200 2162 1388 2224 quamlngra-

295 2239 433 2299 praeture,
453 2235 604 2297 consulatu,
624 2238 668 2300 qui
686 2237 746 2288 fluis
763 2241 821 2286 erat
856 2238 913 2283 tum
935 2234 1028 2284 luisset
1045 2234 1158 2295 mcertis
1172 2261 1187 2272 —
1203 2236 1299 2285 horreis
1320 2241 1387 2286 aute

295 2311 456 2360 honorum.»
493 2312 651 2374 Terqeminus
668 2313 740 2362 euim
756 2311 819 2362 nihil
856 2309 953 2369 Libycis
963 2309 1037 2356 arei-t.
1053 2310 1120 2358 -In
1130 2323 1173 2358 vv.
1188 2311 1313 2371 Mula
1326 2314 1385 2360 cet.

295 2384 366 2434 aliud
393 2397 475 2447 quarn
502 2387 595 2448 molar
620 2387 761 2449 significat,
791 2388 821 2435 ut
856 2382 932 2434 lacile
957 2395 1086 2446 agnoscas
1107 2381 1270 2454 ὑπερβολὴν
1293 2387 1388 2450 poeti-

295 2461 366 2525 apud
383 2461 437 2509 Liv.
450 2461 475 2518 6,
495 2462 523 2510 7;
542 2463 821 2524 ινίρωηὶηαευίεεονίαο
857 2471 916 2508 cam
933 2471 983 2522 pro
1005 2460 1058 2509 his:
1083 2461 1184 2510 «Omne
1207 2460 1386 2516 frumentum.

294 2536 415 2596 triplicem
432 2535 598 2597 triumphem
617 2536 688 2599 apud
699 2536 820 2587 Pseudo-
856 2533 929 2596 quod
946 2533 1060 2584 efferunt
1081 2535 1138 2584 eius
1158 2533 1293 2586 latitundie
1310 2538 1388 2586 Atri-

296 2607 416 2658 tibullum
434 2608 458 2670 3,
477 2607 502 2668 l,
521 2609 550 2657 8:
571 2610 742 2672 tegminum
753 2611 820 2660 Cer·
857 2621 949 2658 cena.»
984 2609 1033 2658 Od.
1052 2609 1077 2668 3,
1097 2609 1136 2668 ts,
1155 2609 1200 2658 26:
1221 2612 1387 2673 είᾳυᾶαᾳιιίά

295 2682 353 2733 beri
370 2688 460 2744 capum
479 2684 552 2732 Statii
570 2682 660 2734 Silvar.
680 2684 703 2744 l,
717 2686 742 2746 2,
757 2686 817 2736 tel:
856 2687 916 2731 arat
931 2683 1038 2746 impieer
1054 2683 1157 2744 Aemus,
1176 2685 1306 2734 Oeeuuere
1318 2688 1387 2736 meis

293 2759 632 2820 septentqemina--llomu
662 2759 733 2822 Virg.
751 2763 817 2810 Aen.
856 2758 951 2807 dicerer
966 2757 1386 2817 uneu.sat.2,3,87:1²ro-

294 2833 319 2892 6,
329 2833 390 2882 287:
404 2834 613 2896 centumgeminus
623 2833 753 2896 Briareus,
767 2848 819 2884 uon
855 2833 932 2882 menti
948 2837 1071 2894 quantum
1090 2834 1161 2881 metit
1177 2833 1270 2897 Africo.
1306 2835 1386 2887 Hanc

296 2907 417 2956 «centies
434 2906 565 2970 duplex»,
585 2910 615 2956 ut
630 2907 684 2956 volt
701 2909 817 2970 Servius,
855 2908 1019 2970 provinciam
1036 2907 1155 2956 omnium
1171 2921 1224 2956 una
1241 2921 1302 2958 cum
1315 2911 1387 2959 Siri-

294 2981 343 3032 sed
363 2983 568 3042 «centimanus»,
586 2981 627 3031 vel
642 2982 817 3047 «centiceps»
856 2981 889 3032 lla
912 2984 939 3031 et
959 2983 1080 3045 Aegypto
1096 2980 1174 3044 longe
1191 2983 1385 3036 fertilissimam

294 3055 369 3116 Quod
388 3059 478 3105 autem
494 3056 520 3104 in
533 3058 691 3106 contrariam
709 3060 820 3108 senteu-
856 3060 988 3107 memorat
1005 3055 1166 3107 Claudianus
1183 3057 1217 3106 de
1229 3057 1299 3107 bello
1311 3057 1383 3110 Gild.

295 3131 357 3180 liam
375 3130 489 3180 alleruut
504 3130 627 3182 Martialis
639 3131 663 3194 3,
683 3131 724 3194 46,
742 3134 770 3183 8:
789 3135 821 3183 At
856 3132 900 3180 ὅδε
919 3131 999 3192 Libya
1015 3131 1272 3183 etNilio-domiuom
1284 3133 1386 3194 plebem

294 3205 337 3254 tibi
358 3207 521 3270 tergentiuum
540 3207 635 3269 muyiet
659 3209 700 3258 ille
721 3209 817 3270 sophos,
856 3205 1046 3267 bellatoremque
1061 3211 1174 3255 celatim
1191 3207 1315 3257 Clueslbm
1335 3223 1386 3257 ne-

293 3283 400 3346 proprie
423 3295 475 3331 nou
498 3282 538 3331 est
555 3281 605 3332 nisi
623 3287 661 3332 ter
676 3285 816 3346 repetitum.
855 3282 924 3329 sesols
939 3279 1012 3328 clwtt
1027 3284 1051 3329 et
1067 3280 1160 3330 horrea
1174 3281 1302 3343 melae.
1331 3283 1386 3332 Se-

294 3357 456 3418 Ampllssr'mis
483 3353 637 3420 simpliciter
670 3358 818 3421 siguificare
855 3368 922 3406 neca
938 3355 985 3418 Ep.
999 3355 1043 3404 89:
1064 3357 1195 3418 oswusqm
1208 3358 1270 3420 fines
1280 3369 1386 3418 posses-

295 3431 394 3494 uequit.
422 3432 470 3490 Qui
487 3431 521 3480 de
538 3430 632 3495 plausu
645 3431 819 3482 theatraliiu-
854 3432 952 3479 mma
968 3429 1162 3492 propuqubltts?
1185 3432 1251 3494 Ayer
1266 3433 1312 3480 uel
1332 3433 1384 3481 do-

294 3506 430 3568 terpretutl
447 3508 520 3566 suut,
538 3506 683 3558 verborum
698 3509 818 3572 ipsorum
853 3505 931 3565 mino,
960 3504 1003 3564 otei
1024 3504 1146 3565 mulien
1162 3507 1234 3566 cepit,
1258 3511 1384 3569 comunes

296 3576 393 3628 nullam
410 3579 539 3628 rationem
554 3580 715 3632 habueruut.
731 3609 759 3618 -
772 3583 818 3631 lto-
854 3584 897 3628 est.

294 3651 404 3716 norimus]
427 3653 496 3702 Casu
518 3659 605 3716 sexto,
628 3657 665 3706 uti
686 3654 737 3706 Sal.
760 3657 814 3720 lug⁴
888 3655 927 3704 to.
956 3653 1076 3718 venitur]
1102 3655 1165 3704 Post
1185 3655 1382 3706 triturationem

295 3727 341 3779 te:
359 3731 388 3776 ul
404 3739 548 3788 quenque-
559 3754 573 3764 -
582 3731 690 3788 peumlo
711 3737 756 3781 aet
771 3733 817 3782 to-
855 3729 943 3793 scopis
952 3742 985 3778 ex
996 3741 1059 3777 area
1068 3727 1118 3778 sub
1128 3727 1172 3777 dio
1184 3727 1310 3778 collocata
1322 3728 1384 3778 col-

295 3815 356 3850 uere
383 3801 515 3850 semma
550 3802 610 3851 Tac.
640 3805 706 3852 tun.
738 3806 761 3865 l,
787 3806 815 3856 3:
854 3801 942 3866 ligitur
957 3804 985 3851 et
999 3815 1086 3851 vanno
1104 3805 1238 3866 purgatur,
1260 3805 1290 3851 ut
1306 3815 1383 3852 nunc

296 3877 427 3926 Claudium
453 3875 601 3924 Marcellum
624 3877 772 3940 umificotu
796 3886 819 3929 et
855 3875 1098 3942 quoqueltalorum
1111 3890 1170 3927 mos
1186 3879 1235 3926 est.
1265 3878 1384 3927 veracior

296 3951 378 3999 curuli
393 3950 605 4001 aedilitate—M.
624 3951 763 4014 dodonam
773 3967 818 4016 ye-
855 3955 945 4002 autem
966 3949 1121 4015 simpliciter
1140 3951 1192 4001 hoc
1212 3962 1280 4014 opus
1296 3953 1382 4001 rusti-

295 4025 398 4073 mlnutis
412 4025 579 4074 cmsulotlbos
590 4026 687 4075 meld.
714 4026 772 4086 Alii,
790 4030 820 4076 ut
855 4040 917 4076 cum
933 4025 1063 4090 significat
1079 4027 1136 4077 sino
1157 4025 1209 4076 ulla
1226 4024 1381 4088 cupiditatis

297 4097 413 4159 Lilblrer,
431 4112 480 4163 pro
492 4100 580 4151 dativo
593 4101 732 4165 accipiunt,
745 4103 775 4150 ut
786 4102 820 4151 sit
854 4102 975 4160 notione,
1001 4114 1081 4164 quam
1101 4099 1143 4151 alii
1160 4102 1183 4150 ei
1199 4113 1224 4149 v.
1252 4098 1381 4150 obtruso-

299 4174 348 4222 aad
360 4174 500 4225 honores.»
526 4177 589 4239 Ego,
603 4176 724 4240 quamvis
739 4179 816 4239 poeta
854 4178 925 4224 runt.

299 4261 349 4297 non
362 4261 425 4298 usus
434 4250 499 4300 silv.
509 4253 605 4312 efferre,
620 4250 691 4314 quod
700 4253 817 4300 metrum
886 4253 940 4300 lam
958 4250 1151 4314 simplicissima
1163 4250 1229 4300 ratio
1241 4252 1290 4307 est,
1310 4251 1339 4297 ut
1351 4250 1379 4296 in
