2934 4884
665 339 791 388 nonnul
812 337 980 390 clamitent

619 497 709 561 Luna
731 495 883 560 minores.

495 654 604 720 Gentis
627 653 787 719 humanae
809 663 901 739 pater
923 663 1019 740 atque
1042 661 1151 718 custos

496 777 574 841 Orte
596 775 750 851 Saturno,
774 773 830 841 tibi
853 795 932 842 cura
952 775 1058 862 magni

495 897 642 964 Caesaris
664 895 736 962 latis
758 895 846 963 data:
871 906 903 961 tu
927 895 1071 964 secundo

623 1019 764 1085 Caesare
787 1039 913 1106 regnes.

495 1167 565 1243 ille,
589 1189 648 1233 seu
671 1167 806 1234 Parthos
828 1167 918 1234 Latio
940 1166 1141 1232 imminentes

493 1289 600 1376 Egerit
620 1287 704 1354 iusto
727 1288 865 1355 domitos
888 1286 1066 1376 triumpho,

314 1605 355 1653 tl.
376 1603 412 1650 al
429 1600 488 1650 latis
506 1597 685 1668 (εἱμαρμένῃ)
702 1597 750 1648 tibi
762 1611 808 1647 eu·
844 1599 951 1648 omnino
968 1609 1021 1648 non
1036 1599 1262 1662 persentisonmus
1280 1613 1369 1663 neque

284 1677 369 1730 stedia
392 1673 515 1725 Caesaris
538 1673 682 1723 commissa
698 1675 753 1723 est:
778 1675 807 1722 tu
844 1671 878 1722 ab
897 1685 929 1722 ea
946 1671 1148 1724 abhorreamus.
1167 1674 1212 1724 llis
1224 1687 1256 1723 uc
1272 1673 1371 1724 talibus

283 1754 318 1802 ita
341 1761 418 1812 regas
442 1747 586 1806 mundum,
613 1751 752 1810 optamus,
779 1747 809 1796 ut
843 1750 933 1798 tamen
951 1746 1031 1798 veluti
1048 1746 1176 1811 praelusit
1186 1746 1308 1800 Plinienis
1320 1747 1372 1800 illis

283 1827 387 1892 postte
405 1821 447 1872 ille
464 1821 599 1872 secundus
615 1823 649 1872 sii
665 1821 739 1872 orbis
756 1824 809 1870 ter-
845 1823 941 1884 Paneg.
959 1821 988 1872 l:
1018 1821 1098 1884 Saepe
1117 1835 1162 1886 ego
1177 1836 1275 1872 mecien
1293 1825 1320 1874 P.
1340 1825 1368 1875 C.

282 1913 374 1951 rarum
391 1900 504 1949 rector.»
523 1896 671 1947 Ovidfllet.
686 1899 727 1957 lb,
740 1897 806 1946 858:
844 1897 934 1945 tecum
950 1897 1063 1959 egibert,
1082 1897 1182 1957 eudem
1199 1903 1372 1959 utamurque

283 1976 395 2037 twpuer
410 1986 482 2024 waes
499 1973 629 2034 Temperat
642 1971 770 2021 ortlewus
786 1975 809 2020 et
844 1983 894 2020 esse
910 1976 1044 2033 oporteret,
1063 1972 1133 2020 utiru
1149 1973 1244 2022 dicione
1258 1978 1373 2035 nutuque

283 2051 371 2101 muudi
393 2061 474 2110 regno
499 2047 635 2109 tisonuir:
662 2047 741 2096 terro
764 2045 809 2094 rub
844 2046 929 2094 nuria
946 2051 1041 2106 wirae,
1059 2059 1116 2106 pun
1132 2045 1196 2096 belle
1212 2053 1370 2110 regerertur,

284 2124 407 2188 Auguste:
421 2127 498 2184 peter
513 2126 548 2170 est
563 2126 587 2171 et
602 2126 685 2172 rector
694 2126 806 2182 mrqrte.
845 2132 901 2168 cum
912 2120 1007 2170 tertereo
1016 2121 1119 2182 Maeuii
1129 2121 1298 2183 [manutere
1307 2121 1372 2170 miti

283 2197 429 2250 Archelaus
446 2197 473 2245 in
488 2196 567 2246 Anth.
586 2194 639 2246 Pal.
657 2197 688 2246 ll.
707 2209 735 2259 p.
749 2195 806 2244 eet.
842 2194 990 2257 reinduero,
1008 2207 1080 2256 quem
1096 2196 1374 2256 eequewdutrrmror-

284 2271 434 2322 Alexnndro
454 2271 488 2322 ll.
511 2270 579 2321 baec
599 2269 683 2321 verba
699 2269 807 2318 tribuit:
845 2270 1370 2332 tulttruooteetusdeteret,nuoquemvoto

284 2346 343 2397 Γᾶν
367 2342 413 2397 ὑπ’
437 2345 504 2410 ἐμοὶ
525 2346 653 2410 τίθεμαι,
677 2341 747 2406 Ζεῦ,
771 2341 808 2394 orl
845 2346 932 2394 setim
958 2345 1086 2406 occepere
1113 2346 1238 2394 uerunt
1264 2346 1373 2396 similem

283 2419 307 2471 δ’
318 2415 471 2485 Ὄλυμπον
487 2412 546 2478 ἔχε.
845 2420 910 2482 huie,
929 2433 1002 2482 ouem
1016 2420 1135 2470 videuua
1156 2446 1183 2456 -
1196 2420 1287 2484 lotum]
1307 2433 1375 2469 uva-

317 2496 359 2547 al.
390 2495 587 2558 «triumphans
606 2496 667 2544 ante
685 2507 715 2543 se
733 2493 810 2556 egerit
846 2497 941 2554 stum»,
954 2495 1130 2553 immensum
1143 2495 1230 2558 aptius
1241 2495 1268 2544 h.
1282 2492 1298 2544 Ι.
1312 2493 1375 2545 ἐπὶ·

285 2572 430 2634 captivos.»
459 2570 540 2618 leutio
559 2570 650 2617 autem
671 2568 811 2630 trtieuptus
848 2567 933 2618 θετον
958 2580 1040 2630 quam
1061 2569 1166 2630 lection,
1194 2568 1266 2632 quod
1286 2567 1376 2631 expli-

285 2659 319 2694 ει
331 2641 504 2693 formularum
513 2655 638 2692 sermone
651 2641 808 2704 «legitimus,
847 2645 919 2692 cant:
948 2656 1000 2692 «eo
1026 2643 1083 2706 ipso
1109 2641 1221 2703 laetum,
1246 2644 1318 2708 quod
1341 2646 1373 2694 tu

286 2719 428 2768 meritus.»
464 2717 517 2766 Cir.
536 2715 670 2768 Markland
693 2716 728 2765 ad
745 2719 808 2766 stat.
848 2731 910 2768 euni
926 2719 996 2780 regis
1007 2729 1039 2766 ao
1051 2718 1210 2780 gubernas.»
1225 2746 1253 2754 -
1266 2720 1373 2783 aequus]

286 2792 347 2842 Silv.
368 2793 391 2851 l,
410 2791 434 2851 l,
453 2790 494 2841 at.
530 2793 616 2850 Quare
637 2791 689 2841 hoc
709 2787 810 2860 κύριον
847 2795 904 2842 Νοιι
929 2794 985 2842 tuni
1011 2793 1191 2856 «propitius»,
1221 2795 1251 2842 ut
1275 2793 1375 2844 dicitur

286 2880 311 2915 v.
325 2864 563 2928 nolimexplicarc:
583 2878 656 2928 «quo
672 2866 811 2916 vindicen-
846 2869 902 2916 love
926 2881 1023 2929 eeqato,
1053 2880 1135 2930 quam
1162 2869 1266 2918 «iustus
1291 2869 1372 2919 simul

287 2942 330 2990 tur
341 2941 450 2990 iniuriae
467 2939 501 2990 ab
519 2940 551 2990 iis
569 2940 681 3003 imperio
692 2942 811 2991 Romano
848 2945 927 3005 utque
945 2941 1089 2992 clemens.»

193 3007 198 3016 ’
288 3013 405 3064 illatae.»
881 3017 921 3067 ὃὸ.
951 3017 1038 3080 grecie
1059 3029 1150 3066 remu
1171 3019 1213 3068 est
1228 3017 1306 3078 lovis,
1323 3016 1374 3068 ubi

319 3090 360 3139 55.
379 3089 420 3138 56.
450 3087 520 3151 erue]
539 3088 581 3137 Sic
598 3089 694 3146 nostri,
717 3102 812 3140 ornnes
849 3091 968 3141 fulminat
985 3093 1108 3142 attonat.
1140 3093 1237 3142 Contra
1258 3105 1307 3155 per
1324 3106 1375 3143 su-

289 3163 398 3226 Cruquii
415 3162 443 3211 et
458 3161 576 3221 Bentleii,
602 3163 646 3226 qui
669 3162 704 3212 ob
721 3178 813 3212 κακο-
849 3166 926 3216 dum:
952 3167 1063 3228 Iuppter
1081 3167 1134 3228 ipre
1155 3167 1202 3217 leot
1221 3173 1375 3230 extruitur

289 3240 401 3300 φωνίαν
418 3236 591 3300 reprehendit
607 3235 730 3287 Aldinum
750 3237 813 3288 illud
848 3240 938 3290 tuente
954 3253 1040 3290 cum.
1065 3239 1157 3292 Tibull.
1176 3241 1201 3302 l,
1221 3241 1243 3290 l.
1264 3241 1319 3292 tto.

290 3315 341 3363 oris
367 3315 484 3363 incertae
512 3312 685 3372 auctoritatis,
719 3311 813 3363 collato
883 3314 923 3363 te.
947 3314 1049 3378 porum]
1075 3328 1124 3378 pro
1148 3318 1286 3379 negatione
1310 3329 1374 3380 gra-

281 3385 341 3438 ud.
361 3386 476 3450 utut.
492 3386 616 3450 -Seresl
635 3386 813 3448 subiacentes
850 3391 923 3439 viore
947 3390 973 3439 n.
997 3388 1014 3439 l.
1040 3389 1122 3439 habet
1141 3391 1217 3440 Hand
1235 3391 1308 3441 Turs.
1328 3392 1371 3440 IV.

293 3463 442 3513 habitantes
453 3461 488 3513 ad
498 3461 605 3513 ultimas
617 3463 729 3514 Orientis
741 3475 814 3524 oras;
851 3478 878 3529 p.
897 3464 954 3515 illo.
976 3491 1003 3500 -
1024 3465 1107 3528 castis]
1133 3463 1265 3529 religionis
1289 3477 1374 3516 roen-

294 3536 444 3586 iucolebant
468 3543 558 3589 autem
583 3538 741 3588 Bucharium
769 3539 818 3588 mi-
851 3538 956 3590 bulum:
983 3543 1079 3588 costum
1101 3540 1198 3590 Cereris
1215 3553 1265 3602 pro
1288 3553 1371 3589 suero.

292 3623 395 3660 norem.
424 3610 474 3660 vid
491 3613 534 3661 ad.
553 3613 602 3662 0d,
620 3613 645 3673 3,
664 3613 705 3673 29,
724 3615 765 3663 27.
787 3641 814 3650 —
852 3615 944 3664 Festus
962 3614 988 3662 in
1004 3627 1030 3662 v.
1048 3615 1180 3664 Minuitur.
1203 3616 1374 3676 barcinonem

290 3683 371 3746 turios]
389 3683 440 3733 vid
457 3684 499 3734 ud.
519 3686 567 3736 Od.
587 3687 611 3747 l,
631 3687 672 3749 tt,
690 3687 731 3739 ii.
851 3689 913 3738 costi
930 3690 992 3738 sunt
1007 3686 1041 3737 ab
1058 3689 1145 3752 impiis
1157 3687 1248 3752 polluti
1259 3701 1291 3740 ac
1309 3703 1374 3752 pro-

324 3758 365 3806 at.
385 3756 517 3821 Temnor]
536 3773 660 3823 «semper
668 3775 816 3826 agnoscens
852 3763 931 3813 lanati
947 3761 1050 3812 incestu
1068 3765 1094 3812 ct
1111 3763 1268 3814 homicidiis.
1294 3763 1374 3814 Teste

292 3844 322 3882 se
347 3829 396 3879 tibi
420 3830 571 3882 interiorem
598 3846 659 3884 esse
687 3840 815 3900 tuamque
851 3840 954 3888 Acrone
989 3849 1022 3886 ex
1050 3834 1179 3888 librorum
1209 3835 1374 3900 auguraliunr

292 3902 403 3956 tutelam
430 3905 481 3956 sibi
509 3909 719 3959 necessariam.»
766 3910 813 3961 Od.
851 3911 970 3962 doctrina
998 3909 1051 3960 luci
1079 3913 1181 3962 nonnisi
1215 3910 1306 3976 polluti
1339 3910 1374 3961 de

292 3979 317 4040 3,
344 3979 369 4040 6,
396 3982 426 4030 5:
453 3981 576 4042 imaeue,
599 3983 638 4033 dit
656 3988 680 4034 te
694 3985 817 4036 mitterem
852 3984 926 4038 caelo
955 3985 1138 4047 tangebantur.
1183 3985 1259 4038 Tales
1283 3987 1374 4036 auum

293 4055 360 4116 qued
382 4055 461 4118 geris,
487 4055 605 4117 ιήιρσνω.
634 4085 662 4094 -
685 4060 747 4122 lpse
769 4057 816 4108 ἐν-
851 4060 903 4112 luci
921 4059 1127 4124 expiabantura
1144 4061 1277 4112 Fratribus
1293 4062 1376 4111 Arra-

293 4123 609 4195 tonetwuogpoeticus
622 4131 713 4193 elficit,
732 4132 814 4183 inme
853 4133 930 4186 libus.
961 4136 1014 4186 Cir.
1033 4137 1125 4188 llarini
1141 4137 1191 4188 Atti
1209 4137 1268 4188 loe.
1287 4135 1327 4187 ta.
1346 4147 1372 4198 p.

295 4202 402 4264 saltem,
437 4208 467 4255 ut
493 4203 672 4259 adulationem
699 4207 743 4259 vix
771 4211 817 4258 aut
854 4208 973 4261 enivu:
1005 4211 1075 4273 Quod
1095 4212 1121 4260 ot
1149 4212 1297 4275 terenutetu
1323 4212 1376 4260 icto
