2934 4884
670 347 800 398 nostrii
817 347 946 398 EPODON

478 502 607 573 Othone
629 511 814 590 contempto
837 501 946 569 sedet!

434 624 520 705 Quid
543 625 655 692 attinet
675 633 722 690 tot
744 644 802 690 ora
825 622 954 690 navium
977 623 1066 709 gravi

479 748 627 812 Rostrata
648 745 724 812 duci
746 742 892 832 pondere

437 868 555 934 Contra
575 866 718 934 latrones
740 876 839 953 atque
861 863 1013 930 servilem
1035 885 1164 930 monum

478 991 560 1064 Hoc,
584 989 647 1054 hoc
670 985 799 1054 tribuno
820 984 981 1052 militumi
1316 984 1358 1049 20

332 1198 372 1248 47.
390 1198 448 1263 oro]
466 1209 531 1248 aero
547 1194 664 1246 malebat
680 1192 823 1246 Bentleius.

266 1372 377 1438 poribus
393 1372 492 1422 tribuni
508 1371 622 1422 militum
636 1370 793 1435 angusticla·
830 1369 973 1420 damnatus
995 1370 1080 1430 esset,
1103 1370 1147 1420 cui
1163 1369 1237 1433 apud
1254 1371 1360 1420 exerci-

266 1448 302 1498 vii
326 1449 353 1498 in
374 1447 496 1497 ordinem
516 1449 671 1510 equestrem
688 1445 793 1496 adscri-
829 1446 887 1494 tum
905 1444 1063 1507 ignominiae
1081 1456 1162 1494 causa
1178 1443 1247 1494 ordo
1264 1444 1358 1495 adem·

265 1521 409 1572 bebsntur.
444 1520 498 1571 Clr.
516 1523 679 1584 interpretes
697 1519 733 1569 ad
748 1521 793 1569 lu·
829 1519 890 1582 ptus
908 1519 992 1578 esset,
1016 1519 1061 1581 qni
1078 1529 1194 1580 corpore
1212 1521 1356 1581 quaestum

266 1609 329 1646 ven.
342 1595 373 1656 7,
385 1595 426 1644 89.
445 1596 554 1645 sueton.
567 1595 626 1644 Oth.
640 1595 681 1644 44.
698 1595 792 1657 ltaque
829 1589 1025 1641 lenociniumve
1043 1591 1123 1654 quive
1141 1590 1297 1642 lanistarum
1313 1605 1358 1640 ar·

265 1667 792 1732 hocaequevolerepotemtetdevedio
830 1667 918 1714 tenve
951 1663 1082 1715 ludicram
1115 1664 1254 1724 laceret;»
1288 1679 1357 1728 quiue

265 1742 791 1807 succinctione-orionecomcnpto]
831 1737 914 1788 verba
933 1741 996 1790 sunt
1012 1739 1183 1802 Marquardtli
1194 1739 1257 1788 44444.
1271 1740 1356 1800 444444.

266 1819 295 1867 L.
306 1816 494 1867 llosclusOtho
506 1816 567 1866 tn'b.
577 1815 613 1881 pl.
624 1831 649 1866 4.
660 1830 687 1868 u.
698 1830 721 1867 c.
733 1818 790 1868 687.
829 1817 898 1866 liom.
917 1829 945 1880 p.
964 1817 1005 1866 48.
1041 1816 1094 1867 Cir.
1117 1817 1214 1880 Zumpt
1234 1815 1299 1866 44444
1319 1817 1357 1865 clio

265 1889 353 1954 legem
370 1888 441 1950 tulit,
461 1891 793 1955 nequisinquattnordo-
829 1892 899 1942 44444.
929 1892 1015 1942 litter.
1040 1889 1107 1940 liert.
1131 1889 1254 1939 44444444.
1282 1890 1354 1942 4839.

266 1967 320 2017 cim
331 1964 457 2028 gradibus
466 1966 635 2026 orchestrae,
648 1966 739 2030 innuo
752 1979 794 2016 se·
829 1978 890 2029 pag.
910 1965 950 2015 94.

266 2042 374 2091 natores
382 2037 522 2099 sedebant,
535 2040 663 2104 proximis
673 2041 791 2102 sederet,
863 2039 966 2090 it-ao.
991 2037 1227 2102 στα-4444444444]
1255 2041 1356 2089 «rosim

270 2115 321 2165 nisi
344 2116 390 2177 qui
414 2126 499 2177 eques
519 2115 547 2164 et
568 2115 687 2178 equestri
709 2127 793 2166 censu
829 2115 980 2164 lunarium
997 2115 1110 2178 proris.»
1129 2113 1356 2164 Etsislneexem-

267 2189 349 2240 esset.
374 2189 431 2238 lloc
448 2201 512 2251 ergo
523 2188 598 2239 dicit:
618 2189 733 2240 «Vedius
744 2203 793 2254 por
828 2186 871 2253 plo
899 2187 1002 2238 dictum
1029 2187 1147 2247 videtur,
1184 2200 1239 2237 non
1266 2189 1354 2237 tumen

266 2264 448 2314 facinorosus
464 2263 533 2313 adeo
550 2263 604 2314 ism
620 2262 793 2314 (4444444444
827 2264 971 2326 propterea
1000 2261 1158 2312 mutandum
1183 2273 1247 2311 cum
1273 2263 1356 2312 Sana-

266 2337 323 2398 est‚
341 2338 372 2386 ut
387 2335 463 2386 tuelle
480 2337 565 2401 possit
581 2336 713 2387 Othonem
724 2339 794 2388 eius-
829 2336 900 2386 dono
923 2337 949 2386 in
969 2341 1055 2386 rostro
1065 2361 1080 2372 -
1090 2336 1212 2385 -Aorcto
1227 2334 1270 2386 vel
1293 2347 1353 2385 cum

266 2423 320 2474 que
337 2407 425 2473 legem
435 2414 604 2473 contenmere,
623 2411 650 2462 id
667 2413 721 2471 est,
740 2411 793 2462 mi·
828 2409 948 2462 Bentleio
964 2410 991 2459 in
1007 2408 1115 2472 volgare
1131 2407 1194 2459 illud
1210 2422 1287 2459 cero:
1306 2423 1354 2459 neo

266 2485 338 2534 nime
356 2497 450 2534 curare
468 2496 519 2535 nec
536 2487 671 2547 metuero,
694 2499 729 2536 ne
746 2499 793 2535 co-
829 2495 893 2534 vero
910 2484 967 2534 sine
984 2495 1065 2534 causa
1076 2483 1169 2534 Bosius
1181 2495 1241 2546 pag.
1255 2482 1296 2534 47.
1309 2482 1355 2532 du-

265 2559 382 2621 gnitione
408 2558 443 2608 tle
467 2560 523 2610 suis
546 2560 658 2611 tortunls
675 2561 792 2610 lnstituta
829 2557 910 2620 bitot,
931 2569 995 2608 num
1012 2569 1077 2606 ocra
1093 2562 1207 2607 rostrata
1223 2558 1288 2608 satis
1304 2559 1354 2608 La-

266 2634 356 2684 minus
384 2646 467 2697 quam
495 2634 591 2684 CCCC.
610 2631 681 2685 milla
710 2635 742 2684 ll.
764 2636 790 2684 S.
829 2632 882 2682 tine
905 2631 957 2682 dici
979 2632 1095 2696 possint,
1121 2633 1266 2696 propterea
1283 2632 1354 2696 quod
1447 2633 1448 2636 ’

265 2706 405 2771 possidere
421 2709 637 2772 reperiatur.»-
625 2709 793 2759 «Contemnit
828 2719 871 2756 oea
894 2719 943 2770 pro
969 2707 1029 2771 ipso
1054 2707 1141 2756 rostro
1166 2709 1299 2771 ponetur¹
1326 2709 1353 2756 ut

265 2793 315 2830 sua
333 2793 395 2830 cnm
412 2779 470 2842 lege
488 2780 632 2841 Othonem,
660 2783 706 2845 qui
727 2780 790 2832 nihil
828 2784 893 2833 Aen.
910 2781 940 2841 4,
960 2780 1007 2832 39:
1025 2793 1128 2842 specim
1143 2779 1204 2830 sotis
1219 2793 1279 2831 cers
1294 2793 1353 2831 4444-

266 2855 358 2904 contra
385 2851 457 2903 illam
482 2853 597 2904 admisit.
623 2855 715 2904 luven.
740 2847 789 2918 4,0
828 2855 897 2906 boot.
925 2853 978 2904 Cir.
997 2854 1075 2904 Diod.
1094 2855 1144 2904 Sic.
1164 2853 1211 2915 43,
1229 2853 1275 2904 to:
1294 2859 1352 2917 τοῖς

267 2926 324 2976 443
350 2926 384 2976 de
411 2927 553 2978 Cicerone:
579 2928 670 2979 44444444
693 2894 792 2994 plodioi
828 2925 957 2994 στόμασι
973 2924 1227 2994 τῶνέμβόλωνμ-
1200 2931 1353 2992 -prooin

262 3001 346 3062 potuit
360 3005 526 3063 contenmere,
548 3004 571 3052 44·
587 3003 623 3052 sic
640 3003 732 3054 04444444
751 3006 792 3055 44-
823 3003 946 3067 pondere]
969 3002 1029 3053 ob·
1021 3015 1109 3068 ipsam
1126 3005 1235 3054 navium
1253 3005 1354 3068 magni-

264 3075 349 3125 cissot.
369 3076 449 3125 Tacit.
462 3078 530 3128 Ann.
544 3078 574 3140 4,
593 3077 639 3129 at:
658 3086 729 3130 4444-
742 3081 792 3129 Ur·
828 3077 1005 3128 tudinem-
978 3077 1175 3142 -44444444444
1162 3077 1248 3137 «Quid
1271 3079 1353 3142 prod-

264 3152 793 3216 polooioootempcrooit‚iodommncce·
829 3153 870 3202 est
894 3151 992 3202 armari
1018 3149 1133 3203 classem
1153 3152 1188 3202 ab
1212 3153 1352 3204 Octaviam

265 3229 333 3278 44444
350 3233 433 3290 spreto
455 3229 542 3279 4444444
564 3228 635 3292 (nihil
658 3243 721 3280 eum
742 3243 792 3281 cu·
828 3224 1068 3289 contraiugiilvos,
1088 3227 1351 3290 quosarmavitsex.

265 3303 337 3363 rans)
352 3305 597 3353 vecto.»Gssnsnus.
616 3302 791 3354 Aliametiam
827 3301 984 3364 Pompeius,
1003 3301 1025 3350 sl
1042 3299 1155 3360 Vedius,
1174 3299 1238 3351 olim
1259 3313 1352 3352 sertus

265 3389 381 3439 eamque
411 3376 602 3441 simpliciorem
630 3379 791 3443 interpreta—
827 3387 860 3424 ac
877 3371 959 3434 latro,
982 3371 1104 3424 tribuims
1122 3387 1194 3425 nunc
1211 3374 1299 3426 lactus
1314 3377 1353 3425 est

264 3452 365 3501 tionem
382 3450 466 3502 verbs
483 3452 576 3502 04444444
591 3458 729 3515 contenpto
746 3454 791 3504 cd·
827 3446 940 3498 militum
969 3448 997 3496 et
1029 3445 1123 3500 classis
1156 3448 1351 3512 praefectust»

264 3526 380 3585 mittunt,
396 3531 477 3576 «eretz
487 3528 544 3576 dom
554 3527 641 3578 Germ
651 3528 789 3590 44404404,
827 3523 918 3572 Scuou.
950 3518 1042 3571 Florus
1058 3519 1088 3583 4,
1101 3520 1127 3582 8,
1139 3521 1169 3570 44
1190 3522 1260 3584 (Sex.
1273 3523 1351 3573 Pom·

264 3598 311 3649 ubi
321 3599 452 3662 (luvenole
461 3603 615 3665 contempto
623 3602 788 3666 3454433.)
826 3595 915 3661 peius)
945 3595 966 3644 ⁰
989 3607 1067 3656 4444444
1092 3595 1205 3645 &vm
1227 3599 1349 3659 (44444444

264 3675 405 3733 statueris,
431 3673 490 3738 lege
515 3676 609 3725 Roscio
632 3675 660 3725 id
680 3688 788 3740 quoque
825 3671 869 3720 lile
893 3669 984 3720 04444444
1008 3669 1178 3720 aestiment:
1207 3670 1247 3720 lic
1272 3683 1350 3722 44444444

265 3751 373 3798 cautum
385 3748 479 3809 inisse,
494 3740 543 3799 «ne
554 3750 580 3798 in
592 3750 658 3802 xlv.
670 3749 787 3812 sederet,
822 3745 925 3807 44444444
939 3743 1043 3794 amicho
1059 3743 1182 3808 44444444.
1211 3743 1350 3794 44414444-

265 3822 310 3884 qui
335 3834 424 3885 neque
450 3823 580 3886 ingennus
605 3836 693 3886 neque
723 3825 788 3875 civis
826 3817 889 3868 dem
916 3819 1014 3868 Lucon.
1035 3818 1061 3876 ⁴,
1089 3816 1134 3868 43²
1163 3819 1267 3870 44444444
1290 3817 1350 3870 Mic

264 3900 338 3947 esset
348 3898 495 3958 Romanus,
515 3898 559 3961 qni
572 3898 669 3948 iudicio
680 3897 788 3962 publico
825 3891 870 3940 444
886 3891 974 3942 leno.

695 4139 913 4150 —n—-nn——a--n

695 4153 913 4162 m..-
