2934 4884
522 318 581 367 titt.
601 318 632 368 ll.
668 320 697 367 C.
718 320 770 370 Vllr

340 470 422 547 Quis
446 481 476 535 te
499 471 667 539 redonavit
686 474 844 552 Quiritem

381 591 438 656 Dis
461 592 573 677 patriis
595 592 741 681 ltaloque
762 594 869 669 eaelo,

298 749 431 834 Pompei
453 769 601 815 meorum
622 750 725 837 prime
749 750 935 817 sodalium?

295 868 377 933 Cum
399 890 466 955 quo
487 882 666 937 morantem
689 892 789 958 saepe
812 872 898 939 diem
922 896 1010 941 mero

340 991 433 1077 Fregi
455 1000 627 1055 coronatus
650 992 787 1057 nitentes

383 1108 582 1176 llalobatbro
604 1110 701 1198 Syrio
722 1110 866 1199 capillos.

298 1271 416 1333 Tecum
438 1266 603 1354 Philippos
625 1280 658 1334 et
678 1268 819 1336 celerem
843 1270 948 1358 lugam

193 1471 215 1517 3.
236 1470 363 1531 οιιὲιιιιιιιι
379 1468 509 1519 Heinsius.
526 1494 553 1503 —
566 1470 590 1518 t·
602 1468 708 1530 Pompili
724 1467 752 1529 b,
771 1470 856 1531 Pooipt
874 1470 940 1519 BTd.
959 1499 979 1505 ψ
998 1471 1021 1520 7.
1036 1475 1134 1525 attentis
1151 1478 1178 1527 T.

131 1636 234 1698 auoque
251 1632 365 1684 formum
380 1636 521 1698 pmeoonu
537 1606 653 1685 mione
688 1634 729 1695 ai,
750 1636 789 1685 u.
809 1648 883 1685 merx
898 1638 975 1699 syra.
994 1638 1041 1688 ou.
1058 1640 1087 1701 a,
1107 1642 1151 1702 ιι,
1171 1643 1211 1693 rs.

131 1708 201 1759 ribus
223 1708 355 1758 indictivis
377 1708 448 1772 apud
465 1709 573 1759 Festum
588 1722 650 1773 pag.
688 1710 784 1759 nardus
808 1709 920 1771 Assyria.
964 1715 1040 1777 Prop.
1069 1715 1096 1775 l,
1124 1716 1154 1775 2,
1182 1717 1211 1767 3:

131 1784 185 1831 ati.
202 1782 296 1832 Lind.:
315 1783 384 1831 Oltus
401 1783 486 1844 Quiris
501 1784 549 1831 loto
566 1784 649 1833 dotus.
689 1784 955 1845 ornum-mmmm.
976 1785 1121 1838 Philodem.
1134 1790 1211 1839 anth.

131 1858 237 1919 Propter
247 1858 334 1920 ipsam
346 1854 497 1907 facilitatem
507 1856 651 1906 reiieienda
689 1855 741 1906 Pal.
751 1859 781 1907 ll.
792 1857 852 1907 329:
866 1856 997 1928 σμύρναν
1009 1853 1085 1918 ἔχειν
1097 1862 1211 1931 Συρίην.

132 1934 169 1979 est
185 1931 286 1981 tieinsii
301 1932 381 1980 coni:
397 1932 525 1992 Qniritorn
539 1932 595 1981 De.
689 1930 774 1980 Aliam
791 1931 869 1981 huius
886 1934 1000 1983 nominis
1015 1934 1161 1998 explicandi
1174 1950 1215 1987 ra—

161 2003 183 2054 i,
211 2005 260 2053 be
282 2004 381 2068 putetis]
410 2005 513 2068 imperii
541 2004 652 2055 Romani
689 2005 788 2054 tionem
801 2006 857 2055 iniit
868 2004 1056 2068 Sebroeterus‚
1070 2009 1144 2058 cuius
1154 2022 1214 2059 seu-

133 2078 280 2138 Penatibus,
299 2079 345 2140 qui
362 2080 452 2128 tamen
469 2076 547 2128 simul
564 2079 653 2141 singu·
688 2079 798 2127 tentiam
811 2078 996 2129 exhibebimus
1011 2080 1036 2129 in
1049 2082 1167 2131 Excursu
1179 2083 1214 2135 ad

131 2150 167 2201 los
190 2153 265 2203 cives
290 2154 407 2202 tuentur.
452 2153 523 2215 Virg.
550 2154 595 2202 Ge.
625 2154 649 2212 t,
688 2151 781 2211 ΟΜ,
801 2151 846 2211 ll,
867 2152 898 2200 tu
913 2165 953 2215 sq.
976 2180 1002 2188 -
1021 2154 1062 2202 Ad
1073 2168 1098 2203 v.
1111 2156 1214 2205 ιιιοιιιοι

131 2225 189 2276 itt:
210 2228 246 2276 nt
259 2228 357 2289 potiti,
374 2228 496 2290 lauturus
510 2232 535 2276 et
549 2227 652 2277 Romule
689 2226 736 2274 cir.
750 2224 839 2288 Eurip.
854 2224 927 2287 Cyel.
942 2227 1002 2275 sot:
1018 2222 1213 2297 μυρόχριστος

134 2301 248 2361 testaque
272 2305 362 2351 muter.
392 2325 419 2337 -
440 2300 560 2364 Italoque]
583 2300 648 2350 Nota
687 2293 810 2367 λιπαρὸν
834 2294 1009 2369 βόστρυχον.
1031 2327 1058 2337 -
1086 2303 1212 2353 Ceterum

131 2372 240 2423 litteram
266 2375 276 2422 i
300 2373 328 2423 h.
353 2372 371 2423 l.
395 2373 517 2435 brevem,
535 2373 597 2423 abbi
616 2375 648 2437 (ι,
688 2386 750 2424 cum
759 2372 915 2436 metaphora
934 2372 975 2423 illa
986 2374 1213 2437 bepidtemeom-

132 2448 173 2508 u,
195 2448 236 2497 48.
263 2448 295 2507 3,
320 2448 366 2507 30,
391 2447 430 2497 43.
449 2446 480 2509 l,
504 2447 534 2509 i,
559 2447 600 2499 ta.
618 2448 648 2508 l,
686 2460 783 2513 parare
810 2446 881 2495 iuvat
904 2448 1020 2499 comicas
1045 2446 1102 2500 illus
1131 2447 1212 2499 Plauti

132 2522 172 2580 u,
190 2522 241 2583 ⁴3.)
259 2519 375 2583 longum.
687 2522 759 2573 Asin.
770 2522 794 2581 ι,
810 2522 834 2581 ι,
851 2522 895 2570 25:
915 2522 988 2583 banc,
1000 2536 1102 2583 -quae
1112 2524 1214 2587 bouem

159 2597 182 2645 5.
204 2595 298 2659 prone]
324 2596 430 2647 Poetioa
453 2596 519 2644 ratio
545 2595 648 2655 suadet,
687 2598 782 2647 taceret
800 2596 873 2657 diem,
887 2598 1030 2659 otiloni,
1044 2600 1067 2659 2,
1082 2598 1127 2651 l3:
1147 2600 1211 2649 bunc

131 2674 156 2717 ut
173 2671 287 2731 primm
307 2670 513 2733 interpretemur
534 2669 651 2733 «prima·
687 2670 863 2721 eoruboromus
879 2670 952 2731 dien,
971 2672 1096 2735 potando.

131 2744 207 2803 rium,
236 2744 449 2807 praecipuum·;
478 2756 545 2793 non:
577 2755 650 2807 «qno
720 2745 745 2793 s.
763 2744 894 2807 Philippos]
913 2743 989 2794 Redit
1006 2746 1212 2797 adsenteutium

131 2814 275 2868 diubssime
297 2830 363 2867 usus
385 2828 448 2866 sum
469 2816 531 2865 inde
550 2830 566 2867 a
582 2830 651 2881 pue·
687 2832 713 2867 v.
734 2820 772 2876 t.,
797 2828 884 2880 noque
902 2831 966 2867 vero
988 2818 1070 2879 haee,
1095 2821 1125 2868 ut
1144 2832 1212 2869 nou-

131 2891 211 2940 ritia.»
687 2889 751 2941 nulli
769 2892 817 2940 ruti
835 2893 910 2951 sunl,
934 2894 1106 2956 opponuntur
1122 2896 1211 2955 gratae

159 2965 214 3015 6-8.
231 2962 382 3026 moranum]
402 2962 504 3023 «diem,
530 2964 576 3027 qui
601 2964 651 3013 nisi
687 2962 872 3015 consuetudini
885 2965 909 3013 in
923 2964 1067 3028 praecedo.
1081 2980 1124 3015 vv.
1135 2966 1213 3029 signi-

131 3052 179 3088 uua
207 3038 287 3101 genio
321 3036 540 3098 monuissemus,
573 3038 651 3088 nimis
688 3040 791 3088 flcaue.
820 3040 888 3087 Cum
905 3037 955 3087 sub
974 3038 1056 3088 tinem
1074 3040 1135 3089 anni
1153 3040 1210 3089 lli.

130 3109 218 3175 longiis
247 3110 326 3161 nobis
353 3112 426 3163 visits
456 3112 541 3170 esset,
569 3111 650 3175 srepi,
688 3109 851 3162 debellatum
869 3114 941 3161 esset
952 3112 986 3161 ad
998 3110 1139 3177 Philippos,
1158 3114 1213 3163 ine-

130 3185 278 3236 breviorem
295 3184 412 3246 reddidi,
432 3198 531 3235 corona
545 3183 652 3235 redimi-
688 3188 752 3235 unte
770 3198 794 3233 a.
817 3184 874 3233 7⁴3.
899 3185 1021 3235 Horatius
1047 3186 1073 3235 in
1098 3188 1212 3249 patriam

131 3262 169 3309 tm
193 3261 299 3311 circum
323 3258 432 3325 capillos
453 3261 548 3309 unetos
569 3260 652 3308 mato-
688 3259 775 3309 rediit.
793 3256 954 3309 Persidieuta
966 3259 1007 3307 est
1017 3260 1117 3317 autem,
1131 3272 1212 3321 ιιιιιιιι

131 3333 226 3395 butiro,
263 3331 323 3383 oleo
357 3346 484 3397 expresso
518 3347 550 3383 ex
584 3332 652 3383 loliis
689 3346 775 3396 nuper
803 3329 912 3395 quidam
940 3343 989 3393 pro
1017 3344 1080 3379 vera
1109 3330 1210 3395 hebuit,

131 3408 226 3459 laurus
244 3407 358 3457 cassiae.
393 3406 512 3457 Verbum
530 3407 652 3458 Latinum
689 3406 805 3457 narratio
816 3406 842 3455 in
852 3404 950 3455 Horatii
958 3404 1010 3453 vita
1020 3404 1127 3466 antiqua
1137 3405 1214 3454 sebo-

132 3485 283 3545 corruptum
308 3482 349 3531 est
379 3494 413 3529 ex
440 3480 530 3530 indico
558 3482 653 3531 Temo·
688 3481 794 3531 lastiea:
820 3480 938 3543 «captus
962 3480 1003 3529 est
1019 3490 1035 3527 a
1052 3478 1168 3528 Caesare
1187 3483 1214 3528 et

131 3556 268 3617 inpetrem
293 3556 310 3604 i.
329 3569 354 3605 e.
379 3553 577 3605 Tamuliiolium.
612 3556 651 3605 Ci.
689 3555 867 3619 proscriptus,
892 3552 972 3603 etium
996 3551 1120 3603 omnibus
1143 3564 1212 3615 quae

132 3628 224 3681 lasuen
242 3628 301 3679 lud.
318 3627 369 3680 Alt.
382 3630 402 3677 l.
418 3641 445 3692 p.
458 3628 515 3679 283.
534 3630 654 3691 Unguen-
689 3626 809 3679 habebat
820 3626 955 3691 direptis.»
971 3626 1018 3689 (De
1030 3627 1081 3677 bae
1094 3626 1152 3689 luga
1163 3626 1210 3677 eir.

133 3706 183 3753 um
208 3705 261 3754 boe
286 3704 369 3753 etiam
392 3703 509 3766 foliatum
536 3703 654 3753 voeabu-
689 3701 792 3753 Weber
811 3702 899 3751 Horas
914 3714 940 3765 p.
960 3700 1011 3764 lb.)
1040 3728 1067 3736 —
1091 3700 1214 3762 Philippos

131 3779 177 3825 tur.
195 3776 306 3830 itmtial.
320 3778 361 3837 tt,
380 3778 421 3835 tr,
440 3778 464 3827 9.
491 3776 588 3827 Confer
605 3776 654 3827 Pli-
690 3782 713 3825 et
729 3776 832 3826 celerem
847 3774 944 3839 [ιιριιηι]
963 3776 988 3825 in
1009 3775 1127 3839 pedestri
1145 3776 1210 3823 orat.

132 3850 250 3910 niumtt,
263 3852 305 3900 26.
318 3878 346 3884 -
359 3850 650 3912 Sprtmrdieividetur,
691 3850 796 3914 «lugam
819 3847 1051 3913 Philippensem,
1079 3847 1127 3898 sed
1151 3845 1213 3896 illud

132 3924 200 3985 quod
228 3924 338 3975 omniuo
366 3923 456 3975 Indiae
485 3927 513 3975 et
540 3922 652 3975 Arabiae
691 3938 724 3974 ex
741 3938 791 3975 usu
812 3926 950 3987 poetarum
969 3926 1048 3986 atque
1067 3921 1146 3970 etiam
1162 3922 1213 3969 Ta-

132 4009 233 4049 merces
261 4014 278 4049 a
305 3999 500 4051 mercatoribus
528 4000 653 4049 Romanis
691 4000 744 4059 citi,
763 3998 828 4048 Hist.
843 3999 870 4057 ι,
892 3998 934 4047 48;
954 3994 1212 4057 tonitruaetfutpora

133 4081 162 4119 ex
172 4073 322 4132 Antiochia,
342 4074 421 4123 totius
434 4073 547 4123 Orientis
559 4086 654 4137 empo-
691 4079 714 4123 et
730 4074 844 4124 coelestes
860 4072 951 4121 uuuue
981 4068 1048 4119 ibid.
1062 4070 1106 4117 20:
1124 4068 1214 4129 ubique

134 4142 181 4203 n‘o,
200 4147 311 4197 Romam
329 4146 541 4198 advehebantur.
565 4146 613 4195 Od.
628 4148 651 4206 ι,
690 4148 797 4197 bastnet
809 4150 916 4197 sector-et
928 4142 1214 4203 inquietationum
