2934 4884
563 380 621 431 tta.
641 381 671 431 ll.
708 383 737 431 C.
756 381 810 432 xit.

336 537 387 603 lle
411 535 524 604 dulces
546 535 696 603 dominae
718 537 810 602 Musa
831 537 1019 626 Licymniae

237 735 275 785 ⁴3.
295 735 377 784 dobes
392 733 467 784 bSd:
494 735 572 784 mass
588 734 709 793 sacrat.
730 735 803 796 (item
819 733 903 785 lientl.
923 735 949 784 in
967 738 1104 795 contextu,
1130 738 1179 787 sed
1197 741 1223 788 in

198 810 398 861 Commentario
422 807 524 872 datam.)
544 835 571 844 -
590 809 726 858 lidmataa
743 810 775 868 S,
797 809 943 870 Lucimaioa
958 810 992 870 Τ,
1014 811 1158 872 licimoo
1174 812 1222 872 bc,

198 885 350 946 Lycymnios
367 897 429 933 cum
446 882 537 934 bland.
557 885 610 932 ant.
631 883 664 942 C,
684 883 795 932 Liciniae
810 883 836 932 d.
858 883 947 944 illecta
965 885 1109 945 Licymniae
1124 887 1153 936 Β,
1168 886 1221 938 Cir.

198 960 316 1022 Wagner
333 957 367 1008 ad
384 959 455 1021 virg.
475 961 539 1008 Aen.
559 957 591 1017 9,
610 956 677 1016 ata.)

198 1126 239 1176 43.
267 1127 323 1176 «lle
349 1139 414 1175 vero
438 1125 471 1187 (id
489 1125 562 1188 quod
580 1124 691 1175 tortasse
730 1137 791 1188 pag.
820 1124 886 1176 leil
914 1139 1030 1189 sequor,
1058 1129 1102 1190 qui
1131 1142 1190 1179 rem
1215 1133 1254 1181 sic

165 1200 214 1250 tibi
227 1201 382 1250 nonminus
403 1203 507 1262 gratnm
531 1200 588 1261 erit)
618 1199 692 1248 iubet
730 1199 891 1262 expediunt:
935 1202 1015 1250 Sicuti
1048 1204 1117 1252 testa
1145 1203 1255 1266 Apuleio

163 1275 239 1324 llusa
273 1273 413 1324 celebrare
442 1272 565 1324 laudibus
598 1272 690 1332 illam,
729 1271 838 1336 Apolog.
870 1275 926 1324 tos.
961 1274 1054 1325 Catulli
1071 1275 1166 1326 Lesbia
1186 1291 1253 1328 vero

164 1361 248 1412 quam
266 1351 294 1398 tu
312 1349 458 1397 tenerrimo
475 1361 568 1398 amore
588 1345 692 1410 ample-
729 1347 837 1396 nomine
859 1351 918 1397 erat
937 1347 1044 1408 Clodia,
1063 1348 1157 1399 Tibulli
1169 1351 1252 1412 Delia,

163 1425 263 1473 raris.»
284 1449 311 1460 -
332 1423 426 1486 dolosa]
446 1423 569 1472 «Etiamsi
589 1422 691 1474 scribas
729 1420 831 1481 Plania,
850 1422 980 1485 Propertii
997 1423 1125 1485 Cynthia,
1145 1425 1253 1484 llostia,

164 1498 260 1556 dalet,
297 1496 468 1547 nihilominus
498 1499 548 1546 erit
572 1499 689 1546 accusat.
728 1492 950 1555 TicidaaPerilla,
964 1495 1077 1556 lletella,
1095 1498 1253 1562 itascilicet,

162 1572 235 1637 plur.
246 1571 397 1634 iungendus
410 1585 472 1622 cum
486 1583 512 1620 v.
527 1577 625 1632 cantus,
638 1585 691 1620 non
728 1572 759 1618 ut
769 1567 804 1618 ad
815 1569 1028 1620 conservandam
1039 1573 1120 1622 etiam
1131 1574 1158 1623 in
1178 1586 1256 1624 amc-

161 1648 243 1696 dulcis
267 1647 391 1696 dominos.
429 1647 508 1698 Unica
534 1648 605 1696 enim
626 1658 691 1694 vera
729 1642 804 1692 ribus
821 1643 976 1706 dignitatem
1005 1646 1181 1696 matronalem
1203 1661 1254 1698 no-

162 1722 329 1772 constructio
355 1723 411 1770 est:
450 1723 525 1770 lluao
548 1721 627 1770 voluit
653 1733 693 1770 nae
729 1719 793 1768 mini
817 1719 937 1768 ltomano
961 1717 1033 1770 aliud
1061 1719 1256 1772 substituerent

161 1799 245 1846 dcere
270 1796 354 1844 dadcea
378 1800 467 1845 cauno
491 1797 606 1846 domim
621 1797 694 1856 liep-
729 1795 861 1843 Graecum
878 1794 974 1843 eadem
991 1793 1156 1857 syllabarum
1168 1810 1256 1860 quan-

161 1873 255 1921 mniaa.
275 1871 325 1930 Qui
338 1872 481 1920 iunxerunt
492 1871 693 1920 dadciadominoa
729 1868 821 1916 titate:
852 1870 891 1918 sic
917 1869 1090 1920 statuendum
1115 1873 1157 1920 est
1181 1872 1207 1920 h.
1235 1871 1252 1921 l.

164 1943 208 1994 vel
227 1945 306 1994 dulcis
321 1945 413 2004 Maso,
435 1945 571 1994 nonsatis
591 1945 692 2006 cogita·
728 1941 887 2002 licpmnimn
920 1943 1069 2003 significare
1102 1944 1253 1995 Terentiam

162 2023 239 2078 runt,
260 2033 286 2068 v.
298 2023 387 2068 cardus
400 2019 517 2082 epitheto
527 2032 619 2068 carere
632 2031 693 2068 om·
729 2016 891 2066 Maecenatis
902 2028 1024 2076 uxorem,
1038 2018 1119 2067 etiarn
1131 2018 1165 2066 ab
1179 2021 1255 2068 Octa·

165 2096 230 2144 nino
245 2105 402 2156 nonposse,
415 2106 477 2143 cum
490 2093 691 2156 cattosquoquo
729 2090 808 2138 viano
828 2086 971 2152 aliquando
994 2091 1128 2149 amatam,
1163 2093 1199 2140 ita
1224 2095 1254 2142 ut

167 2171 195 2218 et
210 2173 298 2230 pactas
315 2167 690 2231 nonsicnudepositasint.»
728 2163 834 2225 utrique
854 2163 898 2212 bic
925 2161 1000 2212 locus
1020 2165 1117 2213 eximie
1145 2165 1253 2228 placere

165 2245 261 2293 maan.
291 2268 320 2276 -
348 2242 499 2305 Licpnmioe]
526 2242 625 2292 lloratii
651 2243 692 2292 est
728 2235 858 2294 deberett
892 2235 954 2285 ideo
973 2239 1065 2286 aulem
1083 2240 1253 2301 potissimum

162 2318 251 2366 amica
297 2329 330 2365 ax
365 2317 488 2378 opinione
532 2316 691 2368 macherii—
728 2311 1250 2375 Graecumhocnomendelectumesse,

166 2391 229 2450 cbii,
247 2387 381 2450 landold,
401 2390 554 2440 l'randsenii
571 2394 650 2440 Maec.
662 2403 688 2454 p.
727 2385 801 2450 quod
820 2383 906 2436 simile
924 2390 997 2435 esset
1007 2386 1145 2437 Terentiae
1165 2389 1253 2440 fratris

163 2465 221 2515 436.
239 2465 316 2514 Estne
329 2465 392 2512 Hor.
406 2466 448 2514 Pr.
461 2479 487 2528 p.
502 2465 559 2514 396.
579 2465 687 2525 Verum,
727 2462 755 2510 L.
766 2460 857 2510 Licinii
866 2459 992 2510 Varronis
1003 2461 1129 2511 Murenae
1141 2464 1250 2515 nomini.

163 2543 192 2588 ut
222 2551 254 2588 er
291 2539 346 2586 tota
375 2538 530 2588 carminum
562 2535 688 2609 συλλογῇ
727 2535 804 2595 Quod
828 2537 920 2584 autem
947 2535 1103 2587 Sanadonus
1129 2540 1252 2600 opinatus

162 2611 309 2674 colligitur,
337 2625 469 2675 nusquam
495 2625 602 2662 amores
627 2626 690 2662 curn
727 2613 783 2670 est,
802 2610 911 2659 minime
924 2609 1047 2660 decuisse
1059 2612 1196 2662 Horatium
1214 2615 1253 2663 uti

162 2685 256 2752 puellis
275 2687 397 2749 ingenuis
416 2687 448 2748 [v.
468 2685 517 2748 48.)
540 2686 590 2736 sibi
608 2686 688 2738 luisse
728 2687 783 2734 tam
803 2685 902 2733 teneris
927 2684 1067 2745 versibus,
1100 2686 1128 2734 in
1153 2687 1251 2749 quibus

164 2765 315 2816 memorem
339 2761 439 2809 etenim
456 2758 552 2810 talibus
569 2762 689 2824 prolecto
725 2757 893 2808 laudatorem
910 2757 945 2808 ab
963 2761 1083 2808 amatore
1095 2760 1138 2808 vix
1149 2760 1253 2810 discer-

163 2849 216 2886 non
231 2834 386 2898 indigebat,
405 2847 468 2884 cum
480 2834 687 2885 formosissimae
727 2846 784 2893 nas,
798 2831 825 2882 id
837 2831 946 2895 quidem
958 2832 1060 2883 dictum
1072 2837 1112 2883 est
1125 2847 1251 2884 exsensu

164 2915 306 2960 etcertum
324 2911 420 2958 artium
435 2908 575 2959 libertinae
587 2910 688 2973 ubique
725 2905 957 2969 Francogallorum
984 2906 1118 2957 Sanadoni
1151 2921 1252 2971 aequa·

164 2987 188 3036 ei
198 2987 308 3050 praesto
321 2986 420 3045 essent,
439 2998 490 3034 nac
502 2985 609 3035 decoris
625 2997 688 3034 sen·
725 2980 806 3039 lium,
825 2994 878 3030 non
890 2994 923 3029 ex
934 2982 1050 3030 amicitia
1062 2995 1103 3041 ea,
1116 2995 1170 3044 qua
1183 2984 1252 3032 inter

164 3073 209 3111 sus
219 3063 278 3125 ipse
291 3057 468 3119 concedebat,
487 3061 517 3108 ut
528 3059 562 3108 de
574 3060 688 3122 ingenua
725 3068 755 3105 sa
768 3055 902 3103 coniuncti
914 3056 991 3102 erant
1001 3056 1124 3104 lloratius
1141 3059 1168 3104 et
1179 3058 1252 3107 llae-

164 3147 232 3184 ase
262 3135 352 3183 amata
376 3145 496 3196 unquam
522 3131 686 3196 loqueretur.
726 3140 816 3179 cenas.
859 3129 898 3177 De
923 3141 1022 3191 sponsa
1039 3131 1161 3179 Terentia
1178 3132 1252 3195 quod

164 3209 267 3259 blorum
290 3220 356 3270 ergo
380 3205 450 3257 illius
476 3209 571 3257 aetatis
589 3208 689 3258 liema-
726 3205 890 3265 acceperunt
906 3201 1040 3261 nonnulli,
1059 3203 1179 3253 moribus
1199 3206 1252 3255 lto-

164 3295 261 3332 norum
287 3295 400 3345 prorsus
425 3281 499 3332 obliti
529 3283 607 3344 sunt,
644 3282 689 3346 qui
726 3277 812 3327 manis
826 3275 934 3324 videtur
951 3274 1088 3324 adversari
1099 3276 1252 3340 desponsae

162 3355 225 3406 illud
259 3357 420 3406 statuerunt.
472 3355 689 3418 Vanderburgius
726 3363 848 3402 amorem
865 3351 901 3399 ita
918 3349 1042 3411 depingi,
1061 3352 1252 3413 marimepro—

163 3431 244 3481 babet
256 3444 306 3493 pro
318 3429 412 3478 liberta
422 3443 437 3478 a
447 3431 601 3480 Maecenate
614 3444 689 3480 ama·
726 3428 786 3490 pter
795 3425 866 3475 illam
875 3422 1028 3474 osculorum
1036 3425 1209 3474 mentionem.
1222 3451 1256 3473 -.

163 3507 204 3564 ta;
231 3518 281 3568 pro
307 3503 370 3568 licto
395 3505 503 3555 nomina
520 3506 629 3556 Bothius
646 3505 690 3555 vel
726 3502 781 3550 Nec
793 3512 872 3558 vero,
886 3499 908 3548 si
920 3497 953 3547 de
966 3499 1127 3548 Maecenatis
1139 3500 1252 3562 coniuge

164 3580 244 3644 {quod
270 3581 361 3629 tamen
386 3579 435 3642 ipsi
468 3580 557 3630 minus
594 3579 688 3644 placet)
726 3576 948 3637 interpretamur,
967 3574 1192 3622 domiaaanomen
1205 3573 1252 3623 ob-

163 3668 211 3718 pro
227 3667 295 3704 vero
313 3655 414 3703 sororis
431 3656 477 3702 aut
494 3657 621 3716 cognatae
638 3655 690 3715 Lp-
727 3651 793 3708 stat,
821 3661 883 3698 nam
903 3649 956 3697 boc
975 3662 1027 3698 non
1047 3649 1136 3699 minus
1154 3661 1253 3698 uxores

163 3731 260 3788 cinnii,
280 3729 404 3778 Caesaris
421 3727 518 3788 liberti,
538 3730 583 3791 qui
596 3727 689 3779 Gallias
728 3736 810 3789 quam
835 3724 936 3773 amicas
961 3722 1088 3784 stabiles,
1118 3726 1148 3773 ut
1175 3726 1252 3772 erant

165 3801 287 3864 spoliavit
314 3802 466 3865 praelectus
493 3801 544 3852 sub
561 3803 688 3864 Augusto,
727 3798 830 3859 Tibulli,
850 3799 990 3863 Propertii,
1009 3799 1108 3858 Ovidii,
1127 3811 1181 3847 non
1198 3799 1253 3846 llo-

164 3878 324 3926 attestatur
340 3875 497 3936 blattas.
518 3878 691 3940 (quapropter
727 3875 803 3934 ratii,
822 3873 872 3923 nisi
898 3874 1009 3922 tortasse
1034 3873 1151 3936 excipias
1173 3871 1253 3920 Cina-

167 3949 247 3999 edidit
263 3951 412 4011 chimniffl
439 3950 487 4000 sed
511 3964 605 4000 verum
622 3949 690 4002 illius
727 3961 799 4008 ram,
818 3946 954 4012 appellare
972 3949 1035 3996 tunc
1052 3944 1182 3995 solebant.
1210 3945 1253 3994 Sic

167 4023 279 4074 bominis
297 4037 397 4075 nomen
415 4024 462 4074 luit
479 4026 580 4076 buinna
605 4024 691 4074 tribus
729 4023 763 4073 da
781 4023 893 4085 coniuge
914 4021 989 4071 ovid.
1008 4021 1085 4070 Trist.
1105 4019 1135 4079 3,
1148 4018 1179 4080 3,
1200 4019 1250 4069 23':

169 4096 225 4158 syll.
237 4097 375 4158 brevibus,
390 4101 419 4148 ut
430 4102 574 4150 constater
585 4099 690 4163 poetis.)
729 4099 831 4148 Nuntiat
846 4097 894 4146 buc
905 4095 998 4156 aliquis
1009 4095 1137 4143 domm
1149 4096 1252 4157 vanius,

170 4169 221 4231 ligo
236 4171 396 4222 scholiastae
412 4172 532 4236 aliosque
558 4175 691 4236 interpre-
729 4185 870 4235 reuarpam.
890 4170 1027 4232 bicymnia
1039 4170 1118 4231 igitur
1130 4171 1172 4218 est
1182 4183 1252 4219 nova

173 4244 210 4293 tes
227 4246 364 4310 {imprimis
381 4248 519 4298 Weicbert
539 4249 612 4298 Post.
632 4249 687 4298 Lat.
731 4249 831 4310 nupta,
858 4242 1004 4295 admodum
1037 4241 1194 4294 adolescens
1221 4256 1253 4292 ac
