2934 4884
272 319 334 384 'm
674 319 804 370 nonani
821 318 949 370 EPODON

357 475 571 542 Occasionem
593 473 635 540 de
657 472 725 548 die,
750 473 894 560 dumque
917 471 1021 538 virent
1043 492 1150 559 genua

315 599 353 662 Et
374 596 483 675 decet,
507 594 648 662 obductu
669 593 813 660 solvatur
835 593 938 659 lronte
962 603 1123 660 senectus

356 721 403 784 lu
424 718 497 784 vina
520 718 682 805 Torquato
703 735 799 782 move
822 711 956 782 consule
979 735 1094 802 pressa
1116 734 1200 780 mco.

314 841 429 907 Cetera
451 838 539 905 mitte
561 837 667 926 loqui:
691 836 774 903 deus
796 835 878 903 haec
900 837 1037 901 sortasse
1058 833 1199 922 benigna

356 960 501 1028 Reducet
521 961 555 1024 in
577 958 692 1026 sedem
712 958 793 1024 vice.
837 959 927 1023 Nunc
949 965 982 1022 ct
1002 953 1219 1021 Achaemenio

316 1080 468 1153 Permndi
491 1079 594 1146 nardo
617 1081 704 1146 iuvet
725 1089 758 1146 et
780 1077 844 1144 lide
867 1075 1021 1164 Cyllenea

337 1231 362 1281 6.
380 1231 439 1280 vid.
458 1231 493 1281 ad
510 1230 593 1294 Epod.
613 1230 658 1290 69,
677 1229 718 1279 99.
741 1256 767 1264 -
789 1227 813 1278 8.
832 1227 997 1278 retamenta
1013 1225 1108 1287 Aldus,
1127 1227 1189 1276 666.
1209 1228 1250 1288 (Ut
1266 1241 1329 1287 nos,

306 1317 400 1355 omnes
418 1305 502 1355 nostri
519 1317 551 1354 ac
568 1302 697 1366 Bentleii.)

273 1427 326 1476 Sat.
339 1427 370 1486 9,
388 1426 418 1486 9,
437 1427 465 1475 l:
485 1426 797 1487 Qooeoirtrcotquonic,
868 1421 941 1471 7-66.
961 1420 1363 1485 Cetaro11quaesollioitcsnos

272 1512 347 1560 noni,
373 1500 405 1549 eit
423 1500 507 1549 vicere
527 1512 625 1561 66666,
652 1499 715 1561 666.)
733 1495 800 1548 ello·
836 1495 950 1556 babent,
964 1496 1056 1546 omitte
1068 1509 1165 1546 nunc.»
1184 1497 1261 1556 Quae
1272 1499 1362 1546 autem

273 1575 375 1638 quitur,
394 1587 420 1623 v.
438 1575 529 1623 eutem
540 1574 575 1634 6.,
594 1575 705 1637 propter
716 1584 799 1635 quem
835 1569 904 1620 haec
916 1569 1016 1620 luerint
1026 1571 1122 1633 poetae
1134 1571 1255 1633 6666666,
1273 1573 1361 1620 uirum

272 1645 407 1698 lientleiue
435 1647 550 1696 coniecit
576 1647 657 1695 amice
685 1645 797 1707 (vocnt,
836 1657 865 1693 re
877 1655 942 1694 vera
954 1656 1035 1706 aeger
1047 1645 1128 1694 animi
1140 1643 1232 1706 luerit,
1252 1644 1362 1695 fortasse

273 1719 470 1781 nonadverb.),
483 1717 710 1770 seoouvertitad
726 1733 800 1782 σιμ·
837 1717 871 1767 de
895 1718 934 1767 rei
963 1716 1087 1780 publicae
1112 1718 1300 1782 temporibus,
1329 1731 1361 1766 an

273 1795 444 1864 noctaoxov,
465 1793 512 1856 qui
529 1794 620 1842 vinum
639 1791 797 1856 praebebat.
836 1784 1009 1853 ἀντιθέσεως
1034 1791 1069 1842 ad
1094 1792 1207 1842 convivii
1237 1791 1361 1842 laetitiam

273 1869 403 1928 Fuerunt,
432 1868 477 1930 qui
504 1867 581 1916 ornici
608 1867 696 1917 666666
723 1868 798 1916 recte
836 1867 918 1930 gratia
936 1865 1041 1916 fluxerit
1057 1867 1210 1926 hascuras,
1231 1867 1364 1928 nesigno-

273 1956 323 2007 pro
348 1944 477 1993 nominat.
495 1941 636 1992 baberent
662 1968 689 1977 -
707 1940 798 2004 666666]
836 1954 936 1992 ramus.
956 1940 1089 2002 (Similiter
1100 1941 1191 2002 oili,
1208 1941 1238 2003 9,
1259 1942 1288 1990 9;
1308 1943 1363 1991 Per·

274 2016 355 2067 Solita
379 2016 451 2081 apud
476 2018 583 2067 Latinos
607 2016 740 2078 imagine,
770 2018 800 2064 ut
834 2016 905 2066 mitte
928 2015 1092 2066 civissem
1108 2015 1170 2078 cet.)
1198 2041 1228 2050 -
1257 2017 1362 2066 66666666

275 2091 323 2142 cd.
343 2093 372 2151 t,
391 2092 421 2152 9,
440 2093 486 2142 ti:
512 2093 597 2142 Donec
612 2091 704 2140 virenti
725 2091 800 2139 6666-
835 2090 863 2139 66
879 2088 968 2152 sedem]
988 2089 1071 2140 «dens
1088 2092 1160 2152 grate
1178 2089 1362 2140 vicissimdine

275 2167 321 2216 6666
345 2128 545 2216 6666166666.
575 2164 649 2216 ovid.
674 2165 743 2214 Fast
767 2165 797 2225 6,
836 2162 933 2214 reddet
955 2165 1055 2215 statum
1077 2163 1181 2214 certum
1204 2175 1239 2213 ac
1256 2163 1363 2214 firmum

274 2239 335 2290 966;
361 2253 420 2289 mun
443 2239 590 2290 iwetiitbus
614 2240 688 2289 66666
709 2239 800 2289 6666-
837 2239 882 2298 iis,
901 2250 971 2300 quoe
989 2236 1192 2288 nunciabant.»
1221 2238 1365 2300 SioAugu

273 2315 344 2364 riont
362 2315 444 2364 666666
464 2328 621 2378 corporeque
636 2316 693 2376 ipso
707 2313 798 2363 virent.
837 2315 893 2362 stus
905 2310 977 2375 apud
986 2313 1058 2362 Suet
1069 2313 1125 2363 Oct.
1135 2313 1181 2362 98ε
1194 2312 1235 2361 666
1245 2311 1364 2362 66666666-

274 2390 346 2451 virg.
364 2390 431 2439 Aen.
450 2389 478 2450 6,
496 2388 558 2441 866τ
576 2390 660 2438 oudo
674 2389 720 2438 deo
736 2387 800 2437 666-
835 2399 895 2436 cam
912 2385 1364 2448 oceorpitemremoublicomsietere

275 2465 361 2526 666666
383 2468 502 2514 conectens.
533 2463 621 2514 66666
645 2461 801 2526 frequenter
837 2463 864 2512 66
888 2474 936 2510 666
959 2461 1015 2511 seito
1033 2459 1170 2510 666666-
1142 2459 1363 2524 —Acltoerneniol

274 2538 637 2603 proroboriapropriasede.
651 2536 798 2588 Pliu.ll..li
838 2535 890 2587 Cir.
909 2534 958 2586 cd
979 2536 1008 2595 9,
1028 2534 1072 2594 66,
1092 2534 1132 2586 66.
1157 2535 1189 2594 9,
1209 2535 1256 2595 69,
1276 2535 1318 2584 96.
1335 2533 1362 2594 8,

277 2615 317 2674 66,
331 2611 372 2675 66,
383 2613 445 2662 4⁰3:
463 2613 526 2662 inest
537 2610 665 2694 (genibus)
678 2611 799 2661 66666666.
838 2612 866 2672 6,
901 2608 942 2661 66.
987 2611 1076 2660 Genus
1104 2611 1230 2660 neutrum
1259 2609 1364 2660 firmant

277 2687 389 2737 Theocr.
409 2685 455 2746 66,
473 2686 521 2735 7⁰:
540 2682 627 2748 ιιοιῆν
643 2698 671 2734 u
687 2683 746 2745 666,
764 2673 800 2746 ἇς
838 2685 919 2735 etiem
940 2683 993 2734 mei
1011 2681 1106 2745 cnud,
1124 2685 1155 2733 ut
1174 2683 1260 2747 Epod.
1274 2686 1303 2744 6,
1323 2683 1361 2734 69.

274 2758 346 2826 γόνυ
357 2755 479 2830 χλωρόν.
499 2758 629 2820 Theognis
641 2758 703 2806 967
717 2755 867 2808 Ταῦτ-
840 2760 941 2822 -666
961 2757 1090 2822 06666666]
1117 2757 1194 2822 olyra
1214 2759 1324 2809 inventa
1348 2771 1362 2806 6

275 2834 368 2922 scope
369 2849 386 2882 ν
418 2830 539 2919 κραδίην
571 2823 606 2881 εὖ
639 2831 799 2894 πείσομαι,
838 2833 984 2892 Mercurio,
1018 2835 1081 2884 nato
1107 2835 1133 2882 in
1161 2831 1289 2896 Cyllene,
1316 2835 1364 2883 Ar-

275 2848 394 2995 ὄφραν·
399 2901 525 2993 6666ρὰ
541 2900 674 2955 Γοὺνατα
690 2906 800 2956 natue-
838 2906 929 2957 cadiae
948 2910 1066 2957 monte.»
1053 2909 1183 2971 »Epious
1199 2911 1282 2972 pocta
1295 2905 1360 2971 apud

275 2977 373 3046 φαλὴν
389 2975 534 3051 ἀτρεμέως
550 2982 697 3052 προφέρω.
838 2979 924 3032 Sobel.
938 2981 1012 3031 Pind.
1027 2981 1061 3032 ed
1072 2983 1189 3043 Nerui,
1211 2981 1259 3032 l6:
1280 2979 1360 3045 (66666)

308 3059 333 3107 6
351 3057 376 3107 6.
405 3055 520 3120 obducto]
540 3056 626 3107 «curis
649 3058 678 3106 et
697 3057 801 3107 tristitia
838 3051 988 3120 Κυλλήνης
994 3049 1148 3140 ἐνόρεσσι
1163 3019 1362 3126 66ὥνκήρικα

277 3127 481 3194 quasinubila.»
494 3130 732 3180 Siootiemluven.
747 3132 799 3181 Sat.
837 3131 894 3182 666
917 3123 1033 3200 Ἑρμῆν.
1067 3131 1138 3194 Virg.
1161 3132 1227 3180 666.
1251 3131 1282 3192 8,
1309 3129 1361 3180 638

277 3205 306 3267 9,
324 3207 352 3255 9ε
369 3207 453 3268 fronte
473 3204 593 3265 6666666,
611 3206 640 3254 66
655 3200 802 3270 συννεφὴς
838 3201 962 3264 6616668,
981 3203 1043 3254 908;
1061 3203 1210 3254 Mercurius
1226 3203 1362 3266 666666666-

276 3281 364 3330 Creon
384 3278 457 3343 apud
477 3280 539 3330 Eur.
558 3279 658 3328 Placen.
677 3279 750 3329 6866.
769 3280 799 3330 b.
838 3289 895 3328 moe
912 3278 1022 3339 66666666
1037 3279 1117 3327 editio
1134 3279 1276 3327 66666.-
1296 3274 1361 3339 diris]

276 3345 803 3423 6666666668ιῖτνγνὸνὸὀφρόωννέ-
840 3349 999 3402 «crudeliter
1023 3363 1072 3402 nos
1093 3350 1310 3401 excruciantibus
1333 3361 1362 3398 ac

275 3444 342 3491 φος.
362 3455 391 3465 -
409 3428 528 3492 senectae]
548 3430 719 3488 «morositas,
744 3430 803 3478 iae-
838 3426 981 3490 propterea
1015 3423 1254 3484 detestabilibus3»
1289 3423 1361 3487 longe

276 3501 376 3562 dium»,
386 3501 803 3565 quasignificetioneeeoieonsae·
839 3500 974 3551 efficacius
985 3500 1012 3550 b.
1023 3514 1049 3551 v.
1060 3501 1112 3562 hic,
1125 3499 1172 3550 ubi
1184 3512 1293 3551 summe
1305 3512 1361 3550 eon

275 3576 497 3640 piususurpetur.
510 3576 592 3640 -iiiJ
606 3576 800 3637 «convivator»,
839 3573 935 3635 tendit,
962 3575 992 3624 ut
1012 3576 1084 3625 omni
1105 3575 1270 3638 aegrimonia
1288 3587 1317 3625 se
1332 3571 1361 3622 li-

276 3664 329 3700 non
343 3651 511 3713 «pincerna»,
524 3653 554 3700 66
563 3648 656 3700 volunt
669 3648 757 3699 schol.
773 3677 800 3687 -
839 3648 925 3710 beret,
939 3651 1111 3713 6666666666,
1125 3661 1292 3713 quemquam
1304 3646 1360 3698 alibi

275 3725 356 3785 mooe]
373 3723 421 3774 Od.
440 3725 465 3784 8,
482 3725 529 3784 96,
548 3724 576 3773 c:
603 3723 688 3788 (66666)
708 3725 803 3774 moeni
839 3724 891 3774 boc
907 3722 1092 3788 praetulerunt
1108 3726 1220 3788 poetae,
1246 3725 1278 3773 ut
1293 3723 1359 3784 Vug.

275 3798 496 3861 6966666666.
528 3796 726 3860 06.3,98,6.
757 3799 802 3848 Est
839 3796 1027 3860 Aen.l,l88:
1052 3797 1362 3848 ostaliiedarosinunit·

275 3873 366 3935 igitur:
387 3863 514 3937 «66666666
526 3873 588 3922 6666
600 3885 633 3922 cx
643 3873 800 3937 apotheca.»
840 3877 891 3924 tero
906 3885 990 3922 66666.

277 3946 640 4008 «66666666666166666666,
653 3947 801 4010 significare
873 3948 912 3997 66.
933 3947 972 3996 69.
991 3944 1091 4010 morib]
1114 3947 1143 3994 ut
1159 3947 1237 3994 erant
1253 3945 1361 3995 heroum

278 4023 379 4083 nequit.
402 4048 428 4057 -
449 4020 801 4084 ior-queto-consrtle-meo]
839 4022 940 4071 iormee
958 4021 1072 4070 maiores
1089 4017 1175 4082 volgo.
1205 4020 1245 4069 De
1267 4015 1361 4068 Achille

279 4096 306 4143 Ι..
330 4094 427 4146 blenlio
448 4097 581 4160 Torquato
606 4110 662 4147 cos.
681 4110 705 4145 a.
724 4110 751 4145 u.
776 4109 799 4146 6.
840 4094 934 4157 Odyss.
953 4109 990 4156 ω,
1017 4093 1061 4145 ic:
1090 4093 1180 4144 Κιΐσο
1201 4094 1293 4158 μέγας
1313 4105 1361 4155 με·

277 4168 346 4227 689,
364 4170 465 4220 lloretii
477 4169 563 4221 666666.
584 4170 631 4221 cd.
645 4171 669 4232 8,
682 4171 710 4220 96
722 4209 727 4231 ,
742 4171 765 4218 i.
838 4167 972 4234 6666666.
992 4168 1141 4221 Obscurani
1153 4169 1307 4232 imaginem,
1320 4165 1361 4229 qui
