<?xml version="1.0" encoding="UTF-8"?>
<!DOCTYPE html PUBLIC "-//W3C//DTD XHTML 1.0 Transitional//EN"
    "http://www.w3.org/TR/xhtml1/DTD/xhtml1-transitional.dtd">
<html xmlns="http://www.w3.org/1999/xhtml" xml:lang="en" lang="en">
 <head>
  <title>
</title>
<meta http-equiv="Content-Type" content="text/html;charset=utf-8" />
  <meta name='ocr-system' content='tesseract 3.04.00' />
  <meta name='ocr-capabilities' content='ocr_page ocr_carea ocr_par ocr_line ocrx_word'/>
</head>
<body>
  <div class='ocr_page' id='page_1' title='image "./qhoratiusflaccu04baitgoog/qhoratiusflaccu04baitgoog_0075.png"; bbox 0 0 2934 4884; ppageno 0'>
   <div class='ocr_carea' id='block_1_1' title="bbox 467 365 1129 430">
    <p class='ocr_par' dir='ltr' id='par_1_1' title="bbox 467 365 1129 430">
     <span class='ocr_line' id='line_1_1' title="bbox 467 365 1129 430; baseline -0.003 -12"><span class='ocrx_word' id='word_1_1' title='bbox 467 370 526 419; x_wconf 80' lang='lat' dir='ltr'><strong>ua.</strong></span> <span class='ocrx_word' id='word_1_2' title='bbox 548 371 566 419; x_wconf 90' lang='lat' dir='ltr'><strong>i.</strong></span> <span class='ocrx_word' id='word_1_3' title='bbox 603 371 630 418; x_wconf 90' lang='lat' dir='ltr'><strong>c.</strong></span> <span class='ocrx_word' id='word_1_4' title='bbox 652 371 678 416; x_wconf 75' lang='lat' dir='ltr'><strong>r.</strong></span> <span class='ocrx_word' id='word_1_5' title='bbox 1095 365 1129 430; x_wconf 70' lang='lat' dir='ltr'><strong>tt</strong></span> 
     </span>
    </p>
   </div>
   <div class='ocr_carea' id='block_1_2' title="bbox 228 523 1134 966">
    <p class='ocr_par' dir='ltr' id='par_1_2' title="bbox 228 523 1134 966">
     <span class='ocr_line' id='line_1_2' title="bbox 229 523 1134 612; baseline -0.004 -22"><span class='ocrx_word' id='word_1_6' title='bbox 229 524 366 612; x_wconf 76' lang='lat' dir='ltr'>Simplex</span> <span class='ocrx_word' id='word_1_7' title='bbox 390 523 574 590; x_wconf 80' lang='lat' dir='ltr'><strong>munditiis?</strong></span> <span class='ocrx_word' id='word_1_8' title='bbox 598 525 666 592; x_wconf 85' lang='lat' dir='ltr'><strong>Heu</strong></span> <span class='ocrx_word' id='word_1_9' title='bbox 689 525 817 612; x_wconf 83' lang='lat' dir='ltr'><strong>quoties</strong></span> <span class='ocrx_word' id='word_1_10' title='bbox 839 525 935 590; x_wconf 86' lang='lat' dir='ltr'><strong>iidem</strong></span> <span class='ocrx_word' id='word_1_11' title='bbox 1114 527 1134 586; x_wconf 72' lang='grc' dir='ltr'><strong>ὅ</strong></span> 
     </span>
     <span class='ocr_line' id='line_1_3' title="bbox 228 645 834 734; baseline -0.002 -23"><span class='ocrx_word' id='word_1_12' title='bbox 228 647 428 734; x_wconf 81' lang='lat' dir='ltr'><strong>liniatosque</strong></span> <span class='ocrx_word' id='word_1_13' title='bbox 450 645 531 712; x_wconf 90' lang='lat' dir='ltr'><strong>dens</strong></span> <span class='ocrx_word' id='word_1_14' title='bbox 553 645 643 712; x_wconf 89' lang='lat' dir='ltr'><strong>llebit</strong></span> <span class='ocrx_word' id='word_1_15' title='bbox 664 659 696 712; x_wconf 86' lang='lat' dir='ltr'><strong>et</strong></span> <span class='ocrx_word' id='word_1_16' title='bbox 718 667 834 734; x_wconf 84' lang='lat' dir='ltr'><strong>aspera</strong></span> 
     </span>
     <span class='ocr_line' id='line_1_4' title="bbox 294 769 687 855; baseline 0.005 -23"><span class='ocrx_word' id='word_1_17' title='bbox 294 769 397 855; x_wconf 81' lang='lat' dir='ltr'><strong>Nigris</strong></span> <span class='ocrx_word' id='word_1_18' title='bbox 420 788 563 854; x_wconf 86' lang='lat' dir='ltr'><strong>aequora</strong></span> <span class='ocrx_word' id='word_1_19' title='bbox 585 770 687 834; x_wconf 89' lang='lat' dir='ltr'><strong>ventis</strong></span> 
     </span>
     <span class='ocr_line' id='line_1_5' title="bbox 355 887 724 966; baseline 0.005 -12"><span class='ocrx_word' id='word_1_20' title='bbox 355 887 546 954; x_wconf 85' lang='lat' dir='ltr'><strong>Emirabiiur</strong></span> <span class='ocrx_word' id='word_1_21' title='bbox 567 889 724 966; x_wconf 74' lang='lat' dir='ltr'><strong>insulem,</strong></span> 
     </span>
    </p>
   </div>
   <div class='ocr_carea' id='block_1_3' title="bbox 225 1047 1137 1258">
    <p class='ocr_par' dir='ltr' id='par_1_3' title="bbox 225 1047 1137 1258">
     <span class='ocr_line' id='line_1_6' title="bbox 227 1047 895 1127; baseline 0.001 -14"><span class='ocrx_word' id='word_1_22' title='bbox 227 1049 289 1127; x_wconf 88' lang='lat' dir='ltr'><strong>Qui</strong></span> <span class='ocrx_word' id='word_1_23' title='bbox 311 1069 395 1114; x_wconf 90' lang='lat' dir='ltr'><strong>nunc</strong></span> <span class='ocrx_word' id='word_1_24' title='bbox 417 1059 448 1114; x_wconf 88' lang='lat' dir='ltr'><strong>te</strong></span> <span class='ocrx_word' id='word_1_25' title='bbox 470 1047 583 1112; x_wconf 80' lang='lat' dir='ltr'><strong>fruitur</strong></span> <span class='ocrx_word' id='word_1_26' title='bbox 604 1047 756 1115; x_wconf 87' lang='lat' dir='ltr'><strong>credulus</strong></span> <span class='ocrx_word' id='word_1_27' title='bbox 777 1069 895 1126; x_wconf 88' lang='lat' dir='ltr'><strong>aurea;</strong></span> 
     </span>
     <span class='ocr_line' id='line_1_7' title="bbox 225 1170 1137 1258; baseline 0 -24"><span class='ocrx_word' id='word_1_28' title='bbox 225 1171 288 1249; x_wconf 86' lang='lat' dir='ltr'><strong>Qui</strong></span> <span class='ocrx_word' id='word_1_29' title='bbox 311 1190 441 1256; x_wconf 84' lang='lat' dir='ltr'><strong>semper</strong></span> <span class='ocrx_word' id='word_1_30' title='bbox 461 1173 614 1245; x_wconf 85' lang='lat' dir='ltr'><strong>vacuam,</strong></span> <span class='ocrx_word' id='word_1_31' title='bbox 639 1189 770 1258; x_wconf 84' lang='lat' dir='ltr'><strong>semper</strong></span> <span class='ocrx_word' id='word_1_32' title='bbox 790 1170 960 1237; x_wconf 77' lang='lat' dir='ltr'><strong>amabilem</strong></span> <span class='ocrx_word' id='word_1_33' title='bbox 1101 1171 1137 1234; x_wconf 86' lang='lat' dir='ltr'><strong>iil</strong></span> 
     </span>
    </p>
   </div>
   <div class='ocr_carea' id='block_1_4' title="bbox 108 1385 1107 1598">
    <p class='ocr_par' dir='ltr' id='par_1_4' title="bbox 108 1385 1107 1598">
     <span class='ocr_line' id='line_1_8' title="bbox 132 1385 1103 1450; baseline 0.001 -16"><span class='ocrx_word' id='word_1_34' title='bbox 132 1388 152 1434; x_wconf 79' lang='lat'><strong>5.</strong></span> <span class='ocrx_word' id='word_1_35' title='bbox 169 1388 276 1447; x_wconf 71' lang='lat' dir='ltr'><strong>quotiens</strong></span> <span class='ocrx_word' id='word_1_36' title='bbox 292 1387 321 1436; x_wconf 84' lang='lat' dir='ltr'><strong>T.</strong></span> <span class='ocrx_word' id='word_1_37' title='bbox 343 1413 370 1422; x_wconf 88' lang='lat'><em>-</em></span> <span class='ocrx_word' id='word_1_38' title='bbox 389 1387 413 1437; x_wconf 90' lang='lat'><strong>8.</strong></span> <span class='ocrx_word' id='word_1_39' title='bbox 431 1387 465 1436; x_wconf 78' lang='lat' dir='ltr'><strong>Et</strong></span> <span class='ocrx_word' id='word_1_40' title='bbox 480 1385 624 1446; x_wconf 80' lang='lat' dir='ltr'><strong>mirabitur,</strong></span> <span class='ocrx_word' id='word_1_41' title='bbox 643 1386 692 1436; x_wconf 81' lang='lat' dir='ltr'><strong>sed</strong></span> <span class='ocrx_word' id='word_1_42' title='bbox 709 1392 719 1436; x_wconf 93' lang='lat' dir='ltr'><strong>t</strong></span> <span class='ocrx_word' id='word_1_43' title='bbox 736 1387 761 1435; x_wconf 92' lang='lat' dir='ltr'><strong>in</strong></span> <span class='ocrx_word' id='word_1_44' title='bbox 778 1387 812 1436; x_wconf 75' lang='lat' dir='ltr'><strong>Et</strong></span> <span class='ocrx_word' id='word_1_45' title='bbox 821 1389 921 1450; x_wconf 84' lang='lat' dir='ltr'><strong>puncto</strong></span> <span class='ocrx_word' id='word_1_46' title='bbox 937 1389 1066 1443; x_wconf 79' lang='lat' dir='ltr'><strong>notatum,</strong></span> <span class='ocrx_word' id='word_1_47' title='bbox 1079 1389 1103 1436; x_wconf 78' lang='lat' dir='ltr'><strong>tr.</strong></span> 
     </span>
     <span class='ocr_line' id='line_1_9' title="bbox 108 1458 1107 1598; baseline -0.002 -86"><span class='ocrx_word' id='word_1_48' title='bbox 108 1459 272 1598; x_wconf 46' lang='lat' dir='ltr'><strong>zm</strong></span> <span class='ocrx_word' id='word_1_49' title='bbox 288 1459 406 1512; x_wconf 86' lang='lat' dir='ltr'><strong>malebat</strong></span> <span class='ocrx_word' id='word_1_50' title='bbox 422 1458 516 1521; x_wconf 77' lang='lat' dir='ltr'><strong>ilenti,</strong></span> <span class='ocrx_word' id='word_1_51' title='bbox 534 1461 706 1512; x_wconf 81' lang='lat' dir='ltr'><strong>Derntrubttur</strong></span> <span class='ocrx_word' id='word_1_52' title='bbox 723 1459 766 1512; x_wconf 88' lang='lat' dir='ltr'><strong>alii</strong></span> <span class='ocrx_word' id='word_1_53' title='bbox 783 1461 882 1526; x_wconf 77' lang='lat' dir='ltr'><strong>plures,</strong></span> <span class='ocrx_word' id='word_1_54' title='bbox 902 1463 956 1512; x_wconf 80' lang='lat' dir='ltr'><strong>lieu</strong></span> <span class='ocrx_word' id='word_1_55' title='bbox 972 1463 1107 1512; x_wconf 63' lang='lat' dir='ltr'><strong>mactum</strong></span> 
     </span>
    </p>
   </div>
   <div class='ocr_carea' id='block_1_5' title="bbox 85 1709 1148 4313">
    <p class='ocr_par' dir='ltr' id='par_1_5' title="bbox 85 1709 1148 4313">
     <span class='ocr_line' id='line_1_10' title="bbox 85 1709 1138 1778; baseline 0.006 -20"><span class='ocrx_word' id='word_1_56' title='bbox 85 1710 152 1770; x_wconf 78' lang='lat' dir='ltr'><strong>iores,</strong></span> <span class='ocrx_word' id='word_1_57' title='bbox 169 1713 309 1776; x_wconf 75' lang='lat' dir='ltr'><strong>praecipue</strong></span> <span class='ocrx_word' id='word_1_58' title='bbox 322 1711 453 1762; x_wconf 87' lang='lat' dir='ltr'><strong>adlaeum</strong></span> <span class='ocrx_word' id='word_1_59' title='bbox 465 1714 579 1774; x_wconf 70' lang='lat' dir='ltr'><strong>Larium</strong></span> <span class='ocrx_word' id='word_1_60' title='bbox 617 1709 759 1778; x_wconf 76' lang='grc' dir='ltr'><strong>γόμενον,</strong></span> <span class='ocrx_word' id='word_1_61' title='bbox 795 1713 844 1764; x_wconf 86' lang='lat' dir='ltr'><strong>sed</strong></span> <span class='ocrx_word' id='word_1_62' title='bbox 871 1715 935 1764; x_wconf 85' lang='lat' dir='ltr'><strong>eatis</strong></span> <span class='ocrx_word' id='word_1_63' title='bbox 963 1715 1094 1764; x_wconf 88' lang='lat' dir='ltr'><strong>munitum</strong></span> <span class='ocrx_word' id='word_1_64' title='bbox 1123 1731 1138 1764; x_wconf 89' lang='lat' dir='ltr'><strong>a</strong></span> 
     </span>
     <span class='ocr_line' id='line_1_11' title="bbox 85 1784 1139 1854; baseline 0.007 -23"><span class='ocrx_word' id='word_1_65' title='bbox 85 1794 103 1831; x_wconf 85' lang='lat' dir='ltr'><strong>u</strong></span> <span class='ocrx_word' id='word_1_66' title='bbox 119 1787 188 1836; x_wconf 86' lang='lat' dir='ltr'><strong>antris</strong></span> <span class='ocrx_word' id='word_1_67' title='bbox 206 1787 248 1837; x_wconf 87' lang='lat' dir='ltr'><strong>vel</strong></span> <span class='ocrx_word' id='word_1_68' title='bbox 271 1801 287 1838; x_wconf 91' lang='lat' dir='ltr'><strong>a</strong></span> <span class='ocrx_word' id='word_1_69' title='bbox 313 1791 405 1838; x_wconf 89' lang='lat' dir='ltr'><strong>natura</strong></span> <span class='ocrx_word' id='word_1_70' title='bbox 423 1789 522 1838; x_wconf 79' lang='lat' dir='ltr'><strong>cavatis</strong></span> <span class='ocrx_word' id='word_1_71' title='bbox 540 1784 580 1836; x_wconf 89' lang='lat' dir='ltr'><strong>vel</strong></span> <span class='ocrx_word' id='word_1_72' title='bbox 618 1788 701 1838; x_wconf 86' lang='lat' dir='ltr'><strong>codd.</strong></span> <span class='ocrx_word' id='word_1_73' title='bbox 732 1789 871 1853; x_wconf 80' lang='lat' dir='ltr'><strong>Reperitur</strong></span> <span class='ocrx_word' id='word_1_74' title='bbox 896 1792 1036 1852; x_wconf 88' lang='lat' dir='ltr'><strong>praeterea</strong></span> <span class='ocrx_word' id='word_1_75' title='bbox 1067 1791 1139 1854; x_wconf 83' lang='lat' dir='ltr'><strong>apud</strong></span> 
     </span>
     <span class='ocr_line' id='line_1_12' title="bbox 85 1859 1139 1926; baseline 0.009 -21"><span class='ocrx_word' id='word_1_76' title='bbox 85 1861 125 1905; x_wconf 84' lang='lat' dir='ltr'><strong>uie</strong></span> <span class='ocrx_word' id='word_1_77' title='bbox 140 1859 205 1910; x_wconf 72' lang='lat' dir='ltr'><strong>iactu</strong></span> <span class='ocrx_word' id='word_1_78' title='bbox 220 1862 274 1912; x_wconf 71' lang='lat' dir='ltr'><strong>tini</strong></span> <span class='ocrx_word' id='word_1_79' title='bbox 284 1863 431 1926; x_wconf 86' lang='lat' dir='ltr'><strong>apothecas</strong></span> <span class='ocrx_word' id='word_1_80' title='bbox 443 1861 542 1912; x_wconf 88' lang='lat' dir='ltr'><strong>habere</strong></span> <span class='ocrx_word' id='word_1_81' title='bbox 555 1863 581 1911; x_wconf 92' lang='lat' dir='ltr'><strong>in</strong></span> <span class='ocrx_word' id='word_1_82' title='bbox 618 1861 693 1926; x_wconf 78' lang='lat' dir='ltr'><strong>Apul.</strong></span> <span class='ocrx_word' id='word_1_83' title='bbox 712 1863 773 1911; x_wconf 87' lang='lat' dir='ltr'><strong>liet.</strong></span> <span class='ocrx_word' id='word_1_84' title='bbox 792 1875 819 1925; x_wconf 89' lang='lat' dir='ltr'><strong>p.</strong></span> <span class='ocrx_word' id='word_1_85' title='bbox 838 1861 894 1912; x_wconf 70' lang='lat' dir='ltr'><strong>iti.</strong></span> <span class='ocrx_word' id='word_1_86' title='bbox 914 1863 980 1912; x_wconf 91' lang='lat' dir='ltr'><strong>0ud.</strong></span> <span class='ocrx_word' id='word_1_87' title='bbox 999 1865 1027 1912; x_wconf 88' lang='lat' dir='ltr'><strong>et</strong></span> <span class='ocrx_word' id='word_1_88' title='bbox 1043 1865 1139 1914; x_wconf 84' lang='lat' dir='ltr'><strong>Lucta-</strong></span> 
     </span>
     <span class='ocr_line' id='line_1_13' title="bbox 85 1931 1137 2002; baseline 0.006 -20"><span class='ocrx_word' id='word_1_89' title='bbox 85 1931 148 1995; x_wconf 74' lang='lat' dir='ltr'><strong>ibque</strong></span> <span class='ocrx_word' id='word_1_90' title='bbox 161 1941 247 1998; x_wconf 82' lang='lat' dir='ltr'><strong>putare</strong></span> <span class='ocrx_word' id='word_1_91' title='bbox 266 1941 348 2000; x_wconf 82' lang='lat' dir='ltr'><strong>atque</strong></span> <span class='ocrx_word' id='word_1_92' title='bbox 367 1935 503 1987; x_wconf 88' lang='lat' dir='ltr'><strong>amoribus</strong></span> <span class='ocrx_word' id='word_1_93' title='bbox 520 1937 578 1988; x_wconf 86' lang='lat' dir='ltr'><strong>irui.</strong></span> <span class='ocrx_word' id='word_1_94' title='bbox 618 1938 683 1986; x_wconf 90' lang='lat' dir='ltr'><strong>tium</strong></span> <span class='ocrx_word' id='word_1_95' title='bbox 700 1935 835 1986; x_wconf 84' lang='lat' dir='ltr'><strong>Placidum</strong></span> <span class='ocrx_word' id='word_1_96' title='bbox 853 1937 944 1988; x_wconf 85' lang='lat' dir='ltr'><strong>Enarr.</strong></span> <span class='ocrx_word' id='word_1_97' title='bbox 963 1937 1016 1987; x_wconf 88' lang='lat' dir='ltr'><strong>lab.</strong></span> <span class='ocrx_word' id='word_1_98' title='bbox 1035 1951 1061 2002; x_wconf 89' lang='lat' dir='ltr'><strong>p.</strong></span> <span class='ocrx_word' id='word_1_99' title='bbox 1080 1941 1137 1988; x_wconf 71' lang='lat'><strong>25⁴.</strong></span> 
     </span>
     <span class='ocr_line' id='line_1_14' title="bbox 107 2005 1141 2072; baseline 0.006 -16"><span class='ocrx_word' id='word_1_100' title='bbox 107 2005 125 2056; x_wconf 90' lang='lat' dir='ltr'><strong>i.</strong></span> <span class='ocrx_word' id='word_1_101' title='bbox 144 2009 190 2072; x_wconf 79' lang='lat' dir='ltr'><strong>tm]</strong></span> <span class='ocrx_word' id='word_1_102' title='bbox 212 2011 310 2060; x_wconf 84' lang='lat' dir='ltr'><strong>Paulus</strong></span> <span class='ocrx_word' id='word_1_103' title='bbox 333 2009 376 2060; x_wconf 88' lang='lat' dir='ltr'><strong>Sil.</strong></span> <span class='ocrx_word' id='word_1_104' title='bbox 399 2010 503 2061; x_wconf 79' lang='lat' dir='ltr'><strong>Anthol.</strong></span> <span class='ocrx_word' id='word_1_105' title='bbox 525 2009 579 2060; x_wconf 86' lang='lat' dir='ltr'><strong>Pal.</strong></span> <span class='ocrx_word' id='word_1_106' title='bbox 618 2012 721 2061; x_wconf 81' lang='lat' dir='ltr'><strong>llunclr.</strong></span> <span class='ocrx_word' id='word_1_107' title='bbox 757 2013 804 2062; x_wconf 77' lang='lat' dir='ltr'><strong>list</strong></span> <span class='ocrx_word' id='word_1_108' title='bbox 821 2025 869 2061; x_wconf 78' lang='lat' dir='ltr'><strong>«ex</strong></span> <span class='ocrx_word' id='word_1_109' title='bbox 885 2013 977 2062; x_wconf 85' lang='lat' dir='ltr'><strong>intimo</strong></span> <span class='ocrx_word' id='word_1_110' title='bbox 988 2013 1077 2062; x_wconf 91' lang='lat' dir='ltr'><strong>animo</strong></span> <span class='ocrx_word' id='word_1_111' title='bbox 1094 2013 1141 2062; x_wconf 86' lang='lat' dir='ltr'><strong>de-</strong></span> 
     </span>
     <span class='ocr_line' id='line_1_15' title="bbox 85 2077 1140 2150; baseline 0.004 -18"><span class='ocrx_word' id='word_1_112' title='bbox 85 2079 131 2144; x_wconf 86' lang='lat' dir='ltr'><strong>lp.</strong></span> <span class='ocrx_word' id='word_1_113' title='bbox 147 2084 202 2133; x_wconf 80' lang='lat' dir='ltr'><strong>iti:</strong></span> <span class='ocrx_word' id='word_1_114' title='bbox 228 2085 303 2136; x_wconf 75' lang='grc' dir='ltr'><strong>Εἰπὲ</strong></span> <span class='ocrx_word' id='word_1_115' title='bbox 330 2088 385 2136; x_wconf 77' lang='lat' dir='ltr'><strong>tiva</strong></span> <span class='ocrx_word' id='word_1_116' title='bbox 410 2082 518 2150; x_wconf 76' lang='grc' dir='ltr'><em>πλέξεις</em></span> <span class='ocrx_word' id='word_1_117' title='bbox 539 2077 582 2135; x_wconf 70' lang='lat' dir='ltr'><strong>iu</strong></span> <span class='ocrx_word' id='word_1_118' title='bbox 618 2087 743 2146; x_wconf 72' lang='lat' dir='ltr'><strong>mirari»,</strong></span> <span class='ocrx_word' id='word_1_119' title='bbox 766 2088 965 2150; x_wconf 82' lang='lat' dir='ltr'><strong>potiusquam,</strong></span> <span class='ocrx_word' id='word_1_120' title='bbox 987 2089 1017 2137; x_wconf 92' lang='lat' dir='ltr'><strong>ut</strong></span> <span class='ocrx_word' id='word_1_121' title='bbox 1033 2086 1075 2136; x_wconf 87' lang='lat' dir='ltr'><strong>alii</strong></span> <span class='ocrx_word' id='word_1_122' title='bbox 1091 2101 1140 2136; x_wconf 80' lang='lat' dir='ltr'><strong>vo-</strong></span> 
     </span>
     <span class='ocr_line' id='line_1_16' title="bbox 85 2151 1143 2226; baseline 0 -16"><span class='ocrx_word' id='word_1_123' title='bbox 85 2151 235 2226; x_wconf 63' lang='lat' dir='ltr'><strong>timpum</strong></span> <span class='ocrx_word' id='word_1_124' title='bbox 254 2161 354 2212; x_wconf 63' lang='lat' dir='ltr'><strong>:Cuius</strong></span> <span class='ocrx_word' id='word_1_125' title='bbox 371 2161 397 2210; x_wconf 91' lang='lat' dir='ltr'><strong>in</strong></span> <span class='ocrx_word' id='word_1_126' title='bbox 414 2162 525 2222; x_wconf 75' lang='lat' dir='ltr'><strong>gratiam</strong></span> <span class='ocrx_word' id='word_1_127' title='bbox 536 2173 583 2224; x_wconf 88' lang='lat' dir='ltr'><strong>pe-</strong></span> <span class='ocrx_word' id='word_1_128' title='bbox 618 2159 738 2220; x_wconf 81' lang='lat' dir='ltr'><strong>lueruni,</strong></span> <span class='ocrx_word' id='word_1_129' title='bbox 757 2161 864 2211; x_wconf 78' lang='lat' dir='ltr'><strong>«mirari</strong></span> <span class='ocrx_word' id='word_1_130' title='bbox 875 2161 1024 2224; x_wconf 66' lang='lat' dir='ltr'><strong>incipere·</strong></span> <span class='ocrx_word' id='word_1_131' title='bbox 1042 2159 1093 2218; x_wconf 81' lang='lat' dir='ltr'><strong>vel.</strong></span> <span class='ocrx_word' id='word_1_132' title='bbox 1112 2165 1143 2210; x_wconf 87' lang='lat' dir='ltr'><strong>ut</strong></span> 
     </span>
     <span class='ocr_line' id='line_1_17' title="bbox 85 2230 1140 2298; baseline 0.003 -19"><span class='ocrx_word' id='word_1_133' title='bbox 85 2230 218 2284; x_wconf 68' lang='lat' dir='ltr'><strong>staminea</strong></span> <span class='ocrx_word' id='word_1_134' title='bbox 243 2239 271 2284; x_wconf 86' lang='lat' dir='ltr'><strong>et</strong></span> <span class='ocrx_word' id='word_1_135' title='bbox 296 2237 325 2284; x_wconf 92' lang='lat' dir='ltr'><strong>in</strong></span> <span class='ocrx_word' id='word_1_136' title='bbox 350 2234 451 2284; x_wconf 91' lang='lat' dir='ltr'><strong>nodum</strong></span> <span class='ocrx_word' id='word_1_137' title='bbox 476 2233 579 2297; x_wconf 78' lang='lat' dir='ltr'><strong>rebgas‚</strong></span> <span class='ocrx_word' id='word_1_138' title='bbox 618 2233 739 2284; x_wconf 90' lang='lat' dir='ltr'><strong>Oudend.</strong></span> <span class='ocrx_word' id='word_1_139' title='bbox 766 2233 801 2283; x_wconf 91' lang='lat' dir='ltr'><strong>ad</strong></span> <span class='ocrx_word' id='word_1_140' title='bbox 825 2233 901 2298; x_wconf 78' lang='lat' dir='ltr'><strong>Apul.</strong></span> <span class='ocrx_word' id='word_1_141' title='bbox 928 2234 945 2284; x_wconf 90' lang='lat' dir='ltr'><strong>l.</strong></span> <span class='ocrx_word' id='word_1_142' title='bbox 971 2234 989 2284; x_wconf 90' lang='lat' dir='ltr'><strong>l.</strong></span> <span class='ocrx_word' id='word_1_143' title='bbox 1020 2234 1140 2291; x_wconf 77' lang='lat' dir='ltr'><strong>«crebro,</strong></span> 
     </span>
     <span class='ocr_line' id='line_1_18' title="bbox 87 2307 1144 2373; baseline 0.008 -23"><span class='ocrx_word' id='word_1_144' title='bbox 87 2307 183 2356; x_wconf 68' lang='lat' dir='ltr'><strong>inuenta</strong></span> <span class='ocrx_word' id='word_1_145' title='bbox 206 2308 323 2373; x_wconf 86' lang='lat' dir='ltr'><strong>simplici</strong></span> <span class='ocrx_word' id='word_1_146' title='bbox 348 2308 511 2372; x_wconf 78' lang='lat' dir='ltr'><strong>naturalique</strong></span> <span class='ocrx_word' id='word_1_147' title='bbox 537 2323 582 2360; x_wconf 90' lang='lat' dir='ltr'><strong>or-</strong></span> <span class='ocrx_word' id='word_1_148' title='bbox 617 2321 684 2358; x_wconf 76' lang='lat' dir='ltr'><strong>voce</strong></span> <span class='ocrx_word' id='word_1_149' title='bbox 709 2310 736 2357; x_wconf 89' lang='lat' dir='ltr'><strong>et</strong></span> <span class='ocrx_word' id='word_1_150' title='bbox 756 2311 834 2371; x_wconf 82' lang='lat' dir='ltr'><strong>gestu</strong></span> <span class='ocrx_word' id='word_1_151' title='bbox 855 2308 1058 2358; x_wconf 84' lang='lat' dir='ltr'><strong>admirationem</strong></span> <span class='ocrx_word' id='word_1_152' title='bbox 1083 2321 1144 2373; x_wconf 82' lang='lat' dir='ltr'><strong>pru-</strong></span> 
     </span>
     <span class='ocr_line' id='line_1_19' title="bbox 86 2381 1142 2448; baseline 0.001 -17"><span class='ocrx_word' id='word_1_153' title='bbox 86 2381 160 2428; x_wconf 70' lang='lat' dir='ltr'><strong>ualui»</strong></span> <span class='ocrx_word' id='word_1_154' title='bbox 176 2383 204 2431; x_wconf 88' lang='lat' dir='ltr'><strong>V.</strong></span> <span class='ocrx_word' id='word_1_155' title='bbox 221 2385 363 2434; x_wconf 73' lang='lat' dir='ltr'><strong>mmditiae</strong></span> <span class='ocrx_word' id='word_1_156' title='bbox 374 2383 454 2434; x_wconf 88' lang='lat' dir='ltr'><strong>etiam</strong></span> <span class='ocrx_word' id='word_1_157' title='bbox 466 2385 491 2434; x_wconf 90' lang='lat' dir='ltr'><strong>in</strong></span> <span class='ocrx_word' id='word_1_158' title='bbox 503 2397 581 2448; x_wconf 89' lang='lat' dir='ltr'><strong>prosa</strong></span> <span class='ocrx_word' id='word_1_159' title='bbox 618 2382 710 2433; x_wconf 81' lang='lat' dir='ltr'><strong>dere.»</strong></span> <span class='ocrx_word' id='word_1_160' title='bbox 739 2383 866 2435; x_wconf 86' lang='lat' dir='ltr'><strong>Eiusdem</strong></span> <span class='ocrx_word' id='word_1_161' title='bbox 877 2385 982 2446; x_wconf 80' lang='lat' dir='ltr'><strong>generis</strong></span> <span class='ocrx_word' id='word_1_162' title='bbox 993 2385 1056 2433; x_wconf 85' lang='lat' dir='ltr'><strong>sunt</strong></span> <span class='ocrx_word' id='word_1_163' title='bbox 1071 2384 1142 2432; x_wconf 81' lang='lat' dir='ltr'><strong>etau-</strong></span> 
     </span>
     <span class='ocr_line' id='line_1_20' title="bbox 86 2457 1143 2524; baseline 0.007 -23"><span class='ocrx_word' id='word_1_164' title='bbox 86 2458 133 2502; x_wconf 82' lang='lat' dir='ltr'><strong>nrat.</strong></span> <span class='ocrx_word' id='word_1_165' title='bbox 148 2469 272 2524; x_wconf 83' lang='lat' dir='ltr'><strong>persaepe</strong></span> <span class='ocrx_word' id='word_1_166' title='bbox 291 2471 366 2510; x_wconf 86' lang='lat' dir='ltr'><strong>num.</strong></span> <span class='ocrx_word' id='word_1_167' title='bbox 384 2457 453 2523; x_wconf 83' lang='lat' dir='ltr'><strong>plur¹</strong></span> <span class='ocrx_word' id='word_1_168' title='bbox 471 2471 584 2523; x_wconf 83' lang='lat' dir='ltr'><strong>usurpa-</strong></span> <span class='ocrx_word' id='word_1_169' title='bbox 618 2460 680 2508; x_wconf 81' lang='lat' dir='ltr'><strong>dare</strong></span> <span class='ocrx_word' id='word_1_170' title='bbox 696 2457 768 2522; x_wconf 88' lang='lat' dir='ltr'><strong>apud</strong></span> <span class='ocrx_word' id='word_1_171' title='bbox 785 2459 890 2508; x_wconf 88' lang='lat' dir='ltr'><strong>Festum</strong></span> <span class='ocrx_word' id='word_1_172' title='bbox 904 2458 1048 2520; x_wconf 82' lang='lat' dir='ltr'><strong>(Ciceronis</strong></span> <span class='ocrx_word' id='word_1_173' title='bbox 1058 2459 1143 2508; x_wconf 78' lang='lat' dir='ltr'><strong>dilau-</strong></span> 
     </span>
     <span class='ocr_line' id='line_1_21' title="bbox 87 2529 1141 2598; baseline 0.007 -23"><span class='ocrx_word' id='word_1_174' title='bbox 87 2529 116 2575; x_wconf 86' lang='lat' dir='ltr'><strong>lnr</strong></span> <span class='ocrx_word' id='word_1_175' title='bbox 128 2531 300 2598; x_wconf 77' lang='lat' dir='ltr'><strong>significatque</strong></span> <span class='ocrx_word' id='word_1_176' title='bbox 318 2533 477 2598; x_wconf 79' lang='lat' dir='ltr'><strong>elegantiam</strong></span> <span class='ocrx_word' id='word_1_177' title='bbox 493 2535 519 2584; x_wconf 94' lang='lat' dir='ltr'><strong>in</strong></span> <span class='ocrx_word' id='word_1_178' title='bbox 537 2535 584 2584; x_wconf 89' lang='lat' dir='ltr'><strong>ba·</strong></span> <span class='ocrx_word' id='word_1_179' title='bbox 618 2533 699 2598; x_wconf 80' lang='lat' dir='ltr'><strong>clare),</strong></span> <span class='ocrx_word' id='word_1_180' title='bbox 722 2547 837 2583; x_wconf 72' lang='lat' dir='ltr'><strong>monere</strong></span> <span class='ocrx_word' id='word_1_181' title='bbox 853 2533 906 2582; x_wconf 89' lang='lat' dir='ltr'><strong>Cic.</strong></span> <span class='ocrx_word' id='word_1_182' title='bbox 929 2533 964 2582; x_wconf 89' lang='lat' dir='ltr'><strong>ad</strong></span> <span class='ocrx_word' id='word_1_183' title='bbox 982 2534 1054 2585; x_wconf 83' lang='lat' dir='ltr'><strong>Fam.</strong></span> <span class='ocrx_word' id='word_1_184' title='bbox 1073 2535 1097 2593; x_wconf 85' lang='lat' dir='ltr'><strong>i,</strong></span> <span class='ocrx_word' id='word_1_185' title='bbox 1116 2535 1141 2593; x_wconf 83' lang='lat' dir='ltr'><strong>i,</strong></span> 
     </span>
     <span class='ocr_line' id='line_1_22' title="bbox 88 2598 1141 2672; baseline 0.006 -21"><span class='ocrx_word' id='word_1_186' title='bbox 88 2598 127 2651; x_wconf 87' lang='lat' dir='ltr'><strong>bitu</strong></span> <span class='ocrx_word' id='word_1_187' title='bbox 141 2605 270 2670; x_wconf 80' lang='lat' dir='ltr'><strong>cultuque,</strong></span> <span class='ocrx_word' id='word_1_188' title='bbox 291 2611 396 2658; x_wconf 86' lang='lat' dir='ltr'><strong>remoto</strong></span> <span class='ocrx_word' id='word_1_189' title='bbox 414 2609 494 2658; x_wconf 90' lang='lat' dir='ltr'><strong>nimio</strong></span> <span class='ocrx_word' id='word_1_190' title='bbox 506 2623 584 2659; x_wconf 90' lang='lat' dir='ltr'><strong>orna-</strong></span> <span class='ocrx_word' id='word_1_191' title='bbox 618 2608 654 2669; x_wconf 82' lang='lat' dir='ltr'><strong>n,</strong></span> <span class='ocrx_word' id='word_1_192' title='bbox 672 2613 784 2658; x_wconf 69' lang='lat' dir='ltr'><strong>mutare</strong></span> <span class='ocrx_word' id='word_1_193' title='bbox 800 2607 887 2657; x_wconf 85' lang='lat' dir='ltr'><strong>litanti.</strong></span> <span class='ocrx_word' id='word_1_194' title='bbox 906 2609 931 2663; x_wconf 82' lang='lat'><strong>5,</strong></span> <span class='ocrx_word' id='word_1_195' title='bbox 951 2607 1006 2657; x_wconf 79' lang='lat' dir='ltr'><strong>tle.</strong></span> <span class='ocrx_word' id='word_1_196' title='bbox 1030 2621 1141 2672; x_wconf 84' lang='lat' dir='ltr'><strong>prursus</strong></span> 
     </span>
     <span class='ocr_line' id='line_1_23' title="bbox 88 2677 1141 2746; baseline 0.005 -18"><span class='ocrx_word' id='word_1_197' title='bbox 88 2677 113 2724; x_wconf 77' lang='lat' dir='ltr'><strong>li.</strong></span> <span class='ocrx_word' id='word_1_198' title='bbox 127 2679 189 2729; x_wconf 83' lang='lat' dir='ltr'><strong>Ou&#39;d.</strong></span> <span class='ocrx_word' id='word_1_199' title='bbox 206 2683 274 2734; x_wconf 75' lang='lat' dir='ltr'><strong>last.</strong></span> <span class='ocrx_word' id='word_1_200' title='bbox 296 2683 321 2742; x_wconf 78' lang='lat'><strong>2,</strong></span> <span class='ocrx_word' id='word_1_201' title='bbox 340 2683 401 2733; x_wconf 69' lang='lat'><strong>764:</strong></span> <span class='ocrx_word' id='word_1_202' title='bbox 420 2685 512 2733; x_wconf 71' lang='lat' dir='ltr'><strong>Farina</strong></span> <span class='ocrx_word' id='word_1_203' title='bbox 524 2685 583 2745; x_wconf 84' lang='lat' dir='ltr'><strong>pln-</strong></span> <span class='ocrx_word' id='word_1_204' title='bbox 619 2685 737 2744; x_wconf 83' lang='lat' dir='ltr'><strong>mutare,</strong></span> <span class='ocrx_word' id='word_1_205' title='bbox 756 2683 902 2734; x_wconf 79' lang='lat' dir='ltr'><strong>everberare</strong></span> <span class='ocrx_word' id='word_1_206' title='bbox 919 2681 1006 2746; x_wconf 83' lang='lat' dir='ltr'><strong>Virgil.</strong></span> <span class='ocrx_word' id='word_1_207' title='bbox 1020 2686 1085 2733; x_wconf 80' lang='lat' dir='ltr'><strong>Aen.</strong></span> <span class='ocrx_word' id='word_1_208' title='bbox 1099 2684 1141 2734; x_wconf 80' lang='lat' dir='ltr'><strong>ta.</strong></span> 
     </span>
     <span class='ocr_line' id='line_1_24' title="bbox 88 2756 1142 2823; baseline 0 -15"><span class='ocrx_word' id='word_1_209' title='bbox 88 2756 251 2820; x_wconf 49' lang='lat' dir='ltr'><strong>tib-Quique</strong></span> <span class='ocrx_word' id='word_1_210' title='bbox 276 2760 382 2820; x_wconf 64' lang='lat' dir='ltr'><strong>adnm,</strong></span> <span class='ocrx_word' id='word_1_211' title='bbox 408 2759 479 2808; x_wconf 78' lang='lat' dir='ltr'><strong>nullu</strong></span> <span class='ocrx_word' id='word_1_212' title='bbox 502 2761 584 2823; x_wconf 78' lang='lat' dir='ltr'><strong>factus</strong></span> <span class='ocrx_word' id='word_1_213' title='bbox 619 2759 675 2808; x_wconf 86' lang='grc'>866.</span> <span class='ocrx_word' id='word_1_214' title='bbox 709 2757 778 2809; x_wconf 82' lang='lat' dir='ltr'><strong>Alibi</strong></span> <span class='ocrx_word' id='word_1_215' title='bbox 795 2757 855 2808; x_wconf 88' lang='lat' dir='ltr'><strong>talia</strong></span> <span class='ocrx_word' id='word_1_216' title='bbox 871 2771 914 2808; x_wconf 85' lang='lat' dir='ltr'><strong>vv.</strong></span> <span class='ocrx_word' id='word_1_217' title='bbox 928 2758 961 2808; x_wconf 90' lang='lat' dir='ltr'><strong>ad</strong></span> <span class='ocrx_word' id='word_1_218' title='bbox 973 2771 1052 2808; x_wconf 88' lang='lat' dir='ltr'><strong>suum</strong></span> <span class='ocrx_word' id='word_1_219' title='bbox 1063 2771 1142 2808; x_wconf 91' lang='lat' dir='ltr'><strong>usum</strong></span> 
     </span>
     <span class='ocr_line' id='line_1_25' title="bbox 87 2823 1141 2896; baseline 0.002 -18"><span class='ocrx_word' id='word_1_220' title='bbox 87 2823 257 2882; x_wconf 67' lang='lat' dir='ltr'><strong>timedatur.</strong></span> <span class='ocrx_word' id='word_1_221' title='bbox 292 2833 335 2882; x_wconf 79' lang='lat' dir='ltr'><strong>Ad</strong></span> <span class='ocrx_word' id='word_1_222' title='bbox 352 2833 431 2882; x_wconf 80' lang='lat' dir='ltr'><strong>dat-iv,</strong></span> <span class='ocrx_word' id='word_1_223' title='bbox 450 2835 490 2882; x_wconf 86' lang='lat' dir='ltr'><strong>cui</strong></span> <span class='ocrx_word' id='word_1_224' title='bbox 507 2846 583 2883; x_wconf 87' lang='lat' dir='ltr'><strong>com·</strong></span> <span class='ocrx_word' id='word_1_225' title='bbox 620 2833 761 2882; x_wconf 81' lang='lat' dir='ltr'><strong>metricum</strong></span> <span class='ocrx_word' id='word_1_226' title='bbox 773 2832 1013 2896; x_wconf 83' lang='lat' dir='ltr'><strong>creabantpoittae,</strong></span> <span class='ocrx_word' id='word_1_227' title='bbox 1026 2836 1056 2882; x_wconf 88' lang='lat' dir='ltr'><strong>ut</strong></span> <span class='ocrx_word' id='word_1_228' title='bbox 1066 2832 1141 2882; x_wconf 70' lang='lat' dir='ltr'><strong>Ouid.</strong></span> 
     </span>
     <span class='ocr_line' id='line_1_26' title="bbox 88 2906 1143 2968; baseline 0.006 -18"><span class='ocrx_word' id='word_1_229' title='bbox 88 2907 158 2959; x_wconf 70' lang='lat' dir='ltr'><strong>aaran</strong></span> <span class='ocrx_word' id='word_1_230' title='bbox 171 2906 260 2958; x_wconf 87' lang='lat' dir='ltr'><strong>Tibull.</strong></span> <span class='ocrx_word' id='word_1_231' title='bbox 280 2907 307 2967; x_wconf 79' lang='lat' dir='ltr'><strong>i,</strong></span> <span class='ocrx_word' id='word_1_232' title='bbox 325 2908 350 2968; x_wconf 85' lang='lat' dir='ltr'><strong>ti,</strong></span> <span class='ocrx_word' id='word_1_233' title='bbox 368 2909 398 2958; x_wconf 72' lang='lat'><strong>2:</strong></span> <span class='ocrx_word' id='word_1_234' title='bbox 420 2908 478 2958; x_wconf 80' lang='lat' dir='ltr'><strong>Tuta</strong></span> <span class='ocrx_word' id='word_1_235' title='bbox 495 2908 584 2958; x_wconf 76' lang='lat' dir='ltr'><strong>titini</strong></span> <span class='ocrx_word' id='word_1_236' title='bbox 620 2909 693 2956; x_wconf 88' lang='lat' dir='ltr'><strong>liem.</strong></span> <span class='ocrx_word' id='word_1_237' title='bbox 712 2908 772 2958; x_wconf 78' lang='lat' dir='ltr'><strong>Am.</strong></span> <span class='ocrx_word' id='word_1_238' title='bbox 787 2908 846 2958; x_wconf 81' lang='lat' dir='ltr'><strong>tao:</strong></span> <span class='ocrx_word' id='word_1_239' title='bbox 866 2908 1143 2956; x_wconf 54' lang='lat' dir='ltr'><strong>dom-emoderan-</strong></span> 
     </span>
     <span class='ocr_line' id='line_1_27' title="bbox 87 2972 1144 3046; baseline 0.007 -22"><span class='ocrx_word' id='word_1_240' title='bbox 87 2972 147 3028; x_wconf 71' lang='lat' dir='ltr'><strong>luia„</strong></span> <span class='ocrx_word' id='word_1_241' title='bbox 163 2979 202 3029; x_wconf 81' lang='lat' dir='ltr'><strong>titi</strong></span> <span class='ocrx_word' id='word_1_242' title='bbox 217 2995 242 3031; x_wconf 80' lang='lat' dir='ltr'><strong>aa</strong></span> <span class='ocrx_word' id='word_1_243' title='bbox 262 2983 401 3032; x_wconf 64' lang='lat' dir='ltr'><strong>tactim</strong></span> <span class='ocrx_word' id='word_1_244' title='bbox 421 2983 531 3044; x_wconf 78' lang='lat' dir='ltr'><strong>couiprit</strong></span> <span class='ocrx_word' id='word_1_245' title='bbox 553 3009 581 3018; x_wconf 94' lang='lat'><em>-</em></span> <span class='ocrx_word' id='word_1_246' title='bbox 620 2983 673 3030; x_wconf 77' lang='lat' dir='ltr'><strong>dria.</strong></span> <span class='ocrx_word' id='word_1_247' title='bbox 689 3009 716 3018; x_wconf 92' lang='lat'><em>-</em></span> <span class='ocrx_word' id='word_1_248' title='bbox 729 2983 843 3046; x_wconf 79' lang='lat' dir='ltr'><strong>inaniens]</strong></span> <span class='ocrx_word' id='word_1_249' title='bbox 860 2983 946 3046; x_wconf 89' lang='lat' dir='ltr'><strong>prima</strong></span> <span class='ocrx_word' id='word_1_250' title='bbox 963 2981 1059 3045; x_wconf 60' lang='lat' dir='ltr'><strong>signif„</strong></span> <span class='ocrx_word' id='word_1_251' title='bbox 1079 2994 1144 3031; x_wconf 82' lang='lat' dir='ltr'><strong>«nri-</strong></span> 
     </span>
     <span class='ocr_line' id='line_1_28' title="bbox 88 3048 1144 3121; baseline -0.001 -15"><span class='ocrx_word' id='word_1_252' title='bbox 88 3048 164 3116; x_wconf 68' lang='lat' dir='ltr'><strong>lltnm]</strong></span> <span class='ocrx_word' id='word_1_253' title='bbox 181 3056 269 3120; x_wconf 83' lang='lat' dir='ltr'><strong>Capilli</strong></span> <span class='ocrx_word' id='word_1_254' title='bbox 288 3057 350 3106; x_wconf 74' lang='lat' dir='ltr'><strong>ilari</strong></span> <span class='ocrx_word' id='word_1_255' title='bbox 366 3059 477 3120; x_wconf 89' lang='lat' dir='ltr'><strong>propter</strong></span> <span class='ocrx_word' id='word_1_256' title='bbox 497 3057 583 3121; x_wconf 88' lang='lat' dir='ltr'><strong>ipsam</strong></span> <span class='ocrx_word' id='word_1_257' title='bbox 621 3059 664 3106; x_wconf 90' lang='lat' dir='ltr'><strong>tea</strong></span> <span class='ocrx_word' id='word_1_258' title='bbox 685 3057 805 3108; x_wconf 85' lang='lat' dir='ltr'><strong>insuetus</strong></span> <span class='ocrx_word' id='word_1_259' title='bbox 826 3060 881 3107; x_wconf 91' lang='lat' dir='ltr'><strong>tam</strong></span> <span class='ocrx_word' id='word_1_260' title='bbox 906 3056 1001 3107; x_wconf 86' lang='lat' dir='ltr'><strong>celeris</strong></span> <span class='ocrx_word' id='word_1_261' title='bbox 1018 3057 1144 3105; x_wconf 87' lang='lat' dir='ltr'><strong>immuta-</strong></span> 
     </span>
     <span class='ocr_line' id='line_1_29' title="bbox 89 3127 1145 3196; baseline 0.007 -24"><span class='ocrx_word' id='word_1_262' title='bbox 89 3127 195 3178; x_wconf 82' lang='lat' dir='ltr'><strong>nritaiem</strong></span> <span class='ocrx_word' id='word_1_263' title='bbox 212 3132 245 3180; x_wconf 87' lang='lat' dir='ltr'><strong>ab</strong></span> <span class='ocrx_word' id='word_1_264' title='bbox 262 3129 335 3182; x_wconf 88' lang='lat' dir='ltr'><strong>italis</strong></span> <span class='ocrx_word' id='word_1_265' title='bbox 356 3145 405 3196; x_wconf 86' lang='lat' dir='ltr'><strong>pre</strong></span> <span class='ocrx_word' id='word_1_266' title='bbox 428 3129 584 3194; x_wconf 88' lang='lat' dir='ltr'><strong>pulchriori·</strong></span> <span class='ocrx_word' id='word_1_267' title='bbox 620 3131 710 3190; x_wconf 84' lang='lat' dir='ltr'><strong>tionis;</strong></span> <span class='ocrx_word' id='word_1_268' title='bbox 728 3139 780 3180; x_wconf 87' lang='lat' dir='ltr'><strong>nee</strong></span> <span class='ocrx_word' id='word_1_269' title='bbox 791 3133 847 3195; x_wconf 87' lang='lat' dir='ltr'><strong>ipse</strong></span> <span class='ocrx_word' id='word_1_270' title='bbox 860 3133 923 3183; x_wconf 86' lang='lat' dir='ltr'><strong>satis</strong></span> <span class='ocrx_word' id='word_1_271' title='bbox 934 3129 1060 3194; x_wconf 85' lang='lat' dir='ltr'><strong>intelligit,</strong></span> <span class='ocrx_word' id='word_1_272' title='bbox 1080 3144 1145 3193; x_wconf 87' lang='lat' dir='ltr'><strong>quo-</strong></span> 
     </span>
     <span class='ocr_line' id='line_1_30' title="bbox 90 3193 1145 3267; baseline 0.001 -16"><span class='ocrx_word' id='word_1_273' title='bbox 90 3193 125 3246; x_wconf 74' lang='lat' dir='ltr'><strong>bte</strong></span> <span class='ocrx_word' id='word_1_274' title='bbox 138 3201 305 3256; x_wconf 81' lang='lat' dir='ltr'><strong>habebantur.</strong></span> <span class='ocrx_word' id='word_1_275' title='bbox 620 3205 701 3256; x_wconf 90' lang='lat' dir='ltr'><strong>modo</strong></span> <span class='ocrx_word' id='word_1_276' title='bbox 728 3208 785 3255; x_wconf 88' lang='lat' dir='ltr'><strong>tam</strong></span> <span class='ocrx_word' id='word_1_277' title='bbox 812 3205 946 3256; x_wconf 86' lang='lat' dir='ltr'><strong>mutabilis</strong></span> <span class='ocrx_word' id='word_1_278' title='bbox 974 3219 1033 3256; x_wconf 88' lang='lat' dir='ltr'><strong>esse</strong></span> <span class='ocrx_word' id='word_1_279' title='bbox 1060 3203 1145 3267; x_wconf 90' lang='lat' dir='ltr'><strong>possit</strong></span> 
     </span>
     <span class='ocr_line' id='line_1_31' title="bbox 91 3273 1144 3350; baseline -0.002 -21"><span class='ocrx_word' id='word_1_280' title='bbox 91 3273 129 3350; x_wconf 15' lang='lat'><strong>¹5-</strong></span> <span class='ocrx_word' id='word_1_281' title='bbox 143 3277 215 3343; x_wconf 67' lang='lat' dir='ltr'><strong>idun]</strong></span> <span class='ocrx_word' id='word_1_282' title='bbox 233 3283 371 3344; x_wconf 73' lang='lat' dir='ltr'><strong>«quamtu</strong></span> <span class='ocrx_word' id='word_1_283' title='bbox 388 3279 461 3342; x_wconf 90' lang='lat' dir='ltr'><strong>taliis,</strong></span> <span class='ocrx_word' id='word_1_284' title='bbox 481 3282 508 3331; x_wconf 91' lang='lat' dir='ltr'><strong>et</strong></span> <span class='ocrx_word' id='word_1_285' title='bbox 519 3281 584 3332; x_wconf 86' lang='lat' dir='ltr'><strong>deos</strong></span> <span class='ocrx_word' id='word_1_286' title='bbox 620 3279 735 3345; x_wconf 82' lang='lat' dir='ltr'><strong>puella.»</strong></span> <span class='ocrx_word' id='word_1_287' title='bbox 770 3281 824 3330; x_wconf 89' lang='lat' dir='ltr'><strong>Cic.</strong></span> <span class='ocrx_word' id='word_1_288' title='bbox 843 3281 970 3340; x_wconf 79' lang='lat' dir='ltr'><strong>deont,</strong></span> <span class='ocrx_word' id='word_1_289' title='bbox 988 3280 1017 3328; x_wconf 79' lang='lat'><strong>7:</strong></span> <span class='ocrx_word' id='word_1_290' title='bbox 1037 3291 1144 3340; x_wconf 74' lang='lat' dir='ltr'><strong>quorum</strong></span> 
     </span>
     <span class='ocr_line' id='line_1_32' title="bbox 89 3351 1142 3419; baseline 0 -20"><span class='ocrx_word' id='word_1_291' title='bbox 89 3356 196 3401; x_wconf 75' lang='lat' dir='ltr'><strong>*lemare</strong></span> <span class='ocrx_word' id='word_1_292' title='bbox 212 3353 260 3404; x_wconf 82' lang='lat' dir='ltr'><strong>sibi</strong></span> <span class='ocrx_word' id='word_1_293' title='bbox 278 3354 407 3406; x_wconf 85' lang='lat' dir='ltr'><strong>adversos</strong></span> <span class='ocrx_word' id='word_1_294' title='bbox 424 3355 582 3414; x_wconf 86' lang='lat' dir='ltr'><strong>iamiactns,</strong></span> <span class='ocrx_word' id='word_1_295' title='bbox 620 3369 670 3404; x_wconf 78' lang='lat' dir='ltr'><strong>riou</strong></span> <span class='ocrx_word' id='word_1_296' title='bbox 694 3356 801 3419; x_wconf 77' lang='lat' dir='ltr'><strong>ipnmaa</strong></span> <span class='ocrx_word' id='word_1_297' title='bbox 825 3360 849 3405; x_wconf 83' lang='lat' dir='ltr'><strong>et</strong></span> <span class='ocrx_word' id='word_1_298' title='bbox 873 3356 980 3404; x_wconf 73' lang='lat' dir='ltr'><strong>insolens</strong></span> <span class='ocrx_word' id='word_1_299' title='bbox 1004 3355 1054 3402; x_wconf 88' lang='lat' dir='ltr'><strong>cet.</strong></span> <span class='ocrx_word' id='word_1_300' title='bbox 1091 3351 1142 3400; x_wconf 86' lang='lat' dir='ltr'><strong>sal.</strong></span> 
     </span>
     <span class='ocr_line' id='line_1_33' title="bbox 90 3427 1143 3493; baseline -0.003 -15"><span class='ocrx_word' id='word_1_301' title='bbox 90 3429 271 3490; x_wconf 73' lang='lat' dir='ltr'><strong>iuuapropitios</strong></span> <span class='ocrx_word' id='word_1_302' title='bbox 291 3429 453 3488; x_wconf 85' lang='lat' dir='ltr'><strong>crediderat,</strong></span> <span class='ocrx_word' id='word_1_303' title='bbox 473 3443 504 3480; x_wconf 85' lang='lat' dir='ltr'><strong>ac</strong></span> <span class='ocrx_word' id='word_1_304' title='bbox 521 3443 584 3493; x_wconf 90' lang='lat' dir='ltr'><strong>prn-</strong></span> <span class='ocrx_word' id='word_1_305' title='bbox 622 3431 677 3480; x_wconf 86' lang='lat' dir='ltr'><strong>Cat.</strong></span> <span class='ocrx_word' id='word_1_306' title='bbox 705 3430 733 3479; x_wconf 84' lang='lat'><strong>3:</strong></span> <span class='ocrx_word' id='word_1_307' title='bbox 760 3429 866 3478; x_wconf 79' lang='lat' dir='ltr'><strong>inaniens</strong></span> <span class='ocrx_word' id='word_1_308' title='bbox 891 3429 1020 3477; x_wconf 70' lang='lat' dir='ltr'><strong>malum</strong></span> <span class='ocrx_word' id='word_1_309' title='bbox 1039 3427 1143 3476; x_wconf 80' lang='lat' dir='ltr'><strong>artimn.</strong></span> 
     </span>
     <span class='ocr_line' id='line_1_34' title="bbox 90 3493 1144 3566; baseline 0.011 -28"><span class='ocrx_word' id='word_1_310' title='bbox 90 3493 149 3546; x_wconf 76' lang='lat' dir='ltr'><strong>‹rlbs</strong></span> <span class='ocrx_word' id='word_1_311' title='bbox 168 3505 237 3563; x_wconf 86' lang='lat' dir='ltr'><strong>quasi</strong></span> <span class='ocrx_word' id='word_1_312' title='bbox 255 3506 368 3565; x_wconf 85' lang='lat' dir='ltr'><strong>amoris,</strong></span> <span class='ocrx_word' id='word_1_313' title='bbox 391 3506 492 3565; x_wconf 85' lang='lat' dir='ltr'><strong>idest,</strong></span> <span class='ocrx_word' id='word_1_314' title='bbox 514 3505 584 3555; x_wconf 81' lang='lat' dir='ltr'><strong>rixas</strong></span> <span class='ocrx_word' id='word_1_315' title='bbox 622 3503 727 3566; x_wconf 78' lang='lat' dir='ltr'><strong>(Arguta</strong></span> <span class='ocrx_word' id='word_1_316' title='bbox 746 3501 926 3553; x_wconf 74' lang='lat' dir='ltr'><strong>macilenti:</strong></span> <span class='ocrx_word' id='word_1_317' title='bbox 955 3502 1049 3564; x_wconf 75' lang='lat' dir='ltr'><strong>«Atqui</strong></span> <span class='ocrx_word' id='word_1_318' title='bbox 1066 3502 1087 3552; x_wconf 89' lang='lat' dir='ltr'><strong>si</strong></span> <span class='ocrx_word' id='word_1_319' title='bbox 1105 3506 1144 3550; x_wconf 87' lang='lat' dir='ltr'><strong>tu-</strong></span> 
     </span>
     <span class='ocr_line' id='line_1_35' title="bbox 90 3571 1143 3641; baseline 0.009 -18"><span class='ocrx_word' id='word_1_320' title='bbox 90 3571 141 3618; x_wconf 72' lang='lat' dir='ltr'><strong>ate</strong></span> <span class='ocrx_word' id='word_1_321' title='bbox 165 3579 302 3629; x_wconf 84' lang='lat' dir='ltr'><strong>concitatas</strong></span> <span class='ocrx_word' id='word_1_322' title='bbox 327 3578 369 3628; x_wconf 88' lang='lat' dir='ltr'><strong>ille</strong></span> <span class='ocrx_word' id='word_1_323' title='bbox 396 3578 496 3628; x_wconf 80' lang='lat' dir='ltr'><strong>nebit.»</strong></span> <span class='ocrx_word' id='word_1_324' title='bbox 531 3580 584 3628; x_wconf 88' lang='lat' dir='ltr'><strong>llas</strong></span> <span class='ocrx_word' id='word_1_325' title='bbox 620 3579 665 3627; x_wconf 81' lang='lat' dir='ltr'><strong>ties</strong></span> <span class='ocrx_word' id='word_1_326' title='bbox 681 3578 848 3638; x_wconf 88' lang='lat' dir='ltr'><strong>emirabitur,</strong></span> <span class='ocrx_word' id='word_1_327' title='bbox 868 3577 1015 3640; x_wconf 77' lang='lat' dir='ltr'><strong>quomedo,</strong></span> <span class='ocrx_word' id='word_1_328' title='bbox 1033 3590 1143 3641; x_wconf 79' lang='lat' dir='ltr'><strong>quaeso.</strong></span> 
     </span>
     <span class='ocr_line' id='line_1_36' title="bbox 91 3645 1144 3717; baseline 0.009 -26"><span class='ocrx_word' id='word_1_329' title='bbox 91 3645 244 3702; x_wconf 68' lang='lat' dir='ltr'><strong>contentiones</strong></span> <span class='ocrx_word' id='word_1_330' title='bbox 261 3657 399 3716; x_wconf 84' lang='lat' dir='ltr'><strong>comparat</strong></span> <span class='ocrx_word' id='word_1_331' title='bbox 419 3655 584 3717; x_wconf 85' lang='lat' dir='ltr'><strong>tempestati·</strong></span> <span class='ocrx_word' id='word_1_332' title='bbox 621 3654 743 3703; x_wconf 70' lang='lat' dir='ltr'><strong>intubus?</strong></span> <span class='ocrx_word' id='word_1_333' title='bbox 761 3655 840 3703; x_wconf 86' lang='lat' dir='ltr'><strong>Certe</strong></span> <span class='ocrx_word' id='word_1_334' title='bbox 858 3666 911 3702; x_wconf 90' lang='lat' dir='ltr'><strong>nnn</strong></span> <span class='ocrx_word' id='word_1_335' title='bbox 928 3653 978 3703; x_wconf 87' lang='lat' dir='ltr'><strong>nisi</strong></span> <span class='ocrx_word' id='word_1_336' title='bbox 990 3653 1075 3716; x_wconf 87' lang='lat' dir='ltr'><strong>prima</strong></span> <span class='ocrx_word' id='word_1_337' title='bbox 1086 3653 1144 3700; x_wconf 78' lang='lat' dir='ltr'><strong>vire</strong></span> 
     </span>
     <span class='ocr_line' id='line_1_37' title="bbox 91 3711 1146 3789; baseline -0.001 -13"><span class='ocrx_word' id='word_1_338' title='bbox 91 3711 128 3764; x_wconf 59' lang='lat' dir='ltr'><strong>ill*</strong></span> <span class='ocrx_word' id='word_1_339' title='bbox 144 3723 222 3784; x_wconf 72' lang='lat' dir='ltr'><strong>riprts,</strong></span> <span class='ocrx_word' id='word_1_340' title='bbox 244 3728 348 3778; x_wconf 88' lang='lat' dir='ltr'><strong>caelum</strong></span> <span class='ocrx_word' id='word_1_341' title='bbox 369 3727 581 3788; x_wconf 81' lang='lat' dir='ltr'><strong>obscurantibus,</strong></span> <span class='ocrx_word' id='word_1_342' title='bbox 621 3728 726 3777; x_wconf 78' lang='lat' dir='ltr'><strong>impleus</strong></span> <span class='ocrx_word' id='word_1_343' title='bbox 752 3727 831 3776; x_wconf 83' lang='lat' dir='ltr'><strong>erit.»</strong></span> <span class='ocrx_word' id='word_1_344' title='bbox 865 3728 917 3778; x_wconf 89' lang='lat' dir='ltr'><strong>Sed</strong></span> <span class='ocrx_word' id='word_1_345' title='bbox 943 3727 978 3777; x_wconf 89' lang='lat' dir='ltr'><strong>ita</strong></span> <span class='ocrx_word' id='word_1_346' title='bbox 999 3726 1146 3789; x_wconf 81' lang='lat' dir='ltr'><strong>intelligen-</strong></span> 
     </span>
     <span class='ocr_line' id='line_1_38' title="bbox 92 3791 1148 3865; baseline 0.001 -17"><span class='ocrx_word' id='word_1_347' title='bbox 92 3791 192 3855; x_wconf 63' lang='grc' dir='ltr'><strong>11ΙΕΡΜ.</strong></span> <span class='ocrx_word' id='word_1_348' title='bbox 211 3801 248 3861; x_wconf 83' lang='lat' dir='ltr'><strong>to,</strong></span> <span class='ocrx_word' id='word_1_349' title='bbox 267 3803 295 3851; x_wconf 87' lang='lat'><strong>5:</strong></span> <span class='ocrx_word' id='word_1_350' title='bbox 314 3803 387 3865; x_wconf 69' lang='lat' dir='ltr'><strong>piper</strong></span> <span class='ocrx_word' id='word_1_351' title='bbox 400 3803 491 3852; x_wconf 71' lang='lat' dir='ltr'><strong>sana.</strong></span> <span class='ocrx_word' id='word_1_352' title='bbox 511 3803 582 3865; x_wconf 85' lang='lat' dir='ltr'><strong>Virg.</strong></span> <span class='ocrx_word' id='word_1_353' title='bbox 621 3801 699 3851; x_wconf 88' lang='lat' dir='ltr'><strong>dum:</strong></span> <span class='ocrx_word' id='word_1_354' title='bbox 720 3802 807 3865; x_wconf 75' lang='lat' dir='ltr'><strong>uprius</strong></span> <span class='ocrx_word' id='word_1_355' title='bbox 819 3802 948 3859; x_wconf 86' lang='lat' dir='ltr'><strong>insolens,</strong></span> <span class='ocrx_word' id='word_1_356' title='bbox 968 3803 1087 3852; x_wconf 90' lang='lat' dir='ltr'><strong>nondum</strong></span> <span class='ocrx_word' id='word_1_357' title='bbox 1098 3813 1148 3864; x_wconf 91' lang='lat' dir='ltr'><strong>pu-</strong></span> 
     </span>
     <span class='ocr_line' id='line_1_39' title="bbox 93 3861 1022 3940; baseline 0.004 -17"><span class='ocrx_word' id='word_1_358' title='bbox 93 3861 162 3928; x_wconf 66' lang='lat' dir='ltr'><strong>Gfflfs-</strong></span> <span class='ocrx_word' id='word_1_359' title='bbox 186 3873 207 3932; x_wconf 77' lang='grc' dir='ltr'><strong>Ξ,</strong></span> <span class='ocrx_word' id='word_1_360' title='bbox 229 3875 293 3925; x_wconf 78' lang='lat'><strong>278:</strong></span> <span class='ocrx_word' id='word_1_361' title='bbox 316 3877 579 3940; x_wconf 65' lang='lat' dir='ltr'><strong>ripariensium</strong></span> <span class='ocrx_word' id='word_1_362' title='bbox 621 3873 686 3926; x_wconf 87' lang='lat' dir='ltr'><strong>ellae</strong></span> <span class='ocrx_word' id='word_1_363' title='bbox 705 3877 845 3939; x_wconf 85' lang='lat' dir='ltr'><strong>perfidiam</strong></span> <span class='ocrx_word' id='word_1_364' title='bbox 863 3876 1022 3940; x_wconf 72' lang='lat' dir='ltr'><strong>expertusni</strong></span> 
     </span>
     <span class='ocr_line' id='line_1_40' title="bbox 96 3941 582 4014; baseline 0.008 -18"><span class='ocrx_word' id='word_1_365' title='bbox 96 3961 113 3970; x_wconf 67' lang='grc'><em>“</em></span> <span class='ocrx_word' id='word_1_366' title='bbox 133 3941 282 4014; x_wconf 68' lang='lat' dir='ltr'><strong>lucarque]</strong></span> <span class='ocrx_word' id='word_1_367' title='bbox 314 3964 381 4000; x_wconf 76' lang='lat' dir='ltr'><strong>«non</strong></span> <span class='ocrx_word' id='word_1_368' title='bbox 410 3951 462 4000; x_wconf 86' lang='lat' dir='ltr'><strong>iam</strong></span> <span class='ocrx_word' id='word_1_369' title='bbox 485 3952 533 4014; x_wconf 88' lang='lat' dir='ltr'><strong>ipsi</strong></span> <span class='ocrx_word' id='word_1_370' title='bbox 556 3953 582 4000; x_wconf 90' lang='lat' dir='ltr'><strong>in</strong></span> 
     </span>
     <span class='ocr_line' id='line_1_41' title="bbox 94 4021 585 4094; baseline 0.01 -25"><span class='ocrx_word' id='word_1_371' title='bbox 94 4021 162 4094; x_wconf 58' lang='lat' dir='ltr'><strong>³¹90oe</strong></span> <span class='ocrx_word' id='word_1_372' title='bbox 179 4025 307 4086; x_wconf 83' lang='lat' dir='ltr'><strong>propitios,</strong></span> <span class='ocrx_word' id='word_1_373' title='bbox 326 4025 387 4089; x_wconf 88' lang='lat' dir='ltr'><strong>quia</strong></span> <span class='ocrx_word' id='word_1_374' title='bbox 409 4027 509 4088; x_wconf 82' lang='lat' dir='ltr'><strong>Pyrrha</strong></span> <span class='ocrx_word' id='word_1_375' title='bbox 532 4026 585 4089; x_wconf 93' lang='lat' dir='ltr'><strong>pri-</strong></span> 
     </span>
     <span class='ocr_line' id='line_1_42' title="bbox 95 4087 580 4162; baseline 0.031 -32"><span class='ocrx_word' id='word_1_376' title='bbox 95 4087 166 4141; x_wconf 78' lang='lat' dir='ltr'><strong>stinam</strong></span> <span class='ocrx_word' id='word_1_377' title='bbox 174 4095 247 4148; x_wconf 89' lang='lat' dir='ltr'><strong>iidem</strong></span> <span class='ocrx_word' id='word_1_378' title='bbox 257 4103 376 4161; x_wconf 84' lang='lat' dir='ltr'><strong>mutavit,</strong></span> <span class='ocrx_word' id='word_1_379' title='bbox 387 4100 412 4150; x_wconf 88' lang='lat' dir='ltr'><strong>id</strong></span> <span class='ocrx_word' id='word_1_380' title='bbox 422 4103 471 4159; x_wconf 85' lang='lat' dir='ltr'><strong>est,</strong></span> <span class='ocrx_word' id='word_1_381' title='bbox 480 4099 580 4162; x_wconf 69' lang='lat' dir='ltr'><strong>tregit.»</strong></span> 
     </span>
     <span class='ocr_line' id='line_1_43' title="bbox 111 4161 1146 4240; baseline 0.003 -20"><span class='ocrx_word' id='word_1_382' title='bbox 111 4161 135 4240; x_wconf 31' lang='lat'><strong>¹⁸·</strong></span> <span class='ocrx_word' id='word_1_383' title='bbox 157 4168 306 4239; x_wconf 75' lang='lat' dir='ltr'><strong>limirubitm]</strong></span> <span class='ocrx_word' id='word_1_384' title='bbox 332 4177 361 4225; x_wconf 90' lang='lat' dir='ltr'><strong>in</strong></span> <span class='ocrx_word' id='word_1_385' title='bbox 383 4187 477 4233; x_wconf 86' lang='lat' dir='ltr'><strong>aurea,</strong></span> <span class='ocrx_word' id='word_1_386' title='bbox 499 4187 580 4237; x_wconf 89' lang='lat' dir='ltr'><strong>quam</strong></span> <span class='ocrx_word' id='word_1_387' title='bbox 653 4177 691 4225; x_wconf 86' lang='lat' dir='ltr'><strong>to.</strong></span> <span class='ocrx_word' id='word_1_388' title='bbox 711 4175 827 4238; x_wconf 70' lang='lat' dir='ltr'><strong>vamum]</strong></span> <span class='ocrx_word' id='word_1_389' title='bbox 847 4175 896 4225; x_wconf 79' lang='lat' dir='ltr'><strong>«ab</strong></span> <span class='ocrx_word' id='word_1_390' title='bbox 914 4173 971 4224; x_wconf 86' lang='lat' dir='ltr'><strong>aliis</strong></span> <span class='ocrx_word' id='word_1_391' title='bbox 982 4173 1146 4224; x_wconf 87' lang='lat' dir='ltr'><strong>amatoribus</strong></span> 
     </span>
     <span class='ocr_line' id='line_1_44' title="bbox 97 4230 1144 4313; baseline 0.012 -28"><span class='ocrx_word' id='word_1_392' title='bbox 97 4230 174 4302; x_wconf 77' lang='lat' dir='ltr'><strong>litant,</strong></span> <span class='ocrx_word' id='word_1_393' title='bbox 197 4245 326 4302; x_wconf 85' lang='lat' dir='ltr'><strong>Latinitate</strong></span> <span class='ocrx_word' id='word_1_394' title='bbox 348 4263 418 4302; x_wconf 86' lang='lat' dir='ltr'><strong>nunc</strong></span> <span class='ocrx_word' id='word_1_395' title='bbox 438 4241 515 4313; x_wconf 69' lang='grc' dir='ltr'><strong>ἅπαξ</strong></span> <span class='ocrx_word' id='word_1_396' title='bbox 534 4248 580 4300; x_wconf 78' lang='grc' dir='ltr'><strong>λε·</strong></span> <span class='ocrx_word' id='word_1_397' title='bbox 621 4249 726 4313; x_wconf 86' lang='lat' dir='ltr'><strong>sibique</strong></span> <span class='ocrx_word' id='word_1_398' title='bbox 744 4250 821 4300; x_wconf 86' lang='lat' dir='ltr'><strong>unice</strong></span> <span class='ocrx_word' id='word_1_399' title='bbox 834 4249 966 4301; x_wconf 76' lang='lat' dir='ltr'><strong>deditam»</strong></span> <span class='ocrx_word' id='word_1_400' title='bbox 984 4247 1072 4298; x_wconf 89' lang='lat' dir='ltr'><strong>utOd.</strong></span> <span class='ocrx_word' id='word_1_401' title='bbox 1086 4260 1144 4309; x_wconf 85' lang='lat' dir='ltr'><strong>seq·</strong></span> 
     </span>
    </p>
   </div>
   <div class='ocr_carea' id='block_1_6' title="bbox 620 3987 1147 4114">
    <p class='ocr_par' dir='ltr' id='par_1_6' title="bbox 620 3987 1147 4114">
     <span class='ocr_line' id='line_1_45' title="bbox 652 3987 1147 4053; baseline -0.002 -16"><span class='ocrx_word' id='word_1_402' title='bbox 652 3988 676 4037; x_wconf 86' lang='lat' dir='ltr'><strong>n.</strong></span> <span class='ocrx_word' id='word_1_403' title='bbox 696 3990 783 4053; x_wconf 84' lang='lat' dir='ltr'><strong>aurea]</strong></span> <span class='ocrx_word' id='word_1_404' title='bbox 804 3988 943 4039; x_wconf 80' lang='lat' dir='ltr'><strong>«omnibus</strong></span> <span class='ocrx_word' id='word_1_405' title='bbox 960 3987 1042 4038; x_wconf 90' lang='lat' dir='ltr'><strong>rebus</strong></span> <span class='ocrx_word' id='word_1_406' title='bbox 1059 3987 1147 4050; x_wconf 77' lang='lat' dir='ltr'><strong>perte</strong></span> 
     </span>
     <span class='ocr_line' id='line_1_46' title="bbox 620 4064 941 4114; baseline -0.003 -1"><span class='ocrx_word' id='word_1_407' title='bbox 620 4066 661 4113; x_wconf 87' lang='lat' dir='ltr'><strong>cta</strong></span> <span class='ocrx_word' id='word_1_408' title='bbox 680 4066 706 4113; x_wconf 85' lang='lat' dir='ltr'><strong>et</strong></span> <span class='ocrx_word' id='word_1_409' title='bbox 724 4064 941 4114; x_wconf 75' lang='lat' dir='ltr'><strong>iormosissima.»</strong></span> 
     </span>
    </p>
   </div>
   <div class='ocr_carea' id='block_1_7' title="bbox 0 0 1492 4884">
    <p class='ocr_par' dir='ltr' id='par_1_7' title="bbox 0 0 1492 4884">
     <span class='ocr_line' id='line_1_47' title="bbox 0 0 1492 4884; baseline 0 0"><span class='ocrx_word' id='word_1_410' title='bbox 0 0 1492 4884; x_wconf 95' lang='lat' dir='ltr'><strong> </strong></span> 
     </span>
    </p>
   </div>
  </div>
 </body>
</html>
