2934 4884
299 385 360 450 594
683 384 813 435 uomuu
830 384 1000 437 cuamuuu

298 544 369 593 enim
386 540 422 591 ob
439 554 563 594 caussam
581 542 669 593 minus
685 542 828 592 honestam
839 540 951 591 Lollium
968 542 1042 591 esset
1052 538 1191 591 adulatus?
1204 568 1232 577 -
1251 542 1381 591 incertum

299 630 340 678 est
355 626 389 677 11.
408 624 481 675 Lollii
498 637 665 688 cognomen;
684 638 748 674 nam
764 626 792 674 in
808 625 983 688 Inscriptione
1007 622 1087 687 [apud
1108 625 1195 687 Sigon.
1215 625 1244 675 et
1260 625 1333 687 Pigh.
1350 624 1383 673 ad

298 723 322 759 a.
342 708 409 771 732.)
434 711 545 759 vocatur
569 706 724 772 simpliciter
740 710 776 758 ll.
795 708 889 756 Lollius
903 708 987 757 1111.
1018 709 1045 757 et
1070 708 1139 757 Fasti
1165 706 1305 772 Capitolini
1328 708 1382 758 eius

298 793 360 843 anni
385 790 491 843 desunt.
536 792 686 842 Politorium
710 792 830 841 nominat
854 791 1007 842 Torrentius
1031 792 1089 841 sine
1115 792 1188 840 certa
1213 792 1380 851 anelontem,

298 875 348 925 sed
364 876 421 926 eius
438 873 557 938 aequalis
573 876 601 925 L.
620 876 692 924 Lollii
708 874 824 924 Pclikcui
841 876 946 925 exstant
973 874 1092 933 nummi;
1122 873 1170 923 cir.
1188 873 1287 924 Eclchel
1304 875 1334 924 D.
1351 876 1381 924 ii.

297 958 329 1007 V.
348 972 408 1023 pag.
427 958 484 1009 235.
523 958 637 1021 llyclcius
654 958 689 1009 ad
706 959 766 1008 Tac.
785 960 853 1008 dnn.
873 959 917 1019 li,
937 959 961 1007 4.
980 959 1008 1007 et
1024 957 1156 1008 Obbarins
1173 956 1208 1006 ad
1225 958 1293 1021 Epp.
1313 958 1340 1018 4,
1357 959 1380 1007 2.

297 1054 358 1105 pag.
373 1044 412 1092 ll.
431 1042 573 1092 Poulltoum
588 1042 697 1102 vocant,
723 1041 785 1105 quia
802 1042 889 1105 neptis
906 1042 965 1091 eius
977 1040 1057 1091 Lollia
1067 1042 1186 1091 Potamou
1202 1042 1231 1089 et
1245 1042 1283 1090 Μ.
1295 1041 1384 1089 dodiau

297 1125 427 1175 Poullinua
443 1123 534 1175 consul
547 1124 674 1174 suffectus
692 1137 716 1173 a.
730 1138 757 1173 u.
772 1138 796 1173 c.
810 1123 868 1175 846.
887 1124 942 1173 luit.
978 1124 1031 1174 Sed
1047 1124 1100 1174 hoc
1116 1138 1224 1188 qnoque
1241 1126 1381 1183 incertum¹

298 1220 362 1258 cum
378 1221 428 1271 per
444 1207 510 1257 duas
527 1208 617 1256 tresve
634 1209 737 1257 aetates
753 1208 811 1256 tum
828 1208 987 1268 cognomina
1003 1205 1167 1270 permultum
1187 1208 1293 1256 variam
1315 1206 1382 1257 sole-

300 1293 368 1342 rent.
404 1291 554 1341 Piranesius
580 1290 606 1339 in
623 1290 706 1339 Fastis
724 1290 809 1353 Capit.
835 1290 869 1339 ad
886 1304 910 1339 a.
930 1289 987 1339 734.
1015 1302 1078 1340 eum
1095 1288 1211 1353 appellat
1225 1291 1263 1339 111.
1282 1290 1382 1339 Lolliam

297 1375 416 1425 Poedlum
436 1374 525 1423 Verum
543 1386 575 1421 ax
592 1372 765 1436 Inscriptione
777 1373 913 1423 Ursiniano
931 1371 1002 1436 apud
1014 1374 1087 1422 Grut.
1101 1373 1160 1423 4031
1176 1411 1183 1434 ,
1201 1372 1226 1424 4.
1246 1374 1381 1424 manilesto

298 1456 411 1509 conficta
428 1470 461 1506 ex
478 1458 568 1506 liccat.
581 1456 647 1520 Epp.
665 1457 695 1517 4,
715 1457 761 1516 20,
782 1456 823 1506 28.
843 1454 937 1506 etalio
954 1457 1024 1520 lumi
1041 1470 1134 1506 errore
1151 1459 1180 1519 Q.
1201 1458 1276 1506 lunio
1295 1457 1382 1518 Lepido

297 1554 346 1605 pro
371 1540 473 1590 Amen
498 1540 643 1603 inquinata.
678 1540 785 1600 Lolliae,
812 1539 846 1589 ad
872 1552 954 1602 quem
980 1542 1023 1589 est
1044 1540 1111 1603 Epp.
1136 1541 1165 1601 l,
1183 1540 1228 1601 4.,
1252 1540 1333 1589 huius
1349 1542 1380 1590 11.

297 1622 370 1674 Lollii
387 1622 456 1673 tilius
472 1622 579 1673 videtur
594 1622 684 1673 luisse.
699 1650 726 1659 -
746 1625 903 1673 «Poetarum
920 1625 1084 1672 Graecorum
1094 1623 1251 1685 Lyricorum
1270 1621 1383 1685 (quibus-

298 1719 361 1756 cum
386 1706 500 1755 tidcntcr
526 1718 592 1768 ego,
618 1708 748 1755 Romanae
778 1707 868 1769 fidicen
903 1707 988 1767 larue,
1014 1720 1060 1756 me
1086 1707 1219 1769 consocio)
1247 1706 1380 1764 carmina,

297 1790 403 1839 tametsi
420 1790 520 1852 primas
538 1788 607 1839 ultro
625 1789 770 1839 deiecimus
787 1791 921 1851 Homero,
950 1792 1041 1839 tamen
1058 1790 1211 1840 etiamnunc
1228 1792 1337 1840 exstant
1352 1803 1382 1840 ac

297 1884 402 1923 summa
420 1884 483 1922 cum
500 1872 673 1929 admiratione
691 1871 725 1921 ab
744 1872 869 1923 omnibus
886 1871 1024 1935 leguntuc3
1045 1865 1089 1923 'sic
1105 1886 1166 1923 mea
1183 1886 1293 1937 quoque
1310 1876 1383 1923 aeta-

297 1957 353 2005 tem
370 1954 512 2005 durabunt.
549 1956 601 2005 Sed
625 1954 751 2019 permulti
776 1957 927 2020 priscorum
952 1953 1057 2006 illorum
1082 1957 1209 2017 heroum,
1236 1957 1284 2019 qui
1309 1960 1383 2007 ante-

297 2040 438 2091 cesserunt
454 2038 566 2088 Troiana
584 2040 721 2103 tempora,
742 2053 758 2088 a
774 2038 846 2089 nullo
862 2042 942 2103 poeta
959 2038 1099 2089 collaudati
1115 2053 1186 2090 nunc
1203 2039 1305 2089 misera
1321 2038 1384 2089 obli-

296 2122 375 2172 vione
391 2123 565 2185 premuntur;
593 2134 662 2185 quaa
689 2123 778 2187 iniqua
803 2122 908 2173 fortuna
934 2137 968 2173 nc
986 2125 1011 2173 te
1029 2136 1137 2186 quoque
1154 2124 1275 2184 maneat,
1302 2122 1382 2183 Lolli,

296 2205 349 2256 hoc
366 2204 484 2255 carmine
502 2205 612 2273 eximias
629 2207 688 2256 tuas
704 2207 816 2257 viatutes
829 2206 1001 2269 praedicante
1019 2206 1097 2267 satis,
1115 2208 1146 2256 nt
1161 2219 1256 2267 spero,
1275 2210 1383 2275 cautum

296 2288 372 2339 enit.»
407 2289 540 2352 Scriptum
565 2288 671 2339 videtur
693 2302 803 2339 carmen
819 2292 881 2353 post
896 2288 969 2340 Lollii
986 2288 1166 2351 consulatum,
1192 2289 1308 2341 formose
1325 2293 1384 2354 post

297 2370 419 2433 cladem,
446 2384 528 2435 quam
548 2373 576 2421 in
597 2373 737 2422 Germania
758 2385 855 2436 passus
876 2375 929 2434 est,
956 2374 1028 2423 circa
1045 2386 1070 2421 a.
1088 2386 1115 2421 u.
1134 2386 1158 2422 c.
1177 2372 1236 2423 i38.
1263 2372 1308 2422 vel
1325 2373 1381 2423 7³9.

297 2455 413 2505 maxime
429 2456 539 2519 propter
555 2468 580 2505 v.
599 2456 647 2505 35:
666 2456 778 2506 secundis
795 2456 953 2518 immersum
968 2456 1096 2518 dubiisque
1112 2457 1165 2506 cet.
1200 2456 1303 2516 Quodsi
1324 2458 1385 2520 post

297 2538 368 2589 hanc
391 2538 569 2602 compositum
593 2542 651 2601 est,
678 2538 865 2590 consolationis
888 2541 947 2589 vioe
970 2540 1086 2603 iungitur
1106 2539 1383 2604 existimationcmqne

298 2618 371 2671 Lollii
387 2618 431 2670 illa
454 2621 638 2683 imminutam,
669 2625 801 2685 quatenus
835 2622 956 2674 civilibus
981 2624 1038 2674 eiius
1062 2621 1203 2674 virtutium
1229 2622 1384 2675 extollendis

299 2702 356 2753 fieri
373 2704 496 2768 poterat,
515 2704 696 2768 redintegrare
714 2706 813 2757 studet.
