2934 4884
485 359 588 408 claua.
623 358 721 408 cauit.
743 357 784 407 tx.

260 517 391 601 Puppes
413 514 637 580 sinistrorsum
660 514 752 579 citae.
1140 512 1182 576 20

218 637 255 700 lo
277 634 467 722 Triumphe,
491 643 525 700 tu
547 633 685 700 moraris
709 653 827 700 aureos

154 798 196 846 tt).
216 796 280 844 ιίίσι
297 793 382 847 Codd.
401 793 455 844 duo
474 793 600 856 cruquil,
629 805 718 856 «quae
741 795 831 843 tamen
855 794 1018 857 scriptura»,
1046 793 1147 856 inqiut,

125 883 193 920 «nou
211 867 325 922 carebat
340 867 445 920 litura·
463 867 540 931 (οίίοε
556 867 648 930 bscd.)

89 1011 149 1059 cius
166 1008 227 1070 tuga
239 1005 324 1070 rerba
341 1005 429 1056 tacere
440 1007 563 1069 poetam,
582 1005 618 1055 (le
654 1003 747 1057 lertter
757 1007 868 1067 actam»
890 1008 1072 1069 masters,
1085 1008 1111 1057 ln
1123 1019 1184 1072 pro-

88 1097 144 1147 qua
164 1080 298 1132 Plutarch.
317 1081 377 1131 Ant.
398 1079 444 1129 66:
471 1076 618 1140 alectoros
655 1093 737 1131 sacr.
760 1081 848 1144 (retro)
868 1081 988 1131 inhibere
998 1081 1093 1142 remla,
1112 1077 1183 1151 ιιριί-

89 1157 126 1206 αἱ
156 1150 343 1223 Κλεοπάτρας
375 1148 518 1217 ἑξήκοντα
550 1149 618 1218 νῆες
654 1170 731 1218 μναν
750 1149 975 1225 ἀνακρούεσθαι.
1005 1157 1184 1204 sinistrorum

88 1225 240 1295 ὤφθησαν
263 1223 416 1298 αἰρόμεναι
444 1223 516 1298 πρὸς
542 1222 618 1277 αἰπό-
655 1230 1184 1293 autem,quoniamci,qrriuScptentrio.

90 1304 185 1356 πλουν
208 1298 246 1354 τὰ
272 1303 352 1353 ίστία
374 1301 425 1352 κοί
448 1297 496 1352 διὰ
523 1303 617 1366 μέσον
656 1315 691 1352 ne
711 1303 889 1353 contuebatur
908 1304 1025 1364 Actium,
1047 1303 1183 1354 sinistram

90 1377 257 1445 φεύγουσαι
267 1375 543 1442 τῶνμαχομένων·--
552 1376 588 1426 Oi
594 1373 618 1424 δ’
655 1389 751 1426 versus
776 1390 870 1427 omnes
897 1377 1019 1440 regiones
1041 1375 1183 1427 orientales

90 1453 218 1504 ε’ναντίοι
234 1449 433 1515 θαυμάζοντες
444 1447 569 1502 ἐθεῶντο
579 1447 619 1516 τῷ
656 1451 722 1500 sitae
736 1453 825 1512 erant,
843 1451 960 1516 primum
971 1449 1182 1514 Peloponnesus,

91 1525 236 1593 πνεύματι
252 1528 403 1596 χρωμένας
420 1521 543 1597 ὁρῶντες
554 1526 620 1577 ἐπε-
656 1526 714 1574 tum
737 1526 798 1576 Asia
821 1527 921 1586 minor,
948 1527 1007 1591 ipsa
1028 1527 1181 1589 aegyptum

90 1601 207 1665 χοόσας
223 1598 296 1672 πρὸς
311 1597 366 1666 τὴν
382 1597 617 1666 Πελοπόννησον.
655 1599 724 1648 baec
742 1598 837 1651 saltem
855 1602 923 1651 intra
935 1602 1071 1650 Orientem
1089 1601 1117 1649 et
1127 1599 1181 1651 llo·

91 1677 147 1728 Sed
157 1678 182 1727 si
193 1675 278 1726 verba
293 1689 344 1740 per
354 1688 384 1726 aa
396 1677 618 1740 spectaverimus‚
656 1674 766 1735 ridiem,
785 1676 861 1724 Sitri-
870 1677 920 1726 Ost.
941 1674 1089 1739 simplicius
1102 1675 1183 1725 etiam

91 1752 146 1801 boc
161 1749 315 1800 videbimus
334 1749 400 1800 dici:
419 1751 540 1812 «partem
552 1761 621 1812 quo-
657 1750 804 1800 Grouovius
817 1751 893 1803 Obss.
906 1750 930 1801 l.
944 1765 970 1815 p.
984 1750 1041 1802 ala.
1064 1749 1183 1802 Frotsclr.

91 1839 147 1889 que
164 1825 301 1875 nouorum
315 1823 421 1872 Antonii
438 1821 573 1874 navalium
583 1823 621 1873 si·
658 1821 742 1883 (locus
772 1824 881 1888 diguus,
908 1826 953 1888 qui
976 1826 1046 1874 totus
1068 1822 1183 1887 legatur)

92 1899 151 1950 mili
168 1897 272 1963 pudore
287 1895 331 1947 vel
348 1897 429 1948 etlam
446 1896 557 1948 infelicis
569 1899 622 1947 exi·
658 1895 727 1946 haec
744 1897 866 1948 adnotat:
888 1897 1019 1948 «Tabulae
1036 1899 1102 1948 situs
1121 1897 1183 1960 piu-

95 1978 141 2026 tus
157 1977 233 2024 metu
244 1970 395 2036 perculsam
406 1972 501 2034 ignave
512 1970 621 2022 latuisse
658 1971 778 2031 gentium
801 1971 900 2021 docent
921 1972 955 2022 ab
972 1973 1047 2025 Actio
1057 1972 1185 2034 patenti·

92 2049 120 2097 iu
140 2049 222 2110 portu
238 2044 326 2109 aliquo
342 2044 377 2095 ab
394 2046 470 2096 Actio
487 2047 622 2097 Orientem
659 2043 711 2095 bus
728 2048 880 2108 Aegyptum
898 2046 933 2096 ad
949 2045 1054 2096 laevam
1067 2058 1127 2096 esse
1139 2058 1186 2095 na·

92 2134 191 2172 versus
212 2121 299 2178 atton
324 2120 381 2170 sive
404 2131 486 2169 verus
506 2121 564 2170 etus
583 2120 622 2169 rei
659 2119 813 2180 rigandum.
843 2119 930 2170 Livius
954 2119 1066 2170 illustrat
1087 2120 1134 2180 28,
1157 2121 1181 2170 b.

94 2196 205 2246 nunnus
232 2195 344 2244 [tomam
376 2197 538 2256 pervenerat
565 2195 621 2245 slva
660 2197 727 2244 extr.
741 2195 767 2243 in
784 2192 841 2244 aliis
852 2192 917 2246 locis
928 2193 1050 2245 similiter
1060 2192 1182 2256 loquens:

93 2283 144 2320 suo
178 2269 236 2318 iure
266 2266 293 2316 id
318 2267 408 2328 liunt,
440 2268 470 2317 ut
495 2267 623 2331 equitatui
661 2269 792 2330 Oreran-,
824 2281 887 2330 poce
905 2268 938 2317 ab
954 2269 1112 2320 Deraetra'oco
1129 2270 1186 2318 είιιει

92 2342 198 2393 Gallico
212 2343 240 2391 iu
256 2354 289 2392 co
305 2340 415 2405 pudoris
432 2340 474 2390 vel
492 2342 572 2392 etiam
589 2341 623 2390 ti·
661 2343 802 2394 θίοίιίιίιιιι
812 2347 834 2392 et
845 2343 970 2404 scapua
982 2343 1076 2404 perenn
1087 2344 1121 2391 ud
1134 2343 1187 2393 luo

93 2418 179 2468 moris
203 2416 300 2466 affectu
319 2414 411 2465 classis
441 2429 550 2479 quoque
574 2415 624 2464 bo-
659 2431 720 2467 oam
742 2417 828 2478 mictu
850 2415 950 2468 ortium
966 2416 1082 2466 Euboeae
1102 2419 1187 2478 postu

93 2489 162 2542 stilis
189 2503 253 2554 pars
284 2489 491 2540 consociaretur.
536 2488 623 2544 Nolim
661 2497 720 2542 eat.»
750 2489 938 2554 (stolatrcrsom
958 2491 1137 2554 prestolans,
1159 2492 1187 2540 in

95 2565 150 2614 buc
178 2563 281 2614 reterre
302 2562 387 2613 verba
410 2560 544 2613 Plutarchi
569 2565 624 2613 An·
661 2567 778 2626 ἀιίιήιιε,
796 2566 874 2624 σι’ίοι,
893 2564 1043 2627 utquidam
1055 2565 1187 2628 interpre-

95 2642 152 2689 tou.
173 2637 219 2687 63:
247 2632 287 2687 oa
308 2632 369 2702 μὴν
391 2630 453 2686 ἀλλ’
476 2634 624 2702 ἐξενίκησε
661 2640 732 2690 tatus
741 2641 792 2700 cst,
803 2638 987 2690 consuetudini
996 2639 1103 2689 Latinae
1111 2651 1188 2702 pror·

95 2709 270 2782 Κλεοπάτρα
289 2708 337 2762 διὰ
358 2709 415 2762 τῶν
431 2710 504 2761 νεῶν
520 2709 624 2782 κριθῆ-
661 2727 708 2765 aus
725 2713 874 2778 repugnat.)
892 2712 958 2762 Vide
975 2713 1133 2766 Excursum.

94 2803 144 2838 ναι
161 2782 214 2837 τὸν
224 2783 353 2850 πόλεμον
364 2782 420 2852 ἤδη
438 2782 510 2872 πρὸς
527 2781 624 2852 φυγὴν
695 2790 736 2838 tt.
764 2789 805 2838 at.
833 2789 861 2838 lo
887 2785 1186 2850 resumpta-bovem]

96 2856 203 2932 ὁρῶσα
218 2861 268 2911 καί
284 2861 420 2926 τιθεμένη
431 2875 468 2910 su
483 2860 625 2911 καθ’ἑαυ-
663 2862 716 2913 Cir.
736 2862 784 2912 Od.
798 2861 827 2924 l,
845 2863 876 2923 2,
895 2861 936 2914 ta.
966 2863 1012 2912 Est
1032 2863 1123 2912 autem
1145 2861 1187 2912 iu-

94 2928 315 3001 τήν,οὖχὸιιοο
324 2928 625 3006 πρὸςτὸνικᾷνέσται
663 2937 819 2997 tar-rogatio,
865 2949 918 2986 nou
955 2935 1124 2997 exclamatio,
1160 2937 1190 2984 ut

94 3006 256 3081 χρήσιμος,
282 3004 342 3058 ἀλλ’
358 3003 429 3059 ὅθεν
450 3001 550 3059 ἄπεισι
572 3004 624 3079 ῥᾷ-
662 3008 783 3074 plerique
806 3009 984 3073 distinguunt:
1012 3012 1039 3061 lo
1058 3011 1189 3072 Trtooaplta

94 3100 154 3134 στα
179 3081 238 3154 τῶν
263 3081 439 3154 πραγμάτων
460 3079 625 3148 ἀπολλνμέ·
663 3108 703 3120 --
723 3082 812 3132 bocas!
848 3080 891 3132 vel
925 3085 1002 3147 peius
1032 3085 1125 3134 etiam:
1161 3085 1188 3134 lc

94 3174 164 3209 νων.
182 3159 240 3208 Ηοο
257 3159 343 3218 enim,
364 3170 427 3209 curn
444 3171 554 3208 carmen
572 3158 624 3207 hoc
665 3156 797 3218 Triumpho
814 3181 830 3192 -
845 3181 859 3192 -
875 3155 964 3205 bova:
992 3158 1020 3207 lo
1046 3158 1186 3219 Moneta.

95 3233 279 3297 compositum
297 3233 352 3293 est,
379 3235 479 3283 homae
500 3232 562 3282 sciri
582 3233 626 3281 vix
665 3233 789 3281 «Currus
820 3229 870 3292 ipsi
903 3227 1077 3292 triumphales
1105 3231 1190 3293 parati

95 3308 218 3373 poterat,
240 3306 263 3356 ai
278 3304 322 3356 vel
338 3308 454 3356 maxime
471 3306 627 3356 vernmluit
664 3307 738 3357 suut:
770 3317 817 3354 cur
839 3306 884 3366 tu,
912 3303 1073 3367 Triumphe,
1100 3305 1140 3354 eis
1162 3305 1190 3354 in

95 3395 189 3445 neque
210 3394 244 3430 ex
266 3379 453 3451 πραγματικῷ
476 3378 520 3430 illo
541 3381 626 3430 bisto-
664 3393 741 3430 mora
754 3380 821 3429 cst»
839 3378 901 3427 Sine
913 3377 1042 3439 imagine:
1062 3377 1189 3436 «Quando

95 3458 154 3522 riae
171 3454 332 3505 scribendae
349 3469 449 3519 genere
466 3455 554 3516 fluxit,
572 3467 626 3519 quo
664 3453 774 3504 tandem
800 3455 899 3504 Caesar
922 3450 1130 3516 triumphabitis
1153 3451 1190 3514 (lu

96 3531 160 3594 post
190 3527 331 3592 Polybium
355 3543 438 3594 saepe
463 3528 540 3579 abusi
564 3531 628 3580 sunt
665 3540 776 3578 nummo
794 3529 822 3578 L.
837 3528 909 3591 Pupil
927 3524 996 3577 Celsi
1013 3525 1085 3590 apud
1102 3527 1190 3577 Riccic

97 3604 203 3654 Graeci.
233 3606 327 3667 Neque
339 3617 404 3654 vcro
417 3615 480 3654 cum
497 3604 628 3666 interpre-
664 3605 700 3653 lt.
719 3603 747 3651 F.
767 3604 795 3651 ll.
814 3615 842 3665 p.
862 3601 919 3651 ⁴62.
941 3601 1078 3663 Triumphi
1096 3603 1137 3650 est
1154 3600 1192 3650 el-

97 3679 171 3728 tibus
195 3678 248 3727 buc
273 3677 341 3727 trahi
366 3680 479 3742 possunt
496 3691 539 3726 vv.
559 3675 625 3727 Plut.
666 3677 742 3738 tigics
760 3673 895 3734 iuvenilis,
920 3672 1036 3727 laureata
1054 3687 1117 3725 cum
1134 3675 1191 3723 tro-

96 3755 159 3804 hnt.
173 3752 233 3801 eod.
248 3765 308 3814 cap.
320 3752 525 3816 praecedentia:
544 3746 585 3801 Τὸ
596 3748 627 3802 δὲ
665 3764 744 3815 paco.
766 3749 895 3801 Scribitur
913 3747 1091 3812 TfllVMPVS.)
1105 3775 1132 3784 -
1146 3761 1192 3796 aa·

97 3821 239 3877 ναοιικὸν
270 3825 302 3876 ἐν
330 3827 415 3876 παντί
442 3823 628 3896 δυσπραγοῦν
665 3825 736 3888 reos]
755 3823 907 3886 «fulgentes
931 3822 1012 3872 ebore
1037 3825 1064 3872 et
1088 3820 1191 3871 laminis

97 3902 150 3952 καί
167 3897 240 3971 πρὸς
256 3894 376 3951 ἅπασαν
393 3895 541 3970 ὑστερίζον
558 3898 628 3964 βοή·
666 3900 780 3948 aureis.»
800 3897 865 3947 l'lor.
886 3899 914 3958 t,
933 3899 963 3958 a,
982 3898 1010 3946 6:
1032 3897 1107 3957 lade,
1126 3897 1192 3957 qaod

95 3976 184 4026 θειαν
208 3966 294 4038 αὖθις
321 3969 463 4041 ἠνάγκαζε
491 3971 529 4040 τῷ
555 3972 628 4041 πεζῷ
667 3986 745 4023 aureo
767 3985 846 4022 caim
867 3977 986 4034 ᾳιιοίιιιοι
1006 3972 1076 4032 equis
1100 3971 1192 4020 triemi-

98 4049 256 4120 προσέχειν
272 4045 324 4099 τὸν
336 4043 491 4100 Ἀντώνιον.
508 4075 535 4086 ·-
554 4049 627 4112 citae]
665 4049 767 4110 ρίιιιίισ.
798 4045 918 4098 Philostr.
937 4047 987 4095 Vit.
1006 4045 1085 4107 soph.
1106 4045 1135 4102 t.
1157 4046 1189 4094 7:

99 4125 196 4190 partic.
210 4124 348 4185 «citatae»,
367 4126 397 4173 ut
409 4124 506 4173 Lucan.
520 4124 549 4180 8.
562 4122 626 4173 tto:
668 4123 795 4173 Traianus
814 4123 925 4172 Dionem
943 4113 1123 4182 ἀναθέμενος
1140 4112 1192 4169 αὕ-

99 4199 235 4261 Cyproque
244 4199 557 4255 citatuelnanisorerotes;
570 4211 629 4247 ace·
667 4193 718 4246 ιὸν
727 4223 741 4234 -
751 4223 765 4236 -
775 4195 804 4258 ἐς
814 4191 866 4260 τὴν
877 4192 989 4266 χρυσῆν
1000 4185 1126 4258 ἅμαξαν,
1146 4192 1191 4254 ἐφ’
