2934 4884
703 369 833 420 nontin
851 367 978 418 EPODON

500 527 689 612 Prospectat
709 533 854 591 errantes
876 543 1007 610 greges!

460 646 658 734 inutilesque
680 644 763 712 inice
786 665 894 712 rnrnos
917 653 1088 732 amputans

500 767 676 834 Feliciores
698 767 827 839 inserit,

460 891 521 955 Aut
541 907 656 975 pressa
677 888 769 976 puris
792 885 891 953 mella
913 886 1024 954 condit
1046 867 1223 973 amphoris,
1345 886 1384 950 45

500 1012 561 1076 Aut
582 1007 693 1075 tondet
714 1008 857 1074 infirmus
880 1028 980 1087 oves;

458 1128 513 1196 Vel
535 1150 609 1196 curn
632 1127 789 1195 decorum
812 1128 944 1195 mitibus
966 1129 1071 1216 pomis
1094 1139 1190 1215 caput

503 1252 702 1317 nuatumnus
725 1249 812 1336 agris
835 1248 965 1324 extulit,

459 1373 498 1440 Ut
519 1370 639 1458 gaudet
660 1371 788 1437 insitiva
809 1369 990 1457 decerpens
1012 1371 1102 1457 pira,

356 1552 395 1601 tt.
414 1549 604 1611 lamiscum,
622 1549 750 1599 lautitiror
766 1547 850 1599 Bentl.
863 1550 932 1599 coni.
948 1576 973 1586 -
996 1549 1036 1600 48,
1055 1545 1170 1608 arutsb,
1191 1547 1259 1597 Pott.
1274 1551 1354 1610 quat-

323 1627 400 1685 tuor,
419 1625 472 1674 Lct
489 1624 552 1687 (non
563 1623 653 1685 BSod,
674 1621 765 1673 Biand.
780 1625 921 1686 quattuor,
940 1621 1016 1690 βγκ).
1037 1648 1065 1660 -
1087 1623 1126 1672 49.
1138 1623 1187 1672 Aut
1198 1620 1225 1671 d.
1241 1647 1270 1658 -
1287 1625 1353 1684 pira

323 1701 342 1749 B
360 1698 456 1762 otiique
474 1698 574 1749 codo:
593 1696 738 1762 pierucquo
756 1697 821 1748 Edd.
837 1711 915 1760 pura.

291 1849 317 1898 in
335 1847 398 1911 ipsis
411 1848 571 1898 intervenire
582 1849 672 1912 potest
683 1849 711 1898 et
721 1843 816 1897 solet.»
854 1859 917 1898 cum
929 1845 1085 1908 obiecisset,
1104 1847 1139 1896 itu
1150 1847 1251 1910 pergit:
1273 1847 1319 1896 Pet
1328 1860 1385 1896 arnt

190 1929 194 1937 ·
290 1923 414 1972 Brnrunr.
444 1951 472 1958 —
506 1924 613 1973 retacta
632 1922 711 1985 catto]
741 1920 816 1971 Idem
853 1933 879 1972 sc
892 1921 1016 1983 paciatur
1034 1925 1124 1970 contra
1139 1922 1297 1984 mcaiwata
1311 1921 1385 1984 flacit

290 1996 424 2047 ἐπίθετον
452 1996 500 2046 0d.
523 1997 553 2057 4,
576 1996 620 2057 47,
643 1994 691 2054 47;
713 1993 769 2044 toro
787 1995 817 2043 ut
853 1996 962 2059 Artificis
994 1994 1080 2056 maro,
1118 1994 1153 2044 ud
1181 2007 1264 2058 quem
1291 1993 1383 2044 iocum

291 2084 341 2121 nos
353 2071 393 2120 dic
403 2071 547 2134 aanmtoipa
560 2070 688 2132 tharerp
697 2071 740 2119 das
752 2067 817 2117 iira-
854 2069 972 2132 Wagner
981 2070 1070 2118 recte:
1093 2069 1153 2118 «Vei
1169 2069 1209 2119 sic
1221 2073 1384 2132 usurpatum

290 2145 332 2196 lor.
353 2168 380 2180 -·
406 2145 466 2206 fata
482 2143 596 2208 (Hippo)
622 2143 815 2203 frondatorum,
855 2155 916 2192 enm
933 2141 1016 2192 habet
1031 2145 1207 2208 potestatem,
1235 2145 1266 2193 ut
1283 2143 1384 2192 transi-

290 2219 457 2282 pututorum,
476 2231 530 2267 uon
546 2219 634 2268 minus
652 2229 734 2281 quum
748 2228 818 2266 mes·
856 2217 913 2264 tum
924 2220 1003 2279 paret
1019 2216 1053 2266 ud
1071 2214 1138 2276 alia,
1156 2229 1213 2266 cam
1226 2217 1340 2280 respicit
1351 2215 1383 2266 ad

290 2303 383 2342 sorum
400 2290 505 2354 (secuta,
524 2290 648 2353 Sicori).
669 2317 697 2326 -
715 2289 817 2340 Felicio·
854 2301 1038 2354 praegressa.»
1075 2290 1151 2340 Haud
1177 2293 1252 2340 rocta
1274 2291 1383 2341 Monictr

290 2365 338 2429 rat]
358 2366 453 2415 Fronto
470 2365 505 2414 nd
523 2365 601 2414 amic.
620 2364 690 2425 2‚6.
709 2377 736 2428 p.
757 2361 814 2412 304,
853 2364 892 2413 ool
919 2365 1003 2414 iunxit
1026 2376 1088 2413 cum
1114 2377 1139 2412 v.
1165 2363 1222 2414 ticet
1242 2377 1270 2413 v.
1288 2365 1334 2414 23.
1355 2393 1379 2400 -

291 2440 383 2490 Rom:
409 2440 486 2502 [aaa
501 2439 638 2501 pterosque
654 2450 740 2499 pcata
756 2449 818 2486 san-
853 2437 1019 2501 Auctumnar]
1043 2437 1120 2500 quusi
1137 2437 1221 2496 deus,
1251 2439 1282 2487 ut
1298 2439 1383 2488 Grae·

290 2513 372 2575 ciust,
393 2526 425 2563 no
442 2514 498 2574 aaa
511 2513 607 2577 [44444444
622 2511 739 2561 arborem
759 2523 817 2559 tuc·
855 2523 948 2561 corum
966 2509 1100 2560 ΟΗΩΡΑ.
1119 2509 1238 2561 nvetlino
1255 2510 1325 2560 suu.
1339 2513 1380 2561 444.

291 2587 368 2636 ctdat
397 2583 818 2649 Ommnnoetarborttfcttcttar?
854 2597 881 2648 p.
897 2585 953 2635 446.
972 2613 1000 2620 -
1020 2585 1099 2649 apris]
1117 2585 1211 2649 Aptius
1227 2585 1280 2633 hoc
1298 2599 1381 2648 quarn

291 2660 364 2710 nant
385 2660 484 2723 fremat
502 2664 526 2710 ct
544 2659 676 2723 puptscri,
710 2657 779 2708 tacu
795 2663 818 2708 ct
854 2656 966 2708 oliorum
983 2661 1067 2720 auis,
1086 2671 1149 2709 cnm
1167 2671 1260 2708 aroma
1270 2661 1381 2724 proprie

289 2735 373 2796 pomis
389 2736 479 2784 orrrott¹
854 2733 904 2792 sit,
923 2732 996 2796 quod
1009 2734 1125 2783 cuiusvis
1137 2733 1241 2796 generis
1259 2733 1382 2784 trumen-

326 2806 382 2854 tc·
395 2807 435 2856 20.
451 2807 549 2870 prorsa]
568 2805 699 2867 mellati03
718 2806 772 2856 mei
785 2819 816 2856 ex
854 2809 912 2857 tum
938 2805 1005 2867 tert,
1039 2821 1102 2871 aper
1130 2809 1221 2856 contro
1249 2806 1328 2857 locus
1355 2809 1380 2857 in

290 2878 357 2928 iovis
368 2879 393 2927 in
406 2877 553 2942 saligneum
565 2878 674 2943 quntum
683 2880 817 2944 congestis
855 2893 932 2940 rure,
958 2881 1002 2942 qui
1020 2878 1198 2943 qualicunque
1216 2881 1297 2930 moda
1316 2881 1380 2931 coli-

292 2964 463 3016 expressum,
489 2951 643 3015 eliquatum.
674 2955 745 3017 virg.
769 2956 814 3004 Ge.
855 2957 911 3014 tur,
947 2955 1028 3004 etiam
1056 2953 1198 3004 arboribus
1225 2957 1254 3004 et
1281 2955 1379 3005 vitibus

291 3025 324 3086 t,
349 3024 409 3076 tto:
444 3028 590 3088 sparnum
614 3041 703 3091 rapere
724 3029 819 3089 metris
855 3029 987 3090 consitus,
1006 3029 1037 3077 ut
1053 3028 1097 3077 hic
1114 3031 1142 3078 et
1158 3029 1229 3091 virg.
1248 3031 1296 3080 Ge.
1310 3031 1336 3090 Ξ,
1348 3028 1377 3078 t:

290 3099 368 3150 netto
383 3099 458 3162 (aaa.
486 3099 751 3162 Colum.9‚ttt‚t3:
773 3101 817 3150 cot
850 3108 927 3166 pater
951 3117 965 3153 o
990 3104 1097 3164 Lenaee,
1119 3129 1134 3140 -
1150 3130 1167 3140 -
1186 3103 1231 3151 titi
1244 3106 1378 3166 pnrnpisca

291 3172 416 3234 Pandam
430 3174 480 3224 mel
501 3175 525 3236 (e
544 3175 617 3237 turis)
636 3177 663 3223 ta
680 3175 816 3224 subiectum
853 3178 975 3241 mactans
990 3183 1125 3226 auctumnc
1141 3177 1224 3226 Floret
1240 3191 1312 3241 aper.
1341 3179 1378 3227 Dr

291 3248 391 3297 aterum
407 3249 527 3312 destruit,
546 3250 699 3312 transfertur
714 3251 817 3299 measa
854 3250 949 3302 crebra
972 3251 1111 3314 utriusque
1137 3264 1195 3300 voc.
1224 3251 1377 3302 contusione

289 3323 386 3386 fictitia.
406 3320 502 3373 Pallon.
524 3325 580 3372 tun.
594 3325 620 3373 7:
639 3325 723 3373 nene
745 3325 817 3374 Iunia
854 3325 902 3376 cir.
914 3323 1049 3374 Drakenb.
1063 3323 1098 3374 ud
1110 3323 1153 3374 Sil.
1167 3322 1222 3374 ttul.
1235 3325 1266 3384 5,
1279 3325 1336 3376 460.
1350 3353 1375 3360 -

291 3397 408 3447 atocaria
423 3397 602 3447 catraooam
612 3425 627 3434 -
636 3423 652 3434 ·
661 3403 767 3448 matura
782 3400 817 3448 aa
853 3399 1138 3464 quarab-mons]
1155 3400 1185 3448 ut
1196 3400 1301 3453 Graeci.
1319 3393 1378 3464 ἤδει

290 3471 369 3520 matis
384 3472 500 3521 rodum.
525 3498 552 3507 -
570 3472 693 3536 infirma]
712 3472 816 3522 aimbe—
852 3470 1026 3544 ταιὸρέπων.
1039 3501 1066 3510 -
1079 3472 1189 3537 imttiua]
1208 3471 1258 3522 «ab
1272 3473 1329 3538 ipso
1341 3475 1377 3523 in·

291 3543 390 3596 cilius.»
411 3546 491 3596 Voss:
510 3545 575 3594 Batrt
593 3547 637 3595 4444
655 3559 684 3595 er
704 3551 816 3596 sartor
853 3549 950 3598 serta.»
969 3571 996 3582 —
1025 3547 1194 3597 carantan-
1209 3547 1375 3611 -purpurael

290 3620 428 3683 8444444444
438 3619 529 3669 sotor.
554 3619 628 3669 Ouid.
643 3620 681 3670 44).
695 3619 740 3670 ts:
759 3621 816 3670 Paa
854 3619 1375 3686 «quorcoloreuemulnturpurpuranrs

290 3695 339 3743 ortt
351 3694 413 3742 hacc
425 3693 509 3754 mois,
531 3694 607 3743 doux
621 3694 684 3743 mitt
696 3696 750 3744 otta
760 3707 817 3742 ma-
852 3695 991 3758 Proprinm
1013 3694 1106 3745 vitium
1129 3707 1215 3757 genus
1235 3709 1377 3758 purpureae

290 3767 371 3829 arbit,
390 3769 452 3818 Gran
469 3781 584 3830 pacoro
602 3769 730 3832 infirmo
750 3781 816 3830 auae
853 3767 1056 3831 dicunturvirg.
1071 3771 1116 3818 Ge.
1130 3770 1155 3829 2,
1169 3769 1216 3818 95:
1233 3771 1375 3833 Purpureae

290 3843 416 3892 4444444444
431 3843 504 3903 turpia.
529 3841 696 3893 V.Exa.11.
720 3871 748 3879 -
776 3843 817 3892 Vct
849 3843 999 3905 praetorque
1021 3845 1087 3902 cet,
1112 3842 1184 3892 unde
1202 3843 1279 3894 fluxit-
1295 3844 1374 3894 Scho-

290 3917 357 3981 cnm]
383 3917 426 3966 Sic
444 3916 528 3980 Epod.
547 3916 591 3976 ⁴2,
610 3915 658 3965 ⁴3:
696 3917 737 3966 Vct
759 3929 817 3966 mea
852 3915 905 3967 lton
931 3917 1003 3967 hand
1026 3917 1103 3966 nimis
1126 3918 1280 3980 oppositum
1298 3919 1374 3968 Com-

291 4004 348 4040 arm
375 3991 455 4040 mans
479 3991 561 4055 apitat
592 3991 697 4053 factata
725 3991 814 4040 oerbts.
854 3996 937 4042 ment.
957 3993 1038 4055 Cruq.
1057 3991 1091 4042 ad
1109 3988 1187 4040 h.i.:
1207 3993 1291 4046 «Eue.
1309 4003 1371 4055 qrrne

294 4065 346 4113 sut.
368 4067 396 4125 2,
419 4065 448 4122 7,
470 4065 518 4113 θῦε
559 4064 599 4115 Vct
615 4077 673 4114 cum
690 4065 815 4115 Pausiaca
853 4067 960 4129 precise
978 4065 1128 4115 dicuntur.»
1154 4064 1283 4116 sedni.
1304 4079 1371 4132 ym-

293 4142 388 4199 tarprn,
406 4140 507 4200 anana,
530 4140 629 4190 tabrtta.
660 4141 729 4203 Vrrg.
748 4142 813 4191 Aen.
853 4137 911 4202 κῶς
928 4153 995 4189 uvae
1013 4138 1154 4190 cuiuslibet
1171 4138 1289 4190 colorem
1301 4151 1371 4190 oom-

293 4212 336 4270 tr,
350 4211 421 4273 toti,
440 4212 487 4263 ubi
503 4215 606 4265 Turnus
626 4216 746 4265 Droncue
765 4213 813 4266 alto
853 4217 929 4279 parat
937 4227 1080 4279 purpurae.
1092 4214 1145 4266 Cir.
1153 4215 1368 4276 0d.2,t‚t⁰sqq.
