2934 4884
496 373 555 423 ιιε.
575 373 617 423 ιιι.
654 375 682 424 c.
702 375 778 424 xxv.
1148 377 1211 441 485

248 525 392 593 Hebrum
415 527 619 614 prospiciens
642 537 673 594 et
696 527 769 594 nive
792 529 963 596 candidam
1170 532 1211 598 ld

208 646 349 714 Thracen
378 668 416 714 ac
437 647 523 735 pede
545 647 686 716 barbaro

247 769 427 836 Lustratum
450 768 642 856 Rhodopen,
666 779 701 835 ut
723 770 800 835 mibi
823 770 919 837 devio
957 841 961 849 ,

207 926 303 1012 ltipas
326 936 358 992 et
378 941 517 993 vacuum
541 947 656 993 nemus

187 1141 226 1190 lt.
246 1153 277 1191 ca
293 1141 354 1191 mibi
365 1155 380 1192 e
392 1141 477 1194 tribus
495 1143 603 1206 Cruquii
617 1140 791 1206 (neumandi
808 1143 892 1196 Bentl.
912 1148 1007 1209 [Nostri
1025 1153 1052 1197 et
1068 1148 1178 1200 Bentleii

152 1219 179 1264 rat
193 1213 274 1277 mibi.)
295 1243 321 1251 -
342 1216 381 1266 43.
400 1218 477 1279 ιιιραε
493 1218 577 1267 nostri
594 1219 621 1266 et
637 1216 796 1268 Bentleiani:
815 1221 1028 1281 superbonum
1047 1223 1074 1282 ι,
1094 1223 1124 1283 Ξ,
1144 1223 1174 1283 4,

153 1289 179 1350 6,
198 1289 227 1348 7,
248 1289 299 1349 ro..
318 1289 448 1350 lluretus,
467 1289 627 1352 Lambinus,
646 1293 800 1352 Pettierius3
818 1295 893 1343 liivcs
908 1294 1042 1345 Bentleius
1060 1298 1128 1346 coni.

121 1483 250 1534 ειειιιιαια
266 1485 340 1548 iupis.
374 1486 495 1548 Propert.
508 1483 538 1546 l,
551 1484 580 1546 4,
596 1485 647 1534 tt:
681 1486 755 1548 bari,
783 1489 840 1540 sine
858 1487 911 1540 ulla
928 1492 1018 1541 umen
1036 1489 1206 1542 contumelia.

120 1556 244 1618 sumit,
264 1558 347 1619 piato
362 1557 466 1608 mena
477 1559 646 1620 propolim·
684 1588 711 1597 -
737 1562 899 1626 lustratam]
925 1563 1154 1626 darebactwtirmt,
1179 1567 1210 1615 ut

120 1633 237 1681 medonta
267 1632 408 1694 Strymonis
433 1631 539 1689 αιεοιεεο
563 1633 646 1697 sertor
681 1635 752 1698 virg.
766 1638 812 1686 Ge.
826 1637 929 1698 misr:
953 1644 977 1688 et
991 1639 1130 1703 viminibus
1148 1639 1209 1688 boe·

119 1710 208 1767 aperio
239 1706 304 1755 aion
335 1705 448 1756 Omnino
474 1708 501 1756 iu
532 1707 574 1757 his
599 1721 642 1756 vv.
681 1709 758 1758 cteta
769 1709 891 1760 Lacaenis
903 1713 1020 1776 repperit.
1035 1714 1209 1763 -Nocaecasa

119 1783 195 1842 poeta
221 1781 346 1844 exprimit
373 1792 509 1831 summum
540 1779 644 1832 ἐνθου-
681 1784 770 1848 uui]
789 1784 931 1835 Soloeeum
948 1787 1000 1836 troc
1016 1785 1149 1838 nonnullis
1169 1789 1209 1838 vi-

117 1851 247 1918 σιασμοῦ
259 1854 381 1904 Bacchlci
390 1855 513 1917 gradum,
523 1856 642 1916 minime,
681 1869 743 1908 sum
760 1861 814 1918 est,
832 1859 904 1909 unde
923 1873 939 1909 e
957 1861 1042 1911 codd.
1061 1861 1207 1926 interpola-

117 1929 143 1976 ut
159 1927 203 1978 elii
220 1926 329 1990 volunt,
349 1929 508 1979 «remissum
525 1928 643 1979 furorem
680 1932 712 1981 tis
733 1931 930 1983 substituerunt
944 1947 983 1982 cc.
1003 1934 1042 1983 Tu
1053 1934 1146 1985 conter
1158 1935 1206 1985 Od.

118 2003 196 2065 atque
209 2000 346 2066 paullatim
358 2001 528 2062 abeuntem»
541 2003 575 2052 da
588 2017 641 2066 quo
681 2005 710 2064 ι,
732 2005 777 2066 46,
798 2005 889 2055 7-9:
919 2013 1094 2068 aeque--ut
1120 2007 1204 2058 Plaut.

119 2073 236 2125 Catullus
258 2074 284 2125 iu
302 2074 448 2126 Gelliambo
461 2091 484 2126 e.
498 2076 538 2125 63.
551 2089 576 2127 v.
591 2077 639 2126 38:
678 2076 736 2128 Aul.
760 2077 829 2128 Prol.
851 2080 896 2129 22:
919 2081 1045 2142 puriter-
1056 2086 1092 2129 ut.
1127 2083 1206 2145 Prop.

116 2150 170 2199 Abit
194 2151 222 2198 in
248 2151 328 2210 quea
351 2151 420 2200 molli
444 2151 548 2200 rabidus
568 2151 643 2213 liuor
679 2152 707 2212 4,
726 2152 770 2211 ιιι,
789 2152 821 2199 7:
853 2154 905 2203 Nec
920 2155 1004 2203 minias
1021 2155 1101 2217 (item)
1118 2159 1204 2203 --ιιι

116 2224 203 2272 enini,
224 2223 300 2273 Ouid.
313 2226 403 2274 Amor.
418 2223 561 2284 l,tl‚tl:
581 2226 642 2274 Tum
677 2224 743 2276 Plin.
762 2225 827 2289 Epp.
847 2225 944 2288 l‚20,
964 2228 995 2276 t:
1025 2233 1203 2288 aoqm--ac

118 2311 215 2359 auoque
244 2302 300 2346 erut
331 2297 443 2361 capiccio
474 2299 576 2358 ιιιοειιε,
613 2303 642 2348 ue
678 2299 732 2349 Cic.
745 2299 818 2349 Brut.
829 2300 870 2361 oc,
882 2301 939 2352 488.
954 2300 989 2350 (ιε
1004 2300 1078 2362 oni,
1089 2301 1131 2362 to,
1146 2299 1204 2353 23⁴.

117 2371 224 2420 Thracio
234 2371 344 2432 Bacche,
357 2371 419 2421 Cion
429 2376 519 2422 tenere
528 2372 555 2422 ln
565 2372 642 2422 uiridi
678 2374 785 2423 Terent.
795 2373 889 2424 lleuut.
901 2376 924 2435 ι,
937 2375 962 2435 t,
972 2375 1000 2424 m
1013 2374 1201 2436 rpemnds-ut.

113 2446 230 2507 pansae
247 2445 316 2494 ιαεεα
332 2446 406 2496 iacet.
677 2448 737 2497 vid.
763 2449 922 2510 praesertim
948 2449 1016 2498 Voss
1044 2450 1072 2498 et
1087 2449 1206 2511 Wagner

148 2520 189 2569 lo.
217 2518 336 2584 Hebmm]
361 2533 470 2569 amnem
495 2517 582 2581 illum,
613 2523 642 2571 ut
678 2521 812 2584 advirgil.
832 2525 877 2572 Ge.
896 2523 929 2582 ι,
950 2523 1007 2572 277.
1036 2521 1204 2572 Intolerabile

114 2596 147 2644 ita
159 2593 259 2655 dicam,
273 2597 407 2658 poeticum
421 2594 477 2658 (Od.
487 2596 511 2655 4,
524 2597 565 2655 25,
577 2595 640 2656 td),
678 2608 743 2645 vero
761 2609 793 2645 uc
805 2597 869 2658 pede
880 2623 895 2633 -
905 2621 921 2632 -
931 2611 963 2646 cc
978 2597 1056 2656 mibi,
1079 2597 1204 2660 quocirca

115 2669 159 2731 qui
186 2669 240 2718 lem
265 2669 374 2719 Graecis
398 2668 501 2731 trigoris
517 2668 641 2718 immanis
678 2670 705 2719 in
722 2669 770 2719 Ed.
790 2672 951 2720 Gesneriana
968 2669 1062 2720 callide
1087 2671 1205 2735 scripse·

113 2755 144 2791 ee
155 2745 305 2806 perpetuae
322 2743 390 2792 nivis
407 2743 550 2805 imaginem
561 2755 642 2806 pree·
678 2746 756 2793 runt:
775 2749 799 2793 et
811 2745 883 2806 pade.
913 2746 971 2794 Non
989 2746 1030 2794 est
1047 2747 1138 2794 autem
1155 2759 1203 2795 ex-

113 2815 205 2865 bebat.
241 2816 354 2866 Theoor.
378 2817 407 2877 Ἰ,
433 2818 493 2865 ιιι;
523 2814 595 2880 Εἴης
617 2814 641 2865 δ’
679 2815 816 2879 clamatio,
842 2822 873 2868 ιιι
890 2819 998 2883 quidem
1015 2820 1113 2882 opinati
1131 2822 1201 2880 sunt,
1255 2859 1259 2866 .

109 2883 243 2941 Ἠδωνῶν
268 2889 323 2955 μιν
347 2890 378 2942 ἐν
408 2885 496 2962 ὄρεσι
526 2895 642 2956 χείματι
678 2893 713 2941 ita
731 2905 795 2943 eum
815 2892 882 2943 Aldo
903 2893 1112 2956 distinguentes:
1141 2894 1204 2943 lilio-

110 2966 214 3030 μέσσῳ
234 2957 339 3036 Ἕβρον
365 2961 423 3036 πὰρ
448 2960 580 3028 ποταμὸν
596 2981 641 3015 τε·
678 2967 766 3027 dcpcn.
787 2967 817 3015 Ut
832 2967 1030 3017 miti-diuet!
1055 2970 1136 3032 alque
1153 2981 1204 3032 ap-

112 3041 278 3111 τραμμένος
311 3035 430 3105 ἐγγύθεν
464 3033 582 3109 ἄρκτου.
612 3069 638 3075 -
677 3037 808 3102 pellentes
825 3040 908 3104 Epod.
927 3041 1017 3100 ²2⁴9:
1045 3043 1075 3090 Ut
1092 3043 1203 3106 pandat!

108 3112 282 3176 prospiciens]
309 3114 419 3173 «Hoc»,
446 3114 543 3176 inquit,
572 3113 641 3162 «nisi
680 3141 707 3148 -
727 3111 810 3175 deuio]
836 3112 955 3175 «lougius
977 3127 994 3162 a
1010 3118 1139 3166 consueto
1159 3117 1203 3166 iti·

111 3189 154 3238 die
167 3187 241 3237 claro
254 3187 341 3236 lacere
353 3199 405 3236 non
414 3187 525 3250 potuit.»
545 3187 641 3247 Quidni
678 3199 743 3235 nere
755 3187 891 3248 evaganti,
910 3200 964 3248 quo
982 3187 1049 3238 deus
1067 3187 1202 3252 impellit.»

109 3261 274 3327 plenilunio,
297 3260 388 3322 quidni
411 3263 489 3310 nocte
513 3260 640 3311 sublustri
712 3259 752 3311 ⁴3.
780 3259 819 3310 44.
846 3260 936 3323 liipcs]
962 3260 1020 3310 Vid.
1045 3261 1080 3310 ad
1102 3262 1150 3311 Od.
1169 3262 1200 3322 4,

111 3335 155 3385 vel
173 3333 263 3400 paullo
284 3337 345 3384 ente
368 3333 535 3384 diluculum?
562 3337 639 3398 Apud
677 3333 708 3395 t,
726 3334 767 3384 al.
803 3334 903 3384 Verum
921 3347 974 3383 non
992 3337 1049 3395 εει,
1073 3336 1145 3398 quod
1166 3337 1203 3386 ait

112 3424 163 3462 nos
193 3408 328 3460 Helvetios
353 3411 428 3460 carte
452 3411 575 3459 nocturni
595 3409 640 3460 Al·
677 3407 824 3458 Bentleius:
852 3410 1024 3471 «Nusquam,
1052 3407 1100 3458 ubi
1120 3421 1202 3460 senua

108 3487 196 3550 pium,
209 3483 325 3542 lacuum,
339 3483 640 3534 catarrhactarumcum
676 3480 751 3532 locus
773 3484 829 3542 est,
859 3482 992 3545 repereris
1015 3481 1137 3534 absolute
1162 3485 1202 3534 sle

110 3559 181 3609 iride
198 3557 284 3607 lunari
304 3561 464 3623 prospectus
481 3571 534 3608 nou
552 3559 640 3608 minus
677 3557 808 3619 positum,
845 3554 916 3606 nulla
944 3557 1080 3607 mentione
1111 3557 1202 3608 tlumi-
1263 3595 1270 3602 .

108 3633 218 3684 amoeni
241 3633 303 3682 sunt
323 3645 405 3694 quam
428 3631 530 3693 diurni,
558 3635 639 3696 atque
676 3630 717 3679 uis
735 3628 777 3679 vel
794 3642 925 3694 equarum
941 3629 1058 3680 habita.»
1083 3629 1136 3680 Cir.
1150 3630 1199 3681 0d.

107 3708 215 3757 animos
227 3707 333 3756 secreto
345 3707 456 3755 horrore
465 3705 637 3770 perfundunt.
676 3703 711 3764 3,
726 3704 753 3764 ι,
774 3705 820 3753 m:
848 3704 956 3754 Socim
971 3731 984 3740 -
998 3730 1010 3740 -
1024 3717 1076 3754 nora
1098 3705 1202 3755 imitus

144 3782 186 3830 tl.
215 3779 255 3828 ιι.
283 3781 345 3842 pede
361 3779 486 3844 barbaro]
515 3793 530 3828 a
554 3780 638 3830 thiaso
675 3779 762 3826 domos
777 3778 883 3827 Fastidit
898 3778 1090 3841 oenmcacmqae
1104 3778 1198 3840 ripato,

106 3853 272 3906 Maenadum
284 3854 461 3904 Thressarum
478 3853 550 3916 orgia
566 3852 639 3902 cele·
675 3853 731 3902 Non
747 3853 864 3914 zephyria
879 3854 980 3917 opilata
998 3853 1091 3914 senape.
1127 3852 1200 3911 Quo-

106 3929 254 3978 brantium.
299 3926 439 3986 Quomodo
463 3927 490 3977 in
516 3926 637 3994 ἐπιθέτῳ
675 3927 746 3977 circa
766 3927 911 3976 reiicienda
935 3928 977 3976 eet
996 3929 1023 3976 et
1043 3924 1112 3976 illius
1133 3938 1199 3976 ecn-

106 4005 224 4053 haererc
242 4001 358 4065 potuerit
375 4002 445 4062 lll’.‚
472 4013 566 4061 nemo,
591 4002 636 4064 qui
675 4002 735 4051 ieci.
749 4001 852 4049 riccaet
867 3999 996 4049 Codicum
1008 3998 1107 4062 aliquoi
1120 3997 1198 4049 lectio

106 4076 236 4138 antiquos
262 4077 355 4138 poetas
381 4086 500 4138 unquam
527 4073 635 4138 legerit,
673 4087 761 4136 rapas,
777 4087 846 4137 quae
857 4073 958 4136 placuit
968 4073 1070 4122 llureto
1079 4086 1111 4122 ac
1122 4074 1199 4123 Lam·

104 4148 186 4201 lacila
208 4146 344 4210 intelligat.
380 4149 496 4198 Thraces
514 4149 585 4198 enim
604 4161 636 4198 ec
674 4149 752 4208 binc,
772 4150 799 4198 et
814 4147 926 4197 tortasse
943 4145 1023 4195 dueta
1042 4147 1084 4196 est
1104 4147 1196 4196 exod.

105 4225 230 4287 Phryges
248 4223 278 4272 iis
295 4224 357 4272 κατ’
376 4217 482 4288 ἐξοχὴν
500 4224 562 4274 ειιιιι
578 4223 637 4272 bct·-
673 4223 704 4284 t,
727 4222 771 4283 49,
795 4221 822 4269 ιε
840 4220 966 4271 emesan
981 4221 1009 4270 in
1024 4221 1199 4291 rernoiispor·
