2934 4884
683 373 811 423 molismi
828 369 997 421 alumnum

462 534 623 597 Decantes
645 528 772 615 elegos
798 549 857 594 our
879 527 934 593 tibi
958 528 1062 593 iunior

548 654 650 717 Laesa
671 651 852 737 praeniteat
875 648 949 715 fide.

459 810 622 896 Insignem
644 808 732 874 tenui
756 806 858 875 lronte
880 805 1042 894 Lycorida

461 930 537 1019 Cyri
560 939 659 995 torret
681 948 786 1003 amor,
811 928 917 1016 Cyrus
940 925 972 991 in
994 941 1144 1013 asperam

460 1050 607 1117 Declinat
627 1048 787 1127 Pholo'en3
811 1047 871 1115 sed
892 1048 983 1135 prius
1007 1047 1118 1134 Apulis

545 1175 721 1259 iungentur
743 1188 881 1255 capreae
903 1168 1005 1255 lupia,

354 1374 378 1421 7.
399 1372 509 1421 licelioct
523 1384 564 1434 pr.
583 1370 613 1429 T,
632 1368 681 1418 sed
699 1366 733 1416 ab
752 1366 810 1415 aad.
830 1378 911 1415 manu
934 1378 1002 1414 corr.
1022 1366 1048 1414 in
1064 1366 1188 1414 Declinct.
1211 1392 1237 1401 -
1257 1365 1346 1427 Apulis

322 1444 361 1495 τά
378 1448 406 1494 et
421 1442 596 1507 probabiliter
613 1443 693 1492 etiam
710 1438 806 1502 reliqui
824 1440 886 1500 mei,
905 1452 973 1503 quos
991 1452 1083 1491 rursus
1104 1440 1255 1489 examinare
1274 1452 1346 1489 nuno

322 1532 376 1571 nou
393 1519 479 1582 potui:
498 1518 602 1579 Appulia
618 1514 705 1578 volgo.

321 1698 346 1745 Ξ.
365 1696 389 1744 3.
407 1693 680 1755 miserabiles-elopem
697 1692 811 1751 Liuio,
850 1692 894 1753 git.
934 1692 1096 1753 comparant
1122 1690 1223 1741 Moschi
1248 1688 1323 1751 idyll.
1353 1690 1378 1749 6,

288 1770 317 1819 3:
335 1768 509 1818 naturabiliter
516 1767 624 1829 scriptae
634 1767 739 1816 litterae.
760 1766 813 1815 llus
852 1756 966 1835 l:''Hpa
985 1761 1050 1815 Πὰν
1064 1758 1152 1827 Ἀχῶς
1169 1762 1220 1827 τᾶς
1236 1768 1379 1831 γείτονος,

289 1855 426 1906 nunquam
448 1842 548 1900 editos,
574 1840 623 1891 sed
640 1854 702 1890 cum
720 1840 813 1889 amicis
850 1833 942 1909 ἤρατο
959 1838 982 1887 δ’·
997 1833 1068 1898 >lxo
1083 1836 1229 1909 Σκιρτητᾰ
1246 1837 1379 1911 Σατύρω,

287 1919 390 1969 tontum
407 1915 629 1976 communicatos,
648 1917 741 1978 postea
758 1914 812 1964 ior·
850 1910 980 1985 Σάτυρος
996 1912 1019 1961 δ’
1036 1912 1206 1977 ἐπεμωνετο
1217 1911 1299 1982 Arica
1309 1932 1337 1965 κ.
1351 1931 1379 1966 τ.

287 1994 358 2043 tasse
369 1990 404 2040 ab
416 1991 474 2054 ipso
485 1988 596 2049 Tibullo,
609 1990 715 2053 quodsi
725 1988 814 2052 displi-
850 1987 875 2038 λ.
895 1988 1047 2039 callimach.
1073 1990 1161 2052 Epigr.
1186 1988 1233 2050 ³2,
1260 1991 1290 2039 5:
1319 1986 1382 2041 Οὑ-

287 2070 394 2126 cereut,
419 2064 521 2114 deletos
546 2077 607 2113 esse
633 2065 810 2129 suspicantur.
848 2058 906 2127 μὸς
923 2056 995 2133 ’ἔρως
1012 2056 1141 2118 τοιόσδε,
1167 2058 1204 2111 τὰ
1225 2061 1280 2127 μὲν
1302 2062 1381 2125 φεύ-

288 2140 370 2202 Quid,
389 2141 411 2191 si
422 2152 559 2202 nunquam
576 2139 667 2203 scripti
684 2141 763 2190 sunt‘l
783 2142 813 2188 ut
849 2152 937 2203 γοντα
968 2133 1083 2187 διώκειν
1111 2133 1193 2197 Οἵδε,
1228 2132 1264 2187 τὰ
1291 2136 1315 2187 δ’
1346 2139 1381 2190 ἐν

286 2216 358 2267 dicat
372 2214 509 2265 llosaiius:
534 2215 663 2277 «propter
679 2213 811 2277 perfidam
848 2216 949 2277 μέσσῳ
967 2214 1084 2275 κείμενα
1101 2212 1282 2283 nepotum.
1298 2219 1381 2263 -te-

286 2288 379 2340 illam»
403 2288 510 2351 (aquam
529 2289 576 2335 aut
594 2301 624 2336 re
644 2300 706 2336 vcra
725 2300 810 2347 amas,
849 2288 893 2336 nui
913 2286 1004 2349 fronte]
1027 2287 1093 2350 Epp.
1113 2287 1140 2346 4,
1163 2287 1192 2346 i,
1218 2288 1262 2336 26:
1290 2288 1382 2350 nipros

286 2366 333 2413 aut
351 2375 434 2425 quam
457 2376 473 2411 o
496 2365 522 2411 te
546 2363 632 2411 amari
651 2375 702 2425 per
722 2363 811 2411 iocum
849 2366 958 2423 copulato
973 2361 1056 2422 fronte
1072 2361 1184 2421 capillos.
1220 2359 1329 2411 Martial.
1350 2361 1379 2421 l,

285 2438 391 2500 liugom
409 2437 461 2485 hoc
478 2436 550 2485 enirn
568 2449 617 2485 nos
634 2436 810 2497 mosomum)
849 2435 894 2495 ia,
908 2435 936 2483 9:
955 2436 1036 2484 Frons
1048 2434 1128 2483 breuis
1139 2437 1311 2497 ctqswmomcs
1321 2436 1383 2487 bre-

254 2532 257 2537 ·
287 2509 355 2560 «noli
377 2508 494 2568 ilebrles,
519 2508 702 2571 queribundos
722 2509 812 2571 elegos
848 2511 912 2560 viter
935 2510 967 2559 sil
988 2508 1093 2559 naribus
1115 2510 1193 2559 4444444.
1236 2510 1380 2561 Petronius

287 2596 463 2647 componere,
476 2584 506 2632 ut
517 2582 602 2632 iecisti
613 2584 641 2633 in
651 2582 742 2633 Deliae
753 2584 813 2646 (lon
850 2584 878 2634 C.
911 2584 967 2632 iso.
1007 2582 1134 2633 feminam
1166 2582 1380 2647 pulcherrimam

286 2661 358 2707 tasse
376 2658 456 2706 eliam
472 2656 602 2718 Nemesis)
621 2670 728 2714 amore,
748 2670 812 2719 pro·
850 2657 1018 2708 describens:
1046 2658 1126 2707 Frons
1145 2658 1252 2707 minimo
1271 2664 1294 2707 ct
1310 2672 1382 2719 prece

286 2732 380 2794 pterea
396 2729 469 2793 quod
489 2730 575 2779 iunior
592 2729 639 2779 tihi
656 2730 745 2780 rivalis
763 2743 813 2780 on·
848 2732 932 2792 apices
968 2730 1118 2792 ccpillomm
1156 2736 1224 2781 retro
1256 2734 1380 2795 [iecerat.

287 2805 438 2868 teponatur.
454 2830 482 2838 -
494 2804 625 2866 Deccotcs]
643 2806 674 2855 lit
689 2806 811 2854 nostrum
850 2804 1006 2855 Winckelm.
1028 2806 1097 2855 Moe.
1116 2806 1181 2854 locd.
1200 2806 1228 2853 Τ.
1247 2807 1318 2855 Llll:
1338 2807 1383 2856 La

287 2879 465 2940 ltersinpcn,
487 2876 522 2925 de
540 2876 670 2925 cantilena
681 2877 811 2928 flebiliore
849 2879 967 2929 bessem
989 2878 1054 2929 eolo
1074 2879 1157 2941 fronte
1171 2880 1229 2929 uico
1250 2892 1382 2929 conanen-

288 2954 315 3001 et
331 2952 405 3001 vocis
422 2951 550 2999 varietate
568 2954 685 3001 carente.
710 2980 737 2987 —
757 2954 812 3023 cur]
850 2954 911 3003 doto
928 2954 962 3003 (lo
978 2954 1084 3013 Oresio,
1112 2956 1212 3015 quando
1233 2955 1292 3003 lodo
1307 2956 1383 3005 losi-

287 3028 326 3076 lle
348 3025 401 3075 hoc
417 3037 442 3073 4.
461 3038 508 3073 eur
527 3037 579 3074 usu
599 3038 647 3088 pro
670 3028 736 3088 quod
752 3029 813 3090 post
850 3028 1135 3090 gnam-Lycorida,
1162 3029 1188 3077 cli
1204 3030 1245 3077 cui
1262 3028 1307 3077 beo
1330 3042 1383 3079 cc-

286 3113 329 3149 vv.
343 3099 458 3148 maxime
470 3099 620 3159 mosaici,
637 3100 748 3161 dohndi,
762 3102 814 3149 irc-
845 3102 938 3163 poeno
955 3100 1049 3151 licem
1063 3116 1132 3151 senso
1143 3102 1179 3166 pli
1190 3102 1285 3152 amiciti
1295 3103 1383 3153 inter-

285 3174 368 3223 scendi
381 3174 455 3235 (Epp.
469 3173 480 3221 4
493 3210 498 3234 ,
511 3172 541 3233 8,
554 3172 582 3221 9:
604 3174 705 3224 irascor
715 3176 812 3237 amicis,
846 3176 922 3237 preti,
941 3176 951 3223 i
968 3177 1037 3237 quali
1053 3178 1078 3225 lo
1094 3178 1227 3241 spriepcno:
1249 3182 1382 3239 uangusla

287 3248 338 3298 Gor
356 3251 492 3309 properent
514 3246 590 3308 cet),
608 3248 735 3309 mirandi,
764 3249 811 3298 clr.
851 3252 877 3299 ot
887 3264 970 3313 parva
987 3250 1081 3311 leonte,
1099 3252 1172 3316 quod
1184 3266 1216 3302 ex
1231 3251 1384 3316 pulchritu-

287 3321 364 3372 lland
385 3322 460 3371 lurs.
483 3321 513 3369 ll.
537 3334 563 3385 p.
583 3322 639 3371 iii.
659 3324 687 3372 el
707 3322 814 3373 Lu'bker
851 3324 919 3375 dinis
951 3325 1035 3375 iorma
1066 3326 1249 3376 commendari
1276 3325 1381 3377 solet.»

287 3395 360 3445 adh.
373 3393 390 3445 l.
415 3395 477 3445 Mihi
489 3394 598 3458 quidem
611 3396 814 3447 videturenun-
853 3424 880 3433 -
912 3400 1050 3463 locanda]
1079 3400 1134 3449 lloc
1161 3402 1269 3450 nomine
1295 3404 1381 3451 antea

246 3462 249 3473 '
286 3470 379 3520 tioium
417 3472 524 3534 proprie
563 3483 595 3519 ex
631 3472 673 3521 his
707 3470 813 3521 duobus
851 3472 988 3523 Cornelius
1010 3472 1098 3524 Gallus
1119 3486 1183 3524 suos
1202 3486 1309 3524 amores
1329 3487 1382 3524 ce-

288 3544 468 3592 contractum:
496 3542 519 3605 4)
546 3558 580 3593 ne
606 3544 699 3595 dolens
724 3546 811 3597 dicas:
851 3547 960 3596 cinerat.

289 3616 359 3665 «Cur
374 3616 440 3666 mihi
465 3618 552 3667 iunior
573 3619 762 3681 praetenturis
788 3620 812 3683 Ξ]
883 3620 908 3669 6.
927 3620 994 3683 Opes]
1014 3620 1061 3669 Od.
1081 3621 1105 3681 4,
1125 3622 1166 3681 li,
1184 3622 1225 3671 25.
1245 3623 1286 3671 est
1296 3621 1382 3673 huius

288 3687 341 3737 noli
359 3688 463 3751 dolere,
481 3692 554 3754 quod
570 3691 617 3740 tibi
630 3693 716 3743 iunior
733 3707 814 3757 prae·
851 3694 965 3743 nomlnis
976 3692 1105 3755 Tyndaris
1117 3696 1228 3744 amator.
1248 3720 1275 3729 -
1288 3697 1381 3760 ior-ret]

289 3761 397 3811 leretur.
851 3766 952 3817 Eodem
969 3767 1126 3830 metaphora
1138 3769 1245 3832 Sappho
1262 3770 1302 3818 Fr.
1316 3770 1379 3819 lle.

321 3834 346 3885 i.
361 3836 513 3901 pammac]
526 3851 577 3902 pn:
598 3838 742 3901 «Glycerae
758 3842 816 3892 nlti-
850 3842 954 3903 Bergk:
967 3835 1084 3903 ’Όπταις
1100 3834 1189 3906 ἄμμε.

290 3907 349 3957 dior
365 3920 397 3957 ac
414 3906 555 3961 formosior
571 3912 717 3963 videnum.»
883 3916 908 3964 7.
934 3914 1059 3979 Declinct]
1084 3920 1125 3966 «Α
1146 3915 1275 3979 Lycoride
1296 3928 1383 3965 even-

322 3981 346 4030 o.
365 3980 571 4036 inconstantiam
592 3999 715 4038 amorum
733 3994 814 4053 atque
850 4002 897 4040 sus
924 3988 1074 4054 propendet
1106 3992 1133 4041 in
1160 3989 1276 4041 Pholoen
1303 3988 1383 4042 illam

290 4054 399 4106 dissidia
410 4057 490 4106 certis
501 4058 663 4121 quibusdam
674 4063 812 4128 exemplis,
851 4062 985 4115 difficilem
1002 4076 1034 4115 ac
1053 4066 1241 4115 renitentem.»
1267 4090 1294 4101 -
1311 4065 1384 4114 Plo-

291 4142 358 4191 ase,
377 4130 519 4194 otopiuor,
537 4133 615 4195 fictis,
633 4137 815 4189 cumdelectu
851 4139 915 4203 lotii]
933 4140 981 4191 Od.
1000 4141 1029 4198 Ξ,
1053 4142 1084 4201 44,
1109 4142 1153 4191 li:
1177 4139 1380 4204 Plelol'fttyae.

290 4204 427 4255 nominum
451 4207 524 4268 grate
546 4210 697 4260 sonantium
719 4211 815 4275 depin-
852 4212 899 4262 0d.
918 4214 947 4274 3,
967 4216 1010 4273 itt,
1029 4215 1054 4264 7.
1089 4214 1199 4265 llaratlai
1219 4217 1247 4263 et
1264 4212 1384 4265 Pholoes
