2934 4884
465 893 791 958 Pfflsssso

398 1047 648 1114 EDlTlONlS
676 1047 858 1114 Pllllldll.

153 1417 322 1506 Philologis
351 1439 390 1485 ea
420 1428 541 1484 tantum
571 1415 667 1484 buius
697 1439 796 1484 curae
823 1439 899 1506 pars
926 1419 1084 1484 destinata
1105 1428 1171 1494 est,

20 1621 21 1626 ἵ
102 1558 174 1624 qnae
195 1541 225 1604 in
247 1555 356 1628 κρίσει
379 1541 552 1607 Horatiana
573 1549 730 1606 versatur.
774 1539 899 1606 Etenim
920 1561 993 1606 cum
1012 1560 1086 1606 meo
1100 1540 1173 1628 qui-

102 1659 164 1725 dem
184 1661 303 1728 iudicio
327 1663 409 1728 inter
423 1683 549 1739 omnes,
581 1661 637 1749 qui
659 1681 699 1728 eo
722 1662 755 1726 in
770 1681 890 1749 genere
907 1669 980 1748 post
993 1660 1173 1728 Bentleium

102 1778 307 1860 elaborarunt,
342 1783 435 1850 lacile
467 1784 587 1870 primas
616 1783 696 1850 lerat
727 1784 890 1868 Augustus
921 1781 1068 1849 lleinelre
1102 1783 1173 1866 (Be-

103 1899 194 1980 rolini,
224 1903 261 1969 G.
285 1905 432 1971 lleimer:
465 1905 504 1970 bl.
527 1905 643 1972 DCCC.
666 1903 827 1988 XXXIV.),
857 1902 1039 1991 periculum
1065 1902 1173 1969 lacere

101 2021 224 2102 decrevi,
241 2023 323 2113 quid
338 2025 498 2091 commodi
515 2023 556 2091 ad
569 2032 699 2112 po'etam
715 2024 791 2091 inde
805 2023 1061 2092 redundaturum
1075 2034 1171 2100 esset,

102 2142 123 2206 si
147 2143 263 2234 aliquot
292 2143 467 2213 Codioibus
489 2145 736 2234 antiquissimis,
768 2167 908 2234 quorum
938 2145 1093 2212 lectiones
1116 2165 1174 2210 ne-

102 2263 218 2332 modum
246 2288 323 2334 cum
346 2267 472 2335 Criticis
494 2267 778 2342 communicasset,
808 2267 990 2332 accuratius
1012 2266 1175 2331 examina-

103 2383 146 2460 tis,
173 2408 210 2452 ex
232 2387 284 2454 his
313 2389 520 2475 praesertim,
551 2388 713 2455 interdum
735 2388 833 2454 etiam
855 2407 896 2452 ex
918 2385 1005 2465 aliis,
1035 2385 1174 2452 maximo

104 2525 136 2569 ex
158 2507 286 2596 Cruquii
315 2508 549 2586 BlandinianiS,
576 2529 662 2597 quae
691 2508 744 2575 illa
772 2509 805 2574 in
827 2507 1047 2596 recognitione
1067 2507 1174 2572 minus

102 2625 264 2708 probabilia
295 2629 366 2696 visa
395 2641 520 2706 essent,
554 2629 814 2697 emendarentur.
859 2631 1031 2696 Praeterea
1053 2647 1173 2715 operae

103 2747 223 2828 pretium
249 2750 410 2816 facturum
437 2771 490 2817 me
519 2762 608 2818 ratus
631 2773 718 2830 sum,
754 2773 781 2816 sr
809 2750 1073 2838 gravissimarum
1093 2770 1175 2837 qua-

103 2885 221 2956 rumque
242 2870 419 2938 lectionum
437 2881 558 2938 certam
578 2871 687 2938 denuo
702 2872 926 2938 auctoritatem
939 2892 1173 2959 expromerem,

20 3009 21 3014 ¹
103 3005 164 3052 cum
189 3011 274 3077 quac
305 2990 411 3058 adhuc
440 3001 565 3058 exstant
593 2991 754 3058 eiusmodi
777 3001 935 3079 ovtloyot
956 3013 1022 3059 non
1043 3012 1175 3080 semper

103 3105 208 3188 clarae,
231 3113 390 3200 integrae,
413 3111 478 3179 fide
500 3133 740 3200 usquequaque
762 3111 879 3201 dignae
901 3133 976 3180 esse
992 3112 1172 3180 videantur.

155 3231 287 3299 Codices
309 3243 431 3310 autem,
456 3233 575 3321 quibus
597 3254 677 3299 usus
699 3253 787 3311 sum,
811 3233 843 3298 hi
865 3243 954 3300 sunt:

154 3351 173 3414 l.
207 3353 318 3420 Codex
346 3355 513 3419 Banusnsrs
533 3355 569 3419 N.
592 3354 665 3418 363.
688 3353 732 3418 ll.
756 3354 828 3419 Sec.
851 3355 929 3420 Vlll.
952 3353 1099 3420 exeuntis
1120 3354 1172 3421 vel

104 3466 145 3531 lx.
167 3471 318 3552 ineunda,
354 3474 512 3558 Scotice*)
546 3473 702 3560 scriptus,
738 3473 980 3561 antiquissimus
1011 3477 1169 3552 omnium,

104 3601 243 3679 quotquot
272 3591 379 3661 adhuc
408 3595 624 3672 innotuerunt,
653 3605 685 3660 et
713 3593 827 3659 ordine
856 3595 1034 3661 carminum
1056 3617 1076 3662 a
1096 3595 1171 3663 reli-

155 3914 176 3977 *l
201 3919 247 3968 llic
270 3919 321 3971 illic
344 3921 371 3969 in
393 3919 516 3972 loliorum
538 3921 702 3986 marginibus
723 3923 893 3988 reperiuntur
908 3921 1039 3975 vocabula
1056 3919 1168 3982 Celtica,

20 4067 21 4076 2
104 4003 201 4054 lltrum
226 4003 293 4054 haec
319 4005 423 4054 notavi:
453 4005 543 4070 papo,
569 4007 625 4068 isal,
651 4007 759 4070 placat,
786 4009 903 4069 totkiad,
929 4008 1060 4071 merop,
1087 4006 1167 4065 ccttlt,

20 4085 21 4094 ’
105 4079 199 4144 widoni,
222 4085 372 4148 cottoracb,
396 4089 569 4151 topluoracclt,
591 4091 726 4154 toptatorct,
750 4091 905 4152 cbombotot,·
927 4090 1092 4141 muoratocb:
1117 4091 1169 4140 hoc

20 4195 21 4222 ;
105 4169 154 4212 tum
168 4166 380 4232 interpretatione
399 4169 502 4222 abab.»

957 4269 974 4302 ᾔ
