2934 4884
632 244 761 294 HORthl
778 244 947 297 CARMINUH

461 390 562 465 Maius
586 398 800 466 Echioniaeve
822 399 961 467 Thebae.

375 561 497 625 Herses
520 558 695 646 profundo:
722 556 887 645 pulchrior
909 559 1008 638 exiet3

372 683 522 747 Luctare:
548 678 646 745 multa
667 689 801 765 proruet
823 680 983 767 integrum

417 802 497 868 Cum
519 800 616 867 lauda
638 802 794 867 victorem
818 811 976 888 geretque

459 922 585 989 Proelia
608 921 800 1009 coniugibus
821 920 994 1009 loquenda.

372 1082 556 1168 Karthagini
579 1081 641 1146 iarn
663 1102 727 1146 non
749 1100 810 1167 ego
836 1080 965 1147 nuntios

312 1228 352 1277 ot.
371 1227 469 1275 Mersus
480 1223 532 1273 Scd
544 1226 571 1273 et
582 1220 664 1273 Beati.
677 1220 812 1285 plerique,
830 1223 929 1273 Merrae
939 1223 967 1272 Τ.
990 1224 1030 1286 (Ut
1041 1236 1103 1285 nos,
1119 1220 1217 1287 abssi,
1234 1227 1305 1276 Pott.

278 1300 415 1365 quinque.)
438 1327 464 1337 —
484 1298 563 1349 erepit
584 1296 696 1347 HbSTod
714 1298 742 1347 et
758 1296 842 1347 Codd.
858 1296 967 1347 Bentleii
987 1312 1020 1348 ac
1038 1300 1167 1359 Pottierii,
1186 1301 1260 1350 LCtF
1277 1304 1308 1350 et

278 1374 362 1426 Bentl.
383 1375 457 1437 (sciet
473 1388 487 1423 e
506 1385 575 1423 corr.
594 1372 652 1421 vit.
672 1373 691 1420 L
712 1372 740 1421 ct
755 1370 812 1421 aliis
830 1371 875 1434 (7)
893 1372 965 1436 apud
982 1371 1073 1423 Valart
1089 1375 1224 1436 Heinelre,
1243 1378 1308 1439 post

279 1464 328 1501 nos
351 1450 430 1500 etiam
457 1448 540 1511 labn.)
560 1475 587 1483 -
607 1447 647 1497 66.
666 1448 777 1496 Hectore
793 1446 822 1495 Τ.
846 1472 875 1482 -
894 1448 998 1508 pror-rm
1022 1443 1102 1511 7,βξ,
1129 1462 1170 1512 pr.
1193 1449 1307 1511 direti-

280 1526 374 1575 nentes
391 1522 526 1588 paretque),
547 1521 630 1573 Bentl.
656 1547 682 1557 -
704 1520 745 1569 67.
763 1516 1095 1584 impatientiores.
1116 1522 1213 1585 (Nostri
1230 1524 1306 1585 non.)

282 1626 307 1634 -
326 1599 367 1649 69.
385 1598 538 1662 Hartirapini
555 1596 650 1660 scripsi
668 1608 729 1646 cum
747 1594 775 1645 b.
795 1594 939 1659 (cartagini
955 1596 994 1657 T.)

247 1720 322 1769 conis
344 1717 411 1769 illius
429 1717 554 1768 dentibus
571 1719 691 1783 ortorum
709 1729 772 1767 curn
808 1714 917 1767 Tertull.
939 1717 1000 1767 adr.
1017 1717 1075 1768 iud.
1094 1719 1149 1779 te,
1168 1720 1251 1770 redies
1264 1718 1338 1784 apud

248 1796 373 1857 quattuor
396 1791 453 1843 eliis
477 1796 538 1856 post
562 1806 679 1857 pugnam
701 1793 772 1842 inter·
808 1790 885 1855 Apul.
899 1792 961 1843 hiet.
973 1805 1033 1856 pag.
1046 1792 1175 1854 H9.,ubi
1183 1795 1238 1845 vid.
1247 1794 1339 1845 Hilde-

248 1869 343 1918 iratres
371 1868 522 1931 superstes,
552 1880 636 1930 gener
663 1866 770 1927 Cadmi,
808 1864 903 1915 brand.
932 1866 985 1916 Cir.
1004 1868 1086 1917 etiam
1103 1869 1229 1919 Huschke
1246 1870 1281 1920 ad
1297 1870 1340 1919 Ti-

247 1954 329 2005 quem
346 1942 372 1990 in
389 1939 488 1991 Thebis
503 1940 650 1994 condendis
662 1940 770 2000 adiuvit,
808 1938 873 1989 bull.
886 1938 944 1989 Vol.
957 1941 983 1991 2.
995 1953 1054 2005 pag.
1068 1943 1125 1992 707.
1140 1968 1168 1980 -
1181 1950 1290 2005 pronoet
1300 1946 1339 1993 irr-

247 2020 350 2080 igares
382 2016 507 2076 maritus,
541 2014 652 2065 Penthei
685 2016 770 2078 pater.
809 2013 920 2077 teprserr]
943 2018 1112 2079 «prosternet
1132 2017 1242 2068 hostem
1264 2018 1339 2069 illae·

248 2089 368 2155 Apollod.
383 2090 411 2151 3,
425 2089 450 2151 i,
464 2092 487 2140 i.
507 2090 581 2139 Ovid.
595 2091 657 2142 hiet.
670 2089 699 2147 3,
713 2088 770 2138 426.
809 2100 883 2147 sum,
900 2088 946 2150 qui
957 2088 1045 2151 paullo
1057 2091 1118 2139 ante
1130 2092 1240 2143 iamiam
1251 2095 1338 2144 victo-

280 2166 321 2215 65.
349 2164 453 2229 Herses]
481 2165 527 2213 «Si
544 2164 684 2225 merseris,
710 2161 773 2213 licet
809 2163 865 2211 riae
884 2165 975 2212 certus
992 2165 1076 2213 erat.»

248 2252 353 2289 merses
369 2240 396 2288 in
414 2238 466 2289 alto
483 2240 563 2300 meri,
588 2238 723 2302 pulchrior
741 2250 773 2285 ac
842 2236 883 2286 68.
902 2237 1048 2300 coniepihie
1063 2240 1196 2305 maceda]
1215 2241 1267 2291 «de
1280 2243 1337 2305 qui-

247 2312 340 2363 tortior
357 2312 462 2363 exibit.»
482 2314 570 2363 Lectio
582 2310 772 2363 normanuile
808 2311 861 2361 bus
878 2312 1005 2375 coniuges
1026 2314 1207 2365 Romanorum
1230 2318 1259 2365 et
1275 2328 1337 2367 cum

249 2387 328 2437 modo
355 2388 416 2437 ierri
438 2390 534 2451 potest.
564 2388 684 2451 Oportuit
701 2387 773 2437 enim
809 2384 869 2435 filiis
886 2388 914 2436 et
929 2386 1000 2436 inter
1016 2400 1046 2437 sa
1063 2401 1126 2438 cum
1142 2387 1279 2453 voluptate
1295 2391 1338 2440 ia-

246 2474 343 2521 mcrsa,
363 2474 415 2510 non
431 2475 536 2523 merae,
563 2474 625 2511 curn
642 2461 774 2511 referatur
810 2462 905 2523 staqrre
930 2458 1085 2523 gloriatione
1105 2463 1189 2513 rerba
1213 2464 1336 2514 hmani.»

249 2535 283 2584 ad
300 2536 444 2585 Geraesto
464 2536 554 2585 Haarr.
575 2536 672 2587 Contra
689 2538 771 2585 inve.
810 2532 906 2584 salust.
926 2536 967 2585 Fr.
986 2534 1043 2586 ihi.
1062 2550 1089 2599 p.
1107 2538 1165 2587 257.
1184 2537 1273 2587 Gerl:
1290 2539 1337 2588 Hi-

250 2611 380 2659 iterasset
392 2610 496 2659 tactae
510 2610 587 2673 aptus
600 2612 641 2661 est
658 2608 774 2673 perallc-
809 2610 895 2671 spanis
915 2622 970 2658 etot
992 2610 1054 2671 psit,
1079 2616 1109 2660 art
1129 2611 1157 2660 in
1173 2611 1240 2662 betia
1255 2616 1337 2663 emh-

249 2684 351 2735 lismus.
373 2711 399 2721 -
415 2684 554 2747 mtrior]
573 2696 653 2747 saepe
672 2686 706 2734 de
724 2684 774 2734 he·
811 2682 855 2732 bie
878 2682 1008 2733 iuveniores
1028 2690 1165 2745 peroratam
1188 2686 1261 2749 secte
1284 2701 1337 2737 me·

248 2758 352 2819 roihus,
380 2770 494 2822 quorum
519 2758 604 2808 torma
628 2760 654 2809 in
678 2760 773 2822 pugnis
810 2763 973 2807 reserarentur
982 2758 1138 2809 emetribrrs.
1155 2760 1230 2811 Haec
1240 2763 1337 2812 rectior

249 2834 331 2882 enitet
352 2834 432 2894 atque
455 2832 598 2896 conspicua
621 2835 674 2894 est,
701 2832 773 2895 Virg.
811 2833 992 2896 interpretatio
1009 2846 1091 2896 quam
1120 2835 1142 2897 t)
1161 2836 1337 2900 «coniugibus

249 2910 313 2956 hen.
333 2906 362 2966 7,
381 2905 443 2955 656:
465 2910 534 2956 setes
550 2907 654 2957 Herceie
668 2907 774 2969 pulchro
811 2905 1068 2969 Karthaginiensium
1090 2907 1261 2972 loquenda»;
1288 2924 1336 2975 pro

250 2979 290 3043 (al.
310 2994 342 3029 cx
364 2979 444 3043 gloss.
461 2980 532 3045 sorti)
553 2982 657 3032 Pulcher
672 2982 774 3032 Avanti-
811 2995 865 3045 qua
881 2982 996 3031 aderunt
1010 2981 1103 3033 Camil.
1117 2983 1163 3044 dl,
1181 2983 1245 3035 tte:
1269 2986 1338 3036 illies

248 3068 303 3105 aas.
334 3054 372 3105 lb.
397 3068 422 3105 v.
448 3056 513 3106 roi:
541 3058 669 3119 Hippolyti
689 3058 775 3119 proies
812 3055 934 3120 (Achillis)
956 3058 1070 3121 eprepies
1088 3059 1194 3109 uirtutes
1216 3060 1338 3123 eiercqm

246 3130 418 3193 macheriam
435 3130 509 3193 betto,
531 3132 635 3182 Virbite.
657 3158 684 3168 -
699 3132 773 3196 eeiet]
809 3130 881 3193 secta
897 3131 978 3193 Saepe
991 3130 1137 3194 [caemar
1155 3139 1297 3195 promum
1312 3136 1337 3184 ie

250 3208 361 3269 Propter
379 3204 586 3269 parallelismum
603 3208 774 3258 statuendum
809 3205 898 3268 meere
916 3210 1019 3255 matres.
1048 3205 1149 3257 Verum
1169 3208 1193 3258 si
1213 3208 1268 3258 boc
1289 3222 1338 3259 ro·

251 3281 292 3329 cst
309 3280 458 3331 archaismo
476 3282 502 3331 h.
516 3280 533 3330 l.
547 3295 626 3332 usum
639 3296 700 3333 esse
712 3286 776 3346 poa-
811 3277 904 3329 luisset
920 3281 1010 3343 poete,
1041 3293 1129 3330 nonne
1151 3283 1337 3344 querimoniae

251 3356 318 3411 tarn,
342 3367 404 3404 nem
425 3368 501 3419 seqq.
523 3355 692 3407 interessetis
714 3368 775 3405 mu·
811 3355 839 3402 et
855 3351 943 3404 luctus
959 3354 1125 3405 montionem
1140 3355 1280 3407 iniecisset
1295 3356 1336 3407 rel

250 3430 358 3478 niuntur
380 3426 414 3477 eb
438 3430 545 3492 optimis
568 3428 653 3480 Codd.
672 3431 774 3481 Heture
810 3441 865 3478 uno
881 3426 1021 3493 ἐπιθέτῳ7
1046 3428 1074 3498 2)4
1090 3443 1119 3479 «a
1137 3429 1267 3481 militibus
1284 3433 1336 3482 ito·

251 3503 355 3562 autern,
373 3501 455 3551 utvel
468 3504 550 3552 nostri
563 3501 646 3552 Codd.
661 3503 775 3554 demon·
811 3502 898 3552 menis
922 3502 1034 3552 domam
1056 3501 1198 3565 aliquando
1217 3507 1335 3557 reversis

252 3579 349 3637 strant,
369 3578 538 3627 Grammatici
550 3578 616 3636 hoc,
634 3580 664 3628 ut
681 3579 775 3642 opina·
812 3575 944 3627 narranda
965 3578 1022 3628 suis
1043 3578 1233 3641 coniugibus»;
1260 3580 1334 3631 ovid.

251 3650 362 3709 bantur,
381 3663 466 3700 naevo
487 3652 623 3701 Horatium
639 3650 775 3703 liberaturi
812 3652 874 3701 Her.
889 3654 918 3713 1,
935 3652 978 3701 30:
996 3652 1135 3701 Narrantis
1144 3655 1337 3716 meitacperdet

252 3724 775 3788 interpolarunteoeait,quodianrenhac
812 3726 844 3774 ab
861 3739 905 3775 ore
918 3727 978 3775 oiri.
1007 3726 1336 3791 Sedhancquoquescrr·

253 3798 443 3859 significatione
469 3800 514 3860 (ee
534 3799 667 3862 profundo
690 3814 776 3853 emer·
812 3800 1184 3853 tentiamsinedubioclarius
1192 3805 1338 3865 expressis-

253 3873 301 3935 git,
330 3871 448 3933 exsilit»)
468 3874 541 3923 ornni
559 3872 682 3938 exemplo
702 3878 776 3926 caret
812 3878 855 3925 set
866 3876 1001 3935 Horatius,
1014 3877 1044 3925 ut
1054 3876 1117 3926 iecit
1127 3877 1285 3928 Theocritus
1296 3880 1335 3939 id,

253 3960 284 3995 ac
302 3959 385 4011 prope
398 3948 480 4010 cogit,
500 3950 529 3997 ut
540 3950 631 3998 contra
646 3947 776 4001 librorum
813 3950 853 4001 86.
872 3951 899 4000 in
912 3950 1043 4000 contrarie
1054 3952 1127 4001 sorta
1138 3951 1291 4002 Poenorum
1302 3951 1335 4001 ab

252 4022 436 4072 auctoritatem
450 4023 475 4073 in
487 4036 563 4088 seqq.
577 4037 685 4088 quoqne
697 4038 777 4089 pree·
810 4025 927 4075 Hierone
944 4026 1121 4075 devictorum:
1139 4022 1232 4086 φίλων
1242 4020 1336 4095 μόρον

252 4094 336 4143 sentia
357 4096 526 4159 recipiamus.
554 4099 629 4150 Exiet
646 4102 687 4149 cst
705 4099 777 4163 epud
812 4092 1001 4165 ἀγγελέοντας
1017 4100 1134 4162 Τέκνοις
1155 4092 1199 4164 ἧδ’
1216 4093 1336 4160 ἀλόχοι·
