2934 4884
671 363 798 412 ttuaniti
818 362 986 413 (lauhmoni

572 908 819 1013 ‘cnm
846 909 1084 971 mm

462 1081 608 1147 Persicos
632 1078 703 1153 odi,
727 1100 825 1165 puer,
851 1088 1042 1165 apparatus,

461 1200 636 1288 Displicent
658 1221 761 1266 nexae
783 1198 911 1289 philyra
934 1220 1092 1277 coronae;

357 1382 487 1431 XXXVIII.
507 1383 588 1430 Inscr.
608 1379 676 1442 voIg.
696 1384 723 1427 et
740 1379 812 1428 BSI':
832 1378 869 1427 rid
883 1392 991 1439 poariam
1007 1378 1156 1427 ministram.

324 1539 456 1589 XXXVIII.
486 1538 627 1588 Anctumni
645 1540 766 1599 tempore
784 1550 814 1587 se
854 1538 1018 1599 Frequenter
1034 1537 1073 1585 sto
1087 1534 1254 1599 pociIIatores
1266 1550 1331 1587 suos
1343 1538 1382 1589 al-

292 1614 343 1663 sub
368 1612 470 1662 trichila
495 1626 549 1661 uno
571 1624 656 1675 puero
679 1624 693 1661 a
717 1611 815 1673 cyatho
852 1609 1031 1673 loquebantur
1048 1611 1142 1672 Lydai.
1162 1612 1256 1660 Anaer.
1277 1612 1318 1661 Fr.
1336 1614 1379 1661 62.

293 1688 389 1737 comite
415 1700 468 1736 non
500 1686 590 1735 IIoreis
616 1684 736 1745 corollis,
767 1684 814 1735 sad
852 1686 898 1734 Ii:
918 1679 981 1750 ”Aps
1003 1681 1053 1749 δή,
1075 1685 1139 1755 φέρ’
1162 1679 1245 1750 ἡμίν,
1270 1677 1380 1741 duat.

292 1764 381 1824 myrto
398 1761 535 1811 dumtaxat
545 1760 699 1810 redimitum
712 1762 816 1823 potatu·
853 1759 988 1825 Κελέβην.

292 1850 352 1886 rum
369 1836 505 1897 sigoidaat.
541 1833 682 1896 Consulto,
709 1848 741 1883 ac
763 1848 814 1885 non
885 1836 908 1883 i.
925 1835 1035 1899 philyra]
1055 1835 1210 1885 tenuissima
1229 1833 1298 1884 litiae
1317 1848 1382 1883 cor-

292 1911 348 1961 sine
366 1908 469 1959 occulta
487 1909 602 1972 quadam
619 1910 748 1979 εἰρωνείᾳ
760 1912 814 1959 tam
852 1909 910 1957 ticis
927 1908 1085 1958 membrana
1103 1910 1225 1967 interior,
1247 1922 1298 1973 qua
1318 1912 1382 1958 ute-

290 1984 403 2049 simplici
413 1984 734 2049 odarIoprimumIibrum
746 1983 816 2033 clau·
853 1982 950 2032 bantur
966 1984 992 2032 in
1004 1983 1143 2033 nectendis
1156 1984 1270 2043 coronIs,
1289 1985 1381 2033 varlas

290 2061 358 2111 sisse
375 2060 494 2119 videtur,
517 2059 603 2123 proba
620 2074 731 2123 gnarus,
755 2058 814 2109 talia
852 2056 913 2106 inde
930 2056 1072 2108 lemniacos
1090 2058 1146 2107 sire
1165 2059 1265 2109 taenias
1283 2061 1382 2109 texea-

291 2147 415 2197 quoque‚
439 2136 489 2185 etsi
506 2136 609 2195 tenuta,
634 2138 709 2197 grato
726 2135 814 2183 animo
853 2135 901 2182 tes.
928 2133 1080 2185 Pharnutus
1106 2147 1129 2183 c.
1155 2134 1200 2183 aa:
1227 2128 1299 2204 πρὸς
1327 2129 1381 2196 τὰς

292 2210 676 2273 accepturosesseItomanos‚
689 2210 813 2271 adquos,
852 2202 1003 2267 στεφανῶν
1038 2203 1147 2269 πλοκὰς
1185 2204 1306 2258 εἰώθασι
1341 2208 1378 2279 τῇ

290 2296 376 2348 panea
392 2297 456 2333 eam
472 2286 602 2334 tentasset
619 2281 745 2343 Catullus,
763 2282 817 2346 pri-
852 2277 959 2352 φιλύρᾳ
981 2279 1144 2351 κεχρῆσθαι
1166 2280 1287 2346 μᾶλλον.
1325 2284 1381 2334 Xe-

291 2370 352 2408 mus
373 2372 435 2409 cum
458 2359 572 2409 maxime
592 2356 715 2407 meIIeam
732 2360 815 2407 (Irae-
852 2356 968 2406 aarobus
985 2355 1058 2419 apud
1074 2356 1169 2407 Athen.
1190 2359 1234 2415 ts,
1253 2358 1298 2407 25:
1327 2358 1380 2411 Φι-

291 2446 386 2483 eorum
406 2433 500 2495 potsin
522 2431 707 2482 transierebat.
744 2431 815 2481 Con·
852 2426 939 2500 λύρας
961 2426 1021 2489 εἶχε
1041 2424 1096 2515 γὰρ
1110 2424 1139 2479 ‘0
1157 2436 1225 2493 ,ταῖς
1242 2424 1381 2493 ἄφυλλον

291 2504 361 2556 suite
378 2508 459 2556 etiam
476 2506 639 2570 praeoedere
660 2507 737 2557 iussit
756 2519 815 2554 car-
852 2507 997 2567 orepavor
1031 2506 1253 2571 αμφικείμενον.
1297 2508 1376 2559 Ouid.

291 2592 354 2629 men
371 2593 436 2629 vare
457 2580 570 2631 sublime
593 2580 814 2644 populorumque
853 2582 919 2631 Fast.
934 2581 961 2641 5,
981 2578 1045 2629 335:
1065 2580 1185 2641 Tarnpora
1201 2580 1314 2629 nottho
1325 2583 1381 2633 ciri-

291 2655 394 2705 animos
418 2655 592 2705 admiratione
617 2654 813 2718 perculsorum.
851 2660 946 2719 pontia
966 2658 1019 2703 tota
1041 2654 1139 2703 aaronis
1161 2654 1194 2703 lit
1210 2655 1269 2704 latet
1285 2655 1382 2705 iniecta

292 2728 423 2777 Carminis
449 2731 541 2778 autem
565 2730 639 2779 aetas
666 2742 716 2791 pro
741 2730 814 2777 certo
851 2728 980 2791 splendida
995 2740 1083 2777 nwnaa
1097 2742 1170 2789 rosa,
1188 2730 1281 2779 Ebrios
1295 2731 1381 2780 incia-

292 2801 397 2851 definiri
413 2802 518 2863 nequit3
537 2802 572 2851 ad
589 2816 613 2851 a.
630 2802 741 2865 quidem
756 2804 813 2851 725.
852 2790 1013 2865 cttlptttpra
1030 2804 1135 2853 conoiaa
1151 2804 1248 2867 capillis
1264 2804 1358 2855 Saltat.

292 2876 375 2925 reiert
391 2875 534 2925 Grotaiead
551 2880 578 2926 et
597 2875 711 2937 walch,
737 2876 771 2927 ad
789 2890 813 2925 a.
885 2878 908 2927 3.
919 2875 944 2928 I.
957 2878 1036 2942 Mitte]
1048 2878 1159 2928 «Omitte
1169 2880 1317 2941 inquirere,
1331 2880 1380 2931 ubi

293 2951 349 3000 729.
368 2950 537 3001 IIIrcbnerus.
852 2950 903 3003 sub
922 2952 1022 3001 exitum
1039 2954 1175 3002 auctumni
1192 2966 1269 3003 rosae
1285 2954 1383 3005 ettam-

326 3025 351 3073 t.
368 3025 671 3089 kracov-apparatur]
683 3024 816 3075 Admonet
853 3038 923 3075 nunc
935 3024 1007 3089 apud
1019 3038 1178 3076 coronarum
1190 3026 1315 3090 propolas
1329 3028 1382 3091 (ro-

293 3112 342 3149 nos
359 3098 503 3149 Lambinus
520 3114 619 3151 coenae
637 3100 816 3164 sumptuosis·
852 3101 971 3149 rorarios
993 3102 1076 3151 Inscr.
1100 3114 1136 3149 m.
1160 3102 1214 3150 Lat.
1240 3103 1270 3151 N.
1290 3101 1378 3163 itta,

293 3175 377 3223 simae
395 3175 540 3224 Pausaniae
557 3176 632 3224 iussu
651 3177 713 3237 post
731 3174 816 3223 victo·
852 3174 1002 3224 corolhariaa
1023 3176 1053 3224 N.
1077 3174 1160 3235 Irae.)
1183 3176 1379 3238 reperiantur.»

293 3249 361 3298 riam
378 3247 561 3299 Plataeensem
577 3262 593 3297 a
607 3249 694 3298 Persis
707 3249 816 3311 captivis
856 3276 882 3285 *
901 3262 958 3296 sara
973 3262 1033 3297 rosa
1049 3260 1173 3309 vernam,
1192 3262 1261 3311 quae
1279 3250 1379 3300 llorere

294 3326 403 3387 paratae
421 3326 448 3372 et
463 3322 498 3372 ab
516 3322 558 3373 iIlo
578 3323 692 3373 derisae.
721 3325 816 3372 Postea
853 3324 931 3372 nimis
949 3322 1049 3383 tardet,
1067 3325 1098 3371 at
1114 3336 1200 3387 nuper
1217 3324 1326 3386 quidam
1341 3326 1382 3374 in-

293 3397 385 3448 tamen
406 3398 479 3448 idem
500 3399 649 3461 epulabatur
668 3410 738 3447 aiore
756 3398 817 3446 Per-
853 3398 1014 3460 terpretatus
1036 3400 1089 3457 est,
1114 3398 1261 3460 siguificare
1284 3402 1382 3462 nequit

293 3487 381 3522 sarran
401 3474 569 3536 lontriariis,
594 3486 671 3535 qaam
691 3472 735 3533 qai
756 3472 817 3520 ade-
855 3472 940 3533 (nimis
959 3473 1029 3521 enim
1042 3468 1166 3534 ambiguo
1178 3472 1299 3538 ἐπιθέτῳ
1313 3486 1379 3523 usus

294 3554 355 3596 root
378 3548 476 3609 perpeti
498 3553 606 3609 possem.
642 3548 722 3597 Corn.
750 3548 816 3609 Nep.
855 3548 926 3596 assat
943 3548 1040 3611 poeta),
1060 3547 1109 3597 sed
1125 3547 1378 3597 auctumnalemiel

295 3622 373 3670 Paua.
392 3622 416 3671 3.
430 3622 549 3685 Xenoph.
563 3624 661 3684 Cyrop.
675 3622 704 3682 8,
723 3622 752 3682 8,
772 3622 816 3669 aa:
855 3620 1004 3671 hibernam.
1027 3622 1068 3670 Sic
1086 3622 1216 3672 Lucienus
1233 3622 1331 3685 Nigrin.
1351 3622 1377 3684 5.

296 3687 369 3742 ἀλλὰ
388 3691 449 3759 μὴν
469 3696 519 3745 καὶ
539 3690 764 3767 θρυπτικώτεροὶ
786 3710 818 3761 γε
854 3694 899 3742 ³4:
926 3691 994 3757 τοὺς
1013 3698 1106 3760 μέσον
1128 3690 1271 3760 χειμῶνος
1292 3694 1379 3759 ἐμπι-

297 3764 349 3817 νῦν
366 3764 439 3818 πολὺ
456 3763 477 3834 ἢ
494 3768 540 3819 ἐπὶ
556 3766 653 3839 Κύρου
670 3770 735 3819 εἰσί.
758 3771 818 3819 Per-
855 3766 1018 3833 πλιιμένονς
1035 3765 1128 3839 ῥόδων
1145 3766 1239 3819 καὶτὸ
1251 3767 1378 3820 auarior

296 3841 360 3889 siros
375 3846 464 3892 autem
481 3849 621 3906 apparatio
637 3845 694 3907 ipse
706 3844 818 3895 tortasse
855 3838 951 3894 αὐτῶν
967 3847 1016 3894 καὶ
1034 3842 1111 3917 παρὰ
1128 3842 1230 3916 καιρὸν
1246 3839 1380 3911 ἀγαπῶν-

298 3913 401 3963 viderat
423 3916 448 3965 In
473 3918 592 3968 Phraatis
617 3916 677 3979 filii,
703 3920 749 3981 qui
774 3919 819 3969 diu
855 3934 915 3981 τας.
935 3920 987 3969 CIr.
1006 3919 1113 3971 Martiai.
1133 3922 1163 3979 6,
1182 3921 1222 3971 80.
1241 3922 1268 3970 in
1286 3922 1380 3971 Domi-

298 3990 382 4039 obses
398 3990 496 4040 Romae
508 3992 592 4055 degit,
611 3996 639 4041 et
649 3994 676 4042 io
687 3993 817 4053 Tiridatis
855 3994 917 4043 tiani
935 3992 994 4043 villa
1007 3994 1092 4044 medin
1109 3995 1196 4043 blame
1211 3996 1380 4045 removeris

300 4067 345 4129 qui
367 4066 485 4126 Augusto
506 4065 617 4130 supplex
643 4080 676 4117 eo
697 4072 818 4129 venerat,
855 4069 931 4117 horos
947 4074 970 4117 at
986 4070 1078 4118 odorae
1093 4058 1180 4132 pratia
1196 4068 1295 4131 Florae,
1316 4070 1380 4118 Tarr-

299 4138 362 4189 qun
383 4152 415 4188 ac
437 4150 536 4202 pompa
557 4140 685 4191 onentaii.
714 4169 741 4179 υ
769 4143 818 4207 odi]
855 4147 930 4204 taque
939 4144 1054 4193 Paestani
1069 4143 1153 4206 pluria
1169 4144 1312 4194 mrisrrat.
1331 4146 1379 4193 Pa·

302 4214 423 4263 «Minime
452 4212 483 4263 iis
511 4210 659 4263 delector.»
691 4242 718 4251 --
746 4216 818 4279 puer]
856 4220 930 4267 catus
946 4218 1079 4280 IaPaneg.
1093 4218 1193 4268 Theod.
1208 4218 1252 4268 II:
1272 4218 1378 4269 Detiroti
