2934 4884
490 449 550 500 Lib.
566 449 608 500 lll.
645 449 674 500 C.
693 451 736 500 lll.
784 484 788 490 ·

240 603 391 670 Mercede
414 613 507 690 pacta
529 603 728 678 Laomedon,
753 605 831 670 mibi

286 726 468 813 Castaeque
491 725 676 790 damnatum
700 725 862 792 Minervae

325 847 406 913 Cum
428 845 549 934 populo
572 857 604 912 et
625 844 709 912 duce
732 846 945 914 fraudulento.

240 1006 308 1068 lam
330 1023 391 1069 nec
412 1005 581 1069 Lacaenae
604 1003 754 1090 splendet
775 983 941 1071 adulterae
1119 1009 1160 1072 25

243 1125 400 1190 Famosus
423 1121 543 1210 hospes
565 1145 626 1190 neo
649 1125 766 1191 Priami
788 1125 905 1190 domus

287 1244 421 1311 Periura
441 1263 608 1332 pugnaces
630 1244 769 1312 Achivos

328 1366 497 1435 Hectoreis
520 1364 637 1452 opibus
658 1365 818 1452 refringit,

146 1545 185 1596 23.
204 1547 352 1595 dmentem
368 1543 486 1595 malebat
502 1543 586 1595 Bentl.
608 1571 635 1582 -·
654 1543 694 1593 27.
714 1544 806 1594 Peiora
821 1545 849 1594 T.

85 1703 200 1754 cm-
215 1703 363 1764 cmlxvi,
401 1703 501 1752 Paridis
534 1702 600 1752 iudi·
637 1699 731 1752 recidit
748 1704 843 1753 excidii
855 1704 983 1755 Troianae
994 1703 1069 1756 urbis
1085 1704 1163 1771 culpa

85 1779 145 1827 dum
162 1778 188 1827 in
205 1774 357 1840 anaglypho
374 1774 444 1840 apud
456 1775 600 1838 inghirami
637 1777 724 1826 omnis
741 1779 822 1841 atque
845 1777 1014 1840 ignominia.»
1048 1782 1086 1830 ita
1108 1782 1164 1831 tere

85 1851 132 1900 Gal.
150 1853 204 1900 Ora.
225 1851 244 1900 i.
264 1849 292 1898 T.
311 1850 336 1898 9.
637 1849 690 1900 mm
708 1849 863 1901 Lambinus.

108 1925 213 1975 et-aa.
232 1923 406 1987 inpuberem
418 1922 490 1974 iliad.
503 1940 524 1984 ι,
537 1922 598 1974 ³9³:
670 1925 710 1973 25.
729 1925 868 1989 Lacaenae]
887 1925 1085 1989 Simplicissima
1098 1930 1165 1978 ratio

85 1996 158 2048 πόλιν
184 1996 217 2050 δέ
244 2011 276 2047 τε
303 1997 360 2066 πῦρ
388 1991 541 2062 ἀμαθύνει.
571 2023 598 2034 -
638 1999 692 2058 est,
711 2000 742 2047 ut
758 2001 962 2048 construamus:
987 2001 1074 2062 nospes
1089 2003 1165 2051 auat-

84 2073 177 2137 cnquo]
197 2073 287 2136 llaupt
302 2070 358 2122 volt
374 2085 407 2121 aa
423 2085 489 2134 quu3
508 2084 601 2132 aquo
637 2077 705 2122 torua
722 2072 853 2121 Lacaenae
871 2072 986 2135 (geniti,
1012 2087 1066 2123 non
1082 2088 1163 2125 vero:

85 2147 221 2210 significat:
253 2145 321 2195 «iam
344 2145 407 2195 inde
431 2159 462 2196 er
481 2159 513 2196 eo
531 2148 601 2196 tam-
637 2146 1010 2208 amicumamicumi,
1030 2147 1102 2210 quod
1116 2162 1164 2197 ex-

86 2233 155 2282 pore,
194 2231 249 2283 quo
275 2220 391 2282 primum
418 2218 489 2269 lraue
516 2217 557 2269 illa
586 2233 600 2268 a
637 2219 753 2284 plicant,
790 2221 887 2269 «iactat
910 2233 940 2269 se
966 2219 1108 2284 pulchrum
1134 2235 1167 2273 ac

87 2293 258 2344 Laomedonte
277 2293 421 2344 commissa
439 2295 494 2354 est,
513 2295 600 2356 gravis
638 2293 751 2343 nitidum
763 2293 879 2344 Helenae
890 2307 913 2353 3»
931 2293 991 2344 vel:
1011 2294 1167 2348 «adulterae

86 2367 139 2417 uitio
154 2369 249 2418 Troiae
273 2367 443 2428 imminebat,
471 2381 540 2430 quae
559 2381 602 2418 oa·
638 2369 750 2431 propter
775 2369 896 2432 corporis
920 2367 1034 2418 iormam
1052 2368 1165 2434 piacet..

85 2441 177 2493 lumilas
195 2441 306 2492 tandem
326 2444 388 2504 post
409 2440 530 2492 ultimam
550 2445 603 2492 Pa·
639 2443 769 2504 Splendet,
807 2445 837 2491 ut
863 2455 913 2492 nos
941 2443 1165 2507 interpretamur,

85 2517 140 2567 ridis
164 2516 271 2580 culpam
298 2528 359 2564 eam
382 2515 499 2566 afflixit.»
534 2518 602 2566 Lao-
640 2514 761 2565 absolute
787 2518 845 2566 est:
875 2529 944 2566 «non
969 2518 1023 2567 iam
1046 2516 1168 2581 superbit

87 2590 174 2640 medon
192 2589 296 2640 scilicet
313 2591 465 2652 Neptunum
484 2592 511 2638 et
525 2588 604 2653 Apol-
640 2591 759 2654 eorporis
778 2590 863 2640 lorma
881 2592 980 2640 Paris·
1020 2589 1168 2661 Tpaytnal-

85 2661 169 2724 linem,
206 2667 252 2726 qui
278 2663 353 2713 urbis
378 2663 484 2712 moenia
511 2663 535 2713 ei
555 2677 603 2712 ex·
639 2677 727 2713 τατον
752 2667 844 2714 autem
868 2665 901 2714 de
931 2666 1032 2716 Paridis
1060 2668 1169 2718 interitu

86 2741 244 2796 sinuarent,
273 2735 363 2786 debita
387 2737 514 2786 mercede
535 2735 605 2786 iran-
639 2735 737 2802 μῦθον
746 2739 784 2789 sic
794 2743 900 2788 enarrat
908 2738 1033 2790 Wclcker
1039 2755 1080 2805 pr.
1092 2741 1166 2806 ἶνας.

86 2812 148 2861 davit
164 2825 266 2874 eosque
285 2824 369 2874 regno
386 2810 493 2874 expulit.
529 2808 601 2860 Iliad.
641 2810 731 2875 Suppl.
759 2813 790 2862 ii.
818 2814 860 2862 111.
887 2827 914 2876 p.
942 2812 1023 2863 tite:
1055 2816 1168 2864 Parisa

86 2903 121 2946 φ,
132 2887 185 2938 ΗΞ.
203 2886 280 2937 Pind.
293 2884 332 2936 01.
345 2886 375 2944 8,
389 2885 430 2934 at.
450 2885 524 2935 Ovid.
538 2886 601 2936 liet.
642 2885 786 2936 Philocteta
811 2888 945 2938 sauciatus
966 2888 1001 2936 ad
1024 2889 1168 2951 Oenonen,

86 2962 122 3020 tt,
139 2961 192 3010 499.
214 2985 243 2996 -
261 2958 383 3021 destituit]
403 2958 484 3008 Nubis
496 2959 604 3022 propria
641 2973 724 3023 quam
741 2961 815 3024 prius
832 2963 970 3012 amaverat
987 2975 1110 3026 quaeque
1136 2977 1169 3014 ex

86 3039 165 3084 esset:
195 3049 260 3084 avon
277 3035 333 3082 mm
349 3033 507 3096 bedunpatao
523 3033 605 3084 Lobna
642 3035 757 3086 latorum
779 3035 890 3084 decreto
916 3035 971 3085 sola
993 3050 1056 3087 eum
1073 3051 1169 3089 sanare

85 3107 277 3173 mnesteus.»
296 3108 602 3170 Uthic,Cic.proltoso.
641 3110 761 3172 poterat,
787 3107 919 3170 confugit,
945 3109 993 3158 sed
1018 3110 1053 3160 ab
1071 3125 1105 3161 ea
1121 3125 1169 3164 su·

85 3187 136 3234 im.
153 3184 202 3234 ld:
232 3184 342 3233 bornam
365 3181 545 3231 honestissima
558 3207 573 3218 ·
590 3207 605 3218 ·
641 3181 726 3246 perbe
755 3183 872 3231 reiectus
900 3183 1029 3242 moritur3
1070 3185 1168 3237 deinde

86 3258 185 3320 decepit,
204 3257 324 3307 dauitw.
340 3283 367 3292 -
392 3255 605 3319 Castaapatelbii-
641 3255 701 3317 illa,
728 3255 891 3320 poenitentia
919 3259 1005 3316 tacta,
1035 3257 1086 3306 sibi
1110 3261 1168 3322 ipsa

87 3345 158 3382 nerva
173 3343 286 3395 semper
302 3331 410 3392 inmtpto
428 3331 500 3393 (Aen.
514 3331 539 3390 T,
553 3329 603 3391 3⁴.)
642 3333 759 3380 mortem
776 3330 925 3378 consciscit.
971 3330 1023 3379 Cir.
1043 3333 1166 3382 Parthen.

87 3412 267 3469 praeterquam
286 3407 312 3456 in
327 3403 604 3468 arcanisquibusdam
642 3407 717 3454 Narr.
737 3403 761 3454 t.
782 3404 893 3463 Quintus
910 3404 964 3454 Sm.
985 3403 1030 3463 to,
1049 3405 1106 3453 235.

86 3479 195 3544 μύθοις,
224 3483 254 3530 ut
279 3481 305 3528 in
331 3479 374 3530 illo
398 3479 432 3529 de
457 3475 521 3550 ἱερῷ
546 3479 604 3527 eius
674 3479 714 3529 28.
732 3476 864 3540 resi-inpii]
882 3490 923 3539 pr.
944 3477 993 3525 uita
1013 3477 1121 3540 trangit,
1139 3482 1170 3529 ut

86 3552 158 3622 γάμῳ
185 3567 249 3604 oum
268 3553 392 3604 Hercule.
415 3552 536 3603 Gerhard
554 3553 605 3602 Vu-
641 3551 740 3602 tractus
757 3563 895 3613 nunquam
911 3563 941 3600 se
959 3548 1064 3614 colligat
1080 3563 1169 3602 acre-

86 3643 181 3695 παραυ.
200 3631 230 3679 T.
248 3629 289 3678 36.
308 3641 335 3692 p.
349 3627 407 3678 iti.
642 3627 749 3688 surgat3
768 3625 900 3688 reprimit,
919 3625 1061 3675 retundit.»
1088 3629 1166 3692 Prop.

111 3705 149 3755 it.
173 3706 236 3754 duee
251 3701 426 3766 [raudutmto]
444 3701 530 3751 Nolim
542 3713 605 3750 cum
641 3700 668 3762 3,
688 3699 718 3760 3,
737 3698 787 3750 tt:
818 3699 962 3750 Teutonicas
978 3701 1058 3750 licina
1072 3701 1169 3764 repin-

86 3777 134 3828 aliis
150 3777 286 3842 explicare
304 3776 338 3827 de
350 3777 463 3835 Priamo,
483 3787 546 3837 rege
563 3776 606 3823 in·
640 3781 685 3839 pat
701 3787 766 3837 opas.
802 3776 918 3838 Utroque
936 3777 1027 3824 autem
1044 3774 1167 3826 membro

87 3859 172 3912 mate,
191 3853 228 3901 ita
242 3853 314 3901 enim
326 3851 391 3901 luno
404 3851 485 3900 nimia
497 3851 605 3899 iracun-
641 3849 735 3899 Troiae
747 3849 880 3899 excidium
888 3845 1069 3920 παραφράζει
1075 3852 1166 3912 poeta,

86 3926 120 3977 dia
136 3931 218 3988 atque
237 3925 299 3975 odio
316 3925 427 3988 abrepta
445 3925 603 3987 imperatum
641 3921 926 3974 duobusTroianorum
934 3923 1096 3987 principibus
1104 3924 1168 3972 viris

86 4003 125 4052 sed
152 4014 204 4065 per
237 3998 373 4062 quandam
408 3996 604 4069 βραχυλογίαν
642 3998 680 4048 sic
706 3999 877 4052 memoratis:
913 3996 1089 4048 «Occiderunt
1114 3997 1168 4046 iam

85 4076 178 4126 dietum
195 4077 262 4138 puto
288 4086 337 4138 pro
363 4075 421 4123 bis:
450 4073 529 4124 «ilion
555 4073 604 4122 da·
643 4070 776 4122 formosus
799 4070 841 4121 ille
859 4071 946 4131 Paris,
976 4068 1038 4120 belli
1055 4071 1164 4132 auctor,

40 4153 41 4214 l
86 4155 199 4201 ornatum
217 4153 316 4200 cuncto
333 4161 396 4200 cum
413 4147 524 4212 populo,
544 4148 604 4198 ideo
642 4145 802 4196 tortissimus
812 4146 917 4204 Hector,
931 4146 1056 4194 strenuus
1065 4145 1165 4208 patriae

86 4225 148 4288 quod
168 4222 223 4272 dux
249 4223 323 4282 cius,
353 4223 523 4283 Laomedon,
550 4225 604 4272 tarn
642 4219 782 4278 delensor;
805 4223 884 4283 atque
902 4219 943 4269 bis
960 4232 975 4268 e
993 4219 1083 4270 medio
1100 4217 1167 4268 sub·

86 4295 264 4349 iraudulentus
289 4296 351 4356 mit,
377 4297 403 4346 in
421 4309 502 4360 quem
520 4309 604 4346 unum
641 4293 700 4345 latis
717 4294 814 4345 cecidit
829 4295 933 4344 Troia.»

163 4389 257 4433 ttanar.
276 4399 330 4432 voi..
347 4387 354 4430 1
392 4399 429 4436 nn.
448 4399 525 4433 aaron
542 4386 576 4430 ΙΙΙ.
968 4385 995 4428 Ἰ3
