2934 4884
677 342 805 394 Horam
823 342 992 396 centurius!

509 499 697 586 Currusque
719 510 751 564 et
773 497 895 565 rabiem
915 508 1016 586 parat.

468 621 690 709 Nequicquam
710 620 843 686 Veneris
865 619 1029 707 praesidio
1052 619 1141 688 ierox

467 745 580 810 Pectes
602 742 781 810 caesuriem
803 751 958 829 grataque
980 740 1106 808 leminis

467 863 589 932 lmbelli
612 862 734 932 cithara
755 863 897 930 carmina
920 862 1064 943 divides;

364 1092 403 1142 43.
422 1093 462 1142 ts.
481 1091 639 1153 Nequiquam
655 1089 765 1149 elect.
785 1115 811 1124 -
831 1089 871 1138 45.
889 1087 974 1138 lutati
991 1089 1019 1138 T.

297 1303 359 1346 ctus.
394 1298 498 1348 liaxim.
517 1297 578 1360 Tyr.
598 1295 638 1356 44,
654 1296 683 1344 s:
700 1288 822 1359 Ἀθηνᾶν
857 1291 908 1343 τόν
924 1295 948 1343 τ’
966 1289 1047 1354 eixov
1063 1295 1113 1346 eut
1136 1292 1259 1368 δάκρυσι
1274 1295 1379 1368 μῦρον.

297 1369 395 1437 αἰγίδα
419 1365 619 1436 ἀνεζωσμνην
643 1397 658 1408 -
675 1396 690 1407 -
712 1363 821 1419 ἀσπίδα
858 1369 889 1418 Ε4
905 1369 1004 1420 similes
1020 1369 1154 1422 iuncturas
1179 1375 1251 1423 amat
1266 1373 1380 1422 Tacitus.

297 1441 435 1507 ἔχουσαν.
469 1448 524 1496 Iovi
549 1445 640 1496 tribuit
657 1445 727 1508 virg.
754 1448 819 1494 Aen.
858 1446 886 1492 Α.
908 1445 931 1506 4,
950 1445 995 1494 68:
1022 1445 1064 1495 tra
1080 1448 1175 1497 stdies
1202 1447 1242 1509 43,
1260 1449 1305 1498 tn:
1330 1463 1383 1498 noc

298 1523 324 1582 8,
340 1521 397 1573 stt.
424 1535 456 1570 ac
476 1533 538 1570 mox
561 1521 693 1571 lliuervae
714 1521 742 1568 et
762 1519 822 1582 qui·
857 1522 881 1566 et
904 1518 1009 1568 ίσσαυίσ
1031 1523 1082 1570 cet.
1119 1523 1223 1573 Ariosto
1247 1523 1332 1573 Satira
1357 1527 1381 1582 5,

298 1597 444 1646 demeum
458 1597 578 1658 Gorgone
600 1593 666 1644 ibid.
682 1592 739 1644 435.
767 1593 820 1642 Cir.
858 1593 920 1642 226:
947 1594 1017 1645 lutto
1040 1596 1065 1645 di
1079 1596 1181 1658 potooe
1203 1598 1228 1646 di
1240 1611 1329 1658 paura
1345 1598 1383 1647 bt-

299 1669 407 1722 llurtial.
433 1671 458 1730 7,
484 1670 508 1718 4.
550 1666 653 1718 ibor-ax
677 1669 741 1718 item
770 1667 820 1726 est,
858 1681 930 1718 unco.
949 1670 1050 1720 Nimius
1065 1671 1108 1721 est
1120 1672 1146 1722 in
1164 1671 1214 1722 bac
1225 1673 1384 1737 ceteroquin

299 1760 354 1796 nou
370 1744 485 1808 clipeus,
508 1744 535 1792 in
554 1742 742 1804 antiquissimis
759 1741 822 1790 artis
859 1741 1052 1805 elegantissima
1069 1745 1151 1807 ligura
1169 1745 1283 1804 Ovidius,
1300 1747 1384 1797 veluti

299 1819 426 1885 operibus
437 1817 507 1883 apud
519 1815 650 1879 liilliugen
664 1817 738 1864 llned.
752 1816 820 1866 Mun.
859 1819 920 1870 liet.
939 1819 964 1878 2,
983 1819 1045 1870 tto:
1065 1820 1182 1881 cauom,
1195 1835 1245 1870 non
1256 1823 1382 1879 amitus,

298 1898 318 1946 1.
345 1897 373 1945 T.
400 1895 423 1944 4.
458 1895 486 1943 et
512 1888 722 1948 Winckelmanni
753 1892 821 1940 444044.
858 1897 929 1942 utere
954 1895 1053 1944 nostris.
1090 1893 1156 1944 ibid.
1186 1895 1248 1946 3⁴2:
1271 1898 1384 1958 postter-

298 1972 363 2020 iaed.
391 1970 411 2018 l.
429 1981 456 2032 p.
474 1967 514 2016 48,
532 1967 559 2016 in
576 1967 692 2015 Minerva
710 1963 820 2016 4444444444.
859 1980 907 2030 que
929 1968 1064 2030 odiumque
1087 1970 1197 2032 rotisque
1210 1971 1317 2032 sepum
1339 1985 1384 2021 4444-

299 2045 403 2109 Optime
428 2054 553 2107 expressa
579 2044 620 2090 est
639 2041 711 2102 aegis
729 2041 756 2089 in
774 2041 823 2092 lli-
858 2043 951 2106 aipein.

298 2130 395 2170 nervae
412 2118 499 2168 statua
521 2117 586 2166 lius.
603 2115 710 2166 Borion.
728 2115 771 2164 lV.
793 2116 820 2165 T.
893 2115 932 2166 43.
952 2115 1040 2166 Venus
1057 2115 1118 2166 inde
1133 2129 1166 2166 ex
1181 2116 1383 2181 pulcbiibrdinis

298 2195 333 2253 7.,
360 2193 386 2242 in
410 2194 495 2242 Museo
514 2192 619 2255 Gregor.
644 2191 672 2241 T.
691 2191 721 2240 ll.
749 2193 777 2240 ct
795 2190 822 2240 in
859 2189 902 2240 illo
919 2189 1025 2251 iudicio,
1046 2189 1118 2253 quod
1140 2192 1212 2242 Paris
1232 2194 1383 2246 secuudum

296 2280 361 2317 vase
386 2265 544 2318 Vulciniensi
567 2266 653 2316 lloltet.
679 2265 733 2315 detl'
761 2265 820 2314 lost.
860 2277 921 2316 eam
946 2262 1054 2326 tulerat,
1080 2267 1105 2316 ei
1128 2265 1240 2316 larebat.
1283 2267 1384 2319 llector

297 2341 405 2392 oroboot.
424 2342 495 2392 4838.
512 2355 539 2405 p.
556 2341 592 2402 9.,
613 2341 659 2390 ubi
675 2341 764 2402 imago
781 2343 823 2389 est
859 2338 945 2390 Paridi
967 2337 1039 2389 iliad.
1063 2357 1089 2406 y,
1113 2339 1160 2391 et:
1197 2334 1256 2392 Οὐκ
1276 2335 1315 2390 ἄν
1339 2357 1384 2394 τοι

297 2418 431 2469 Mineruae
450 2417 582 2475 Musicae,
609 2428 671 2464 cum
696 2413 771 2477 galea
797 2414 823 2462 et
859 2415 988 2485 χραίσμῃ
1021 2415 1150 2486 κίθαρις,
1184 2413 1221 2465 τά
1254 2429 1284 2468 re
1315 2415 1382 2467 dui'

297 2490 400 2554 aegide.
435 2491 503 2540 liaro
519 2492 608 2539 autem
623 2489 695 2551 aegis
710 2489 821 2551 (thorax)
855 2483 1036 2559 Ἀφροδίτης,
1050 2481 1087 2539 Ἣ
1096 2504 1127 2540 ra
1138 2485 1233 2557 κόμη,
1250 2487 1285 2540 τό
1297 2506 1330 2543 τε
1342 2433 1384 2544 εἴ·

297 2565 332 2616 ub
347 2562 493 2614 artificibus
510 2565 543 2613 ita
561 2565 759 2626 expressunt,
782 2563 820 2623 ut,
858 2562 922 2626 δος,
941 2555 983 2614 ὅτ’
1001 2563 1032 2614 ἐν
1048 2566 1164 2635 κονίῃσι
1179 2568 1300 2632 μιγείης.

298 2637 526 2703 quemadmodum
551 2636 606 2686 lere
627 2636 698 2700 apud
717 2640 820 2700 poetas,
892 2639 932 2690 44.
966 2640 1110 2704 commu]
1136 2641 1161 2690 Si
1178 2639 1301 2704 colligere
1319 2640 1383 2692 licet

296 2715 324 2764 in
349 2713 406 2762 eius
435 2710 523 2762 medio
551 2712 586 2761 sit
611 2710 737 2762 Medusae
765 2711 821 2761 sive
859 2725 961 2764 exvoc.
986 2710 1077 2764 Italico
1088 2714 1150 2764 inde
1168 2714 1248 2765 ducto
1259 2729 1381 2774 merere,

297 2787 425 2850 Gorgonis
442 2788 537 2850 caput,
564 2788 592 2835 et
610 2785 721 2848 quidem
740 2783 822 2836 stellis
858 2788 965 2851 proprie
983 2787 1112 2851 significat
1128 2802 1181 2840 non
1199 2791 1286 2840 crines
1301 2803 1384 2853 geue-

297 2861 506 2921 circumdatum,
538 2861 576 2910 uti
603 2859 675 2922 apud
703 2858 821 2910 Gerburd
859 2863 953 2919 ratim,
979 2861 1028 2914 sed
1051 2863 1138 2914 crines
1157 2865 1263 2914 verticis
1283 2865 1383 2929 (Haur-

296 2935 458 2986 Kmuwerto
480 2936 499 2984 l.
525 2935 553 2984 Τ.
575 2934 599 2984 8.
634 2934 735 2998 Aegide
758 2947 820 2984 cum
857 2936 960 3000 sobopll.
996 2938 1042 2989 Est
1058 2937 1113 2988 iere
1130 2941 1277 3002 poetarum.
1297 2967 1327 2976 -
1344 2943 1383 3004 te-

269 3012 276 3025 ’
296 3011 358 3062 luna
368 3014 395 3061 et
403 3009 484 3063 stellis
495 3011 573 3061 ollert
583 3009 703 3062 Gerbard
717 3011 819 3074 Vorenp.
857 3012 940 3077 44444444]
958 3009 1152 3076 contemptim:
1169 3013 1308 3077 «lamium,
1327 3029 1381 3066 non

297 3089 339 3138 lll.
358 3087 386 3136 Τ.
405 3087 535 3136 CClllllll.
858 3084 1010 3146 bellatores,
1020 3090 1099 3138 cantu
1108 3085 1298 3138 delectantur.»
1317 3092 1382 3142 Miro

330 3163 370 3212 ta.
395 3159 498 3224 cmm]
517 3161 570 3211 Cic.
588 3160 622 3210 de
638 3162 669 3210 N.
688 3161 718 3210 l).
735 3159 759 3220 3,
777 3159 818 3210 43ι
858 3160 976 3212 nonnulli
998 3162 1140 3212 iunxerunt
1166 3163 1244 3213 unice
1267 3175 1330 3214 cum
1354 3179 1377 3218 v.

295 3237 437 3288 nimum
453 3236 555 3286 Corium
573 3236 758 3299 quadriparitus
779 3235 820 3282 in·
857 3235 959 3296 divides,
976 3239 1005 3285 ut
1016 3238 1102 3287 esset:
1121 3237 1217 3287 «modo
1228 3237 1306 3299 hanc,
1321 3251 1382 3288 mo·

294 3311 430 3362 omnim
444 3311 536 3373 semet.
556 3337 583 3346 -
601 3309 705 3374 radten]
725 3321 820 3359 «sum—
858 3309 892 3359 do
907 3309 977 3362 illam
993 3315 1072 3362 cantu
1087 3310 1264 3372 oblectabisn;
1284 3313 1381 3364 trustra

296 3399 371 3437 mum
396 3386 451 3436 irae
472 3385 620 3448 furorisque
642 3382 731 3434 bellici
759 3395 820 3446 gra·
857 3385 1020 3449 appellantes
1036 3385 1141 3436 Antbol.
1160 3388 1214 3437 Lat,
1229 3388 1254 3447 4,
1267 3386 1291 3436 9.
1305 3399 1332 3451 p.
1347 3387 1378 3438 l:

296 3460 387 3511 dum.»
421 3461 487 3511 llinc
511 3458 566 3511 Val.
593 3458 677 3510 Flacc.
706 3461 731 3520 tt,
761 3459 818 3508 627.
857 3464 969 3527 Cppnees
984 3461 1082 3524 panitur
1097 3465 1196 3524 gestans
1216 3465 1273 3523 post
1293 3462 1382 3525 subni-

297 3548 378 3584 ausus
394 3537 435 3585 est
454 3535 544 3585 dicere
565 3535 683 3584 rubidum
703 3534 816 3585 Pallada.
856 3553 892 3588 αα
904 3549 1001 3599 pennos
1020 3535 1112 3586 Dulcia
1130 3535 1246 3597 diffimdit
1264 3537 1383 3586 carmine

296 3609 413 3670 iungitur
435 3609 479 3659 bic
503 3611 576 3660 notio
598 3609 732 3660 abstracta
757 3621 819 3660 cum
855 3611 1006 3676 utrpinibum
1023 3609 1096 3673 quod
1113 3623 1224 3674 prorsus
1244 3609 1381 3662 diversum

297 3682 438 3741 concretis,
452 3685 480 3731 ut
492 3683 538 3732 0d.
553 3685 577 3744 4,
593 3684 633 3745 35,
651 3683 698 3734 33:
716 3684 820 3734 eteotn'-
858 3691 908 3745 σει,
927 3684 1183 3748 iungendumonim:
1198 3686 1383 3748 diffundttcaa

296 3769 354 3806 com
367 3751 507 3804 eisceleris.
543 3758 651 3808 Generis
675 3759 753 3808 buius
775 3771 821 3806 an·
856 3763 928 3812 mino
943 3760 1026 3810 dulcio
1044 3760 1190 3823 uirpinibus.
1220 3759 1287 3810 Vide
1307 3773 1379 3810 mox.

297 3829 474 3894 tiquissimum
501 3831 543 3879 est
569 3830 720 3894 exemplum
749 3831 820 3896 apud
892 3837 931 3884 45.
958 3833 1057 3898 imbelli]
1073 3837 1102 3884 ut
1117 3832 1165 3883 0d.
1185 3835 1209 3894 4,
1227 3834 1251 3896 6,
1270 3835 1316 3884 to:
1335 3836 1384 3884 ert-

296 3905 374 3956 llom.
398 3901 425 3953 ll.
451 3899 476 3962 d,
502 3902 564 3954 4474
596 3901 655 3954 Σύν
681 3909 705 3974 p
714 3901 822 3966 ἔβαλον
858 3909 973 3970 bellisque
987 3909 1058 3970 turne
1073 3909 1148 3958 lineo
1160 3913 1261 3970 potens,
1286 3909 1313 3958 id
1329 3913 1380 3969 est,

296 3976 410 4050 ῥινούς,
435 3972 491 4029 σὺν
512 3977 536 4027 d'
564 3972 651 4045 ἔγχεα
671 3983 722 4030 καί
745 3984 820 4046 μένε’
860 3985 940 4049 «paci
965 3985 992 4033 et
1007 3983 1060 4033 otio
1077 3985 1170 4046 aptae,
1195 3997 1248 4034 non
1272 3981 1380 4044 beilou

297 4051 416 4124 ἀνδρῶν.
450 4053 577 4104 indicavit
600 4055 663 4104 mibi
692 4054 818 4106 llulmius.
859 4071 909 4108 nec
950 4071 1015 4109 vero
1055 4059 1198 4122 opponitur
1237 4057 1380 4109 bellicosae

297 4130 372 4180 Adde
389 4128 495 4182 llesiod.
515 4131 556 4179 Sc.
573 4130 651 4180 llerc.
669 4129 731 4180 ise:
754 4130 822 4179 ller-
859 4130 965 4184 Acliillis
989 4133 1105 4182 citharae
1129 4131 1201 4182 lliad.
1228 4148 1248 4194 t,
1273 4133 1327 4184 4446.
1350 4161 1379 4168 -

297 4203 362 4254 culis
379 4207 487 4268 sagittae
507 4201 642 4274 llpdodev
657 4203 711 4274 plu
727 4201 819 4254 astva-
858 4207 960 4270 diuides]
977 4219 1026 4257 usu
1041 4206 1187 4258 admodum
1203 4205 1325 4270 singulari
1340 4208 1379 4256 sic
