2934 4884
507 359 566 409 nu.
586 361 606 408 i.
641 361 671 410 C.
689 359 754 410 m.
818 388 822 400 ·

330 481 435 592 Panes
454 525 588 600 iambis,
612 526 682 592 sive
704 524 833 592 damma

374 647 451 716 Sive
472 648 554 714 mari
575 645 654 714 libet
674 647 848 714 Hadriano.

286 809 359 872 Non
379 806 599 896 Dindymene,
622 827 685 873 non
706 806 814 894 adytis
836 807 938 894 quatit

285 929 426 995 44444444
446 928 652 995 sacerdotum
674 925 779 994 incola
800 927 947 1018 Pythius,

326 1051 397 1114 Non
419 1049 658 1138 Liberaeque,
682 1070 746 1114 non
768 1061 863 1116 scuta

141 1277 336 1402 patiemim
354 1276 380 1326 d.
401 1303 428 1312 -·
446 1279 470 1326 s.
490 1277 560 1338 adyti
576 1276 802 1326 ilemsterhusius.
820 1305 845 1312 —
860 1277 943 1338 444444
958 1277 987 1327 Β.
1004 1305 1029 1312 -
1041 1279 1065 1328 44.
1079 1279 1168 1328 uana

253 1364 295 1400 us.

110 1549 190 1598 44444
212 1545 339 1596 iambicis
362 1545 465 1607 Quintil.
490 1547 531 1607 to,
556 1547 580 1607 4,
608 1547 639 1595 a:
677 1545 859 1606 iswtasdlcit,
878 1545 905 1596 ld
921 1547 1199 1612 quoqusadspatium

108 1623 246 1684 eriptam
260 1621 411 1672 imbeiam.
678 1621 751 1684 quad
768 1621 882 1672 dicimus
899 1635 1059 1686 corporeum
1076 1623 1199 1672 retertur.

140 1696 167 1748 4.
196 1694 345 1759 limoso]
372 1696 445 1746 llaec
470 1695 555 1746 torma
579 1707 642 1759 pro-
677 1695 911 1760 Tumaremigltur
927 1697 1008 1746 istum
1020 1693 1200 1760 relinquamus

110 1772 167 1834 prie
184 1769 222 1820 de
233 1769 329 1820 incolis
341 1769 453 1820 lladrise
464 1771 554 1834 oppidi
564 1783 642 1820 4444·
676 1769 806 1820 Eumenia
816 1773 911 1834 Paneg.
923 1771 1107 1821 Constantii:
1121 1785 1202 1834 4444-

109 1849 198 1909 pater.
242 1846 422 1894 4444444444
445 1849 536 1896 numm
564 1858 640 1896 mars
676 1848 716 1893 444
730 1846 910 1896 44444444444444
924 1847 1026 1908 spiritale
1041 1847 1201 1894 4444444444-

110 1935 163 1970 non
180 1921 307 1970 nominat
323 1921 461 1982 tamqnam
476 1921 572 1970 ceteris
588 1921 641 1970 im-
676 1919 784 1970 ditator!
817 1923 872 1971 Nec
887 1924 975 1972 444444
990 1923 1132 1984 propterea
1147 1919 1198 1982 leg.

110 1995 263 2058 pelnosim,
281 1993 333 2044 sed
349 1997 379 2043 ut
394 1994 442 2044 Od.
462 1997 486 2055 t,
505 1996 528 2056 4,
543 1995 583 2046 tl.
598 1997 639 2045 ⁴5.
676 1995 755 2056 adyti,
781 2009 849 2059 quae
867 1997 933 2046 ratio
949 1995 1067 2059 pedestri
1082 1995 1200 2044 sennoni

110 2072 244 2131 mm
268 2071 297 2119 44
320 2069 445 2127 lentim
475 2069 523 2120 Od.
548 2071 572 2132 4,
595 2071 637 2132 26,
676 2069 745 2119 loret
766 2071 859 2133 aptior.
903 2071 949 2120 Est
968 2083 1047 2118 vero:
1082 2069 1201 2129 «Pythius

110 2146 149 2194 45.
177 2145 317 2204 &sticum
343 2157 375 2194 er
389 2147 530 2208 poetarum
551 2157 637 2205 mare,
677 2143 758 2207 (quod
776 2145 889 2195 nominis
909 2158 950 2209 pr.
972 2145 1060 2194 vicem
1076 2143 1197 2202 sustinet,

108 2223 138 2269 nt
158 2221 231 2270 certi
258 2217 371 2269 abcuius
393 2220 475 2270 maris
496 2220 638 2281 imaginem
675 2218 837 2278 utOynlbius
850 2219 897 2269 Od.
915 2218 1054 2278 4,44,4.],
1073 2217 1201 2280 quiinco·

107 2295 186 2345 nobis
203 2297 270 2344 ante
288 2291 381 2344 oculos
395 2295 484 2357 ponat.
517 2294 578 2355 (Cir.
599 2294 641 2344 ’44-
675 2291 705 2343 444
721 2293 810 2356 adyta,
829 2295 855 2344 in
873 2293 915 2344 bis
930 2294 1014 2356 quatit
1030 2294 1098 2341 cel.»
1114 2319 1141 2328 -
1158 2291 1198 2341 Ad

109 2368 172 2420 bnll.
201 2371 228 2429 t,
254 2369 281 2426 9,
302 2367 348 2418 la:
381 2369 430 2418 lltn
450 2369 525 2419 444444
545 2370 640 2432 rapido
675 2381 753 2432 seqq.
773 2367 820 2418 cir.
842 2367 976 2418 Claudian.
994 2367 1068 2430 ilapt.
1085 2367 1158 2416 Pras.
1175 2368 1198 2426 4,

112 2443 487 2508 4444444444444444444444444
504 2445 640 2494 4444444444
675 2443 739 2493 208:
770 2443 880 2506 Corybas
905 2457 957 2492 noo
980 2443 1079 2504 impulit
1103 2453 1199 2498 manu

108 2519 404 2582 liquidndcicutarmie
418 2519 509 2584 4444.)
675 2519 732 2568 Nos
748 2517 1104 2580 bisuncsonnerasonoot.

137 2597 164 2644 5.
201 2594 370 2657 Dindymene]
396 2594 498 2656 Cybele
520 2607 544 2644 s.
567 2593 638 2644 libes
707 2595 731 2644 7.
762 2595 839 2662 «an
856 2607 943 2656 aequo
960 2593 1048 2644 iurare
1062 2590 1200 2644 stimulan-

108 2667 285 2731 aD'mdyrno,
303 2669 434 2731 Phrygiae
446 2671 538 2718 monte
554 2680 638 2732 prope
676 2671 719 2718 tur
737 2667 800 2719 Galli
818 2667 942 2731 Cybeles,
962 2668 1082 2718 Bacchae
1101 2667 1197 2728 Liberi,

109 2744 315 2804 Pessinuntem,
333 2742 379 2792 ubi
389 2744 559 2807 potissimum
570 2743 640 2794 cole·
675 2743 768 2805 Pythia
788 2757 819 2793 44
840 2740 938 2806 Sibylla
957 2741 1083 2806 Apollinis
1106 2743 1200 2791 instin-

111 2817 201 2867 batur.
228 2845 259 2853 -
287 2819 346 2868 Non
369 2817 461 2882 adytis]
484 2817 583 2868 Caesar
607 2819 637 2868 B.
676 2820 729 2877 ctu,
748 2831 799 2867 nec
815 2819 872 2882 pari
881 2817 978 2868 mentis
987 2814 1100 2866 tumultu
1112 2815 1200 2878 agitati

109 2893 139 2941 C.
158 2893 186 2952 3,
204 2893 270 2942 sos:
294 2893 412 2956 Perpasrsi
433 2894 462 2942 in
484 2895 585 2944 occultis
608 2907 639 2944 ac
677 2891 857 2955 Corybantes,
882 2891 998 2956 Cybeles
1021 2891 1147 2949 ministri,
1173 2891 1199 2940 ln

107 2967 212 3016 mose
233 2967 337 3029 ternpti,
362 2981 412 3029 quo
432 2974 536 3030 prester
553 2981 639 3018 44444-
676 2966 782 3018 choreis
804 2969 859 3018 suis
882 2966 1005 3030 cymbala
1022 2967 1122 3016 iteratis
1141 2966 1200 3016 lcti-

109 3041 177 3090 dotee
193 3042 391 3105 4444444444
406 3047 455 3102 est,
473 3044 640 3104 qunsGrnecl
675 3039 727 3090 bus
750 3040 872 3104 pulsant,
900 3044 930 3092 ut
958 3043 996 3090 ira
1021 3039 1124 3104 abrepti
1149 3053 1199 3090 nos

107 3109 205 3166 ἄδυτα
228 3116 373 3179 appeliant,
406 3121 528 3180 tynspcsa
553 3131 641 3168 sonus·
676 3116 803 3177 exagitari
816 3129 848 3166 44
865 3116 953 3166 furere
965 3114 1091 3176 solemus,
1111 3115 1200 3164 omnia

107 3197 177 3242 nni.
674 3189 797 3240 4444444444
824 3193 1006 3254 spernentes.»
1046 3191 1084 3238 444
1109 3190 1131 3238 si
1158 3187 1198 3238 io-

139 3267 167 3315 a.
207 3261 341 3327 «Apollo,
370 3265 443 3328 adyti
466 3267 587 3332 Delphici
612 3269 640 3317 44
676 3277 739 3314 eum
762 3265 980 3328 interpretemur,
1011 3266 1041 3311 ut
1064 3265 1125 3326 post
1150 3275 1199 3312 nos

108 3339 209 3391 Deliaci
226 3337 329 3399 incola,
356 3339 445 3392 divino
467 3343 557 3392 afflatu
577 3356 641 3392 con·
675 3339 738 3392 lecit
752 3341 831 3390 etiam
846 3337 925 3400 liegel
943 3339 970 3387 44
986 3337 1103 3396 Llibker,
1122 3340 1200 3399 quat-

110 3417 174 3464 44444
189 3408 353 3479 inomao
370 3427 480 3467 suorum
491 3420 636 3468 mentem.»
675 3417 737 3466 tuor
751 3413 993 3472 vehementissimi,
1018 3413 1110 3474 utpote
1125 3411 1199 3460 ians-

109 3492 151 3540 Sic
169 3487 268 3539 Catuli.
282 3489 369 3552 Epith.
387 3489 441 3540 Pel.
459 3491 522 3542 2²9:
540 3493 639 3543 Miner-
675 3491 728 3550 tici,
749 3489 844 3539 luroris
868 3485 989 3550 exempla
1006 3487 1197 3548 proponuntur.

110 3578 143 3615 sa
158 3565 247 3613 444444
268 3565 341 3614 ltosi.
376 3565 406 3614 ln
429 3565 536 3616 Horatio
560 3567 639 3616 nimis
675 3563 785 3614 Bentleii
809 3575 875 3612 vero
899 3562 1050 3611 coniectura
1075 3561 1097 3610 44
1120 3563 1200 3624 poni-

110 3640 242 3690 audacter
257 3638 301 3689 alii
315 3640 480 3704 interpretati
496 3653 557 3692 esse
573 3641 639 3692 milii
674 3644 746 3699 4444,
762 3638 789 3688 id
807 3640 856 3698 est,
871 3649 947 3686 «cum
960 3637 1120 3699 geminant»,
1136 3641 1200 3700 poe-

109 3715 254 3764 ridentnr:
281 3711 388 3764 «incole
400 3716 498 3766 mentis
512 3716 640 3766 sacerdo-
676 3715 756 3764 licam
769 3713 820 3763 loci
836 3712 891 3761 vim
906 3711 1050 3762 admodum
1069 3711 1196 3761 debilitat.

109 3791 203 3847 tum-3
226 3789 270 3849 et,
294 3787 405 3852 siapud
420 3789 552 3842 84444444
567 3791 638 3841 44444.
675 3789 766 3839 Priore
792 3789 882 3837 aulem
902 3785 975 3846 loco,
1002 3799 1036 3836 ne
1059 3785 1101 3836 bis
1126 3787 1199 3836 idem

110 3863 167 3914 383.
194 3861 311 3926 legimus
326 3868 426 3926 recepto
448 3865 554 3915 4444444
571 3866 641 3914 isoc-
677 3862 787 3924 dicatur,
801 3861 983 3926 Dindymenes
995 3862 1149 3912 sacerdotes
1160 3864 1200 3912 in-

108 3939 146 3988 sit
161 3939 221 4000 deo,
239 3937 293 3988 boc
309 3936 393 3988 multe
404 3940 493 3990 minus
507 3939 639 3989 tumidum
677 3937 763 4000 tellige
775 3937 870 4000 Gallos,
884 3951 999 4002 quorum
1010 3938 1124 3988 insanias
1136 3938 1200 3986 coti·

110 4015 152 4064 est
170 4014 199 4064 in
224 4014 306 4076 po'ets
332 4015 470 4077 ceteroqui
492 4011 639 4064 luxuriante
676 4012 719 4063 die
734 4015 833 4063 4444444
847 4013 956 4062 videbat
967 4013 1097 4073 Horatius,
1110 4015 1141 4061 ut
1151 4013 1199 4062 Fa-

111 4101 193 4152 qasm
209 4088 272 4137 44444
285 4087 371 4138 manin
384 4089 474 4138 mestis
489 4089 559 4138 44444
568 4089 639 4152 apud
676 4088 825 4138 naticoium
842 4101 875 4138 ex
889 4087 956 4137 aede
969 4087 1091 4138 Bellonae
1108 4089 1196 4150 (inser.

111 4163 265 4215 Horatium:
285 4175 357 4224 nam,
376 4176 440 4213 cum
456 4163 504 4213 0d.
520 4162 638 4224 3,4θ,3,
675 4175 712 4212 m.
731 4163 787 4212 Lat.
806 4163 836 4212 N.
863 4161 1111 4226 astuterunt,
1131 4163 1196 4212 litii:

112 4239 246 4300 4444444444
277 4238 394 4300 regionis
426 4236 639 4302 septentrionalis
675 4237 818 4300 4444444444
832 4242 944 4288 rotantes
962 4235 1133 4302 8444444444
1152 4263 1166 4274 -
1185 4263 1199 4274 -
