2934 4884
430 373 558 424 HORATH
575 371 683 424 mas
702 373 828 424 ntmcs.
1132 375 1186 426 m

186 531 245 598 Hic
266 549 384 596 versus
405 528 603 616 compositas
625 547 665 594 ex
685 549 778 594 versu
797 527 956 594 stanam
977 532 1023 624 (η’
1041 531 1072 614 9)
1094 541 1128 596 et
1148 551 1188 596 ex

99 655 184 700 cerro
206 631 410 721 Itlsyplrollieo
426 633 472 716 (ιιο
487 631 538 716 tl,
561 631 588 697 si
611 629 654 697 ad
677 631 846 697 Horatium
868 631 974 700 solnm
987 643 1183 720 spectemus,

99 761 117 804 a
137 757 290 804 versuum
312 755 433 822 genere
456 743 715 822 asynartetorum
731 732 859 800 excludi
882 735 1001 822 possit.
1024 755 1099 802 curn
1120 736 1187 801 Ho-

100 841 195 907 ratios
217 836 410 925 necpedem
440 837 585 902 mutuum
607 893 630 906 .
649 880 673 907 e
693 895 716 908 .
740 857 803 903 nec
825 835 996 923 spondeum
1016 837 1048 904 io
1072 847 1188 926 prior-ta

99 942 164 1008 sede
184 941 333 1028 posuerit
353 959 462 1028 neque
475 939 562 1004 lictu
577 939 618 1005 sit
635 959 732 1017 usns3
755 937 816 1004 sed
838 946 954 1027 poetae
969 938 1084 1006 Graeci
1098 961 1188 1006 corn-

99 1045 218 1132 positos
240 1043 302 1109 hos
323 1063 440 1109 versus
460 1041 504 1108 ita
526 1041 673 1130 iungunt,
697 1051 732 1108 ut
752 1061 885 1107 versum
897 1042 1006 1129 ipsum
1020 1053 1188 1131 asynnrte-

100 1159 163 1212 turn
183 1167 260 1212 esse
282 1144 375 1211 tacite
397 1155 514 1231 pateat.
558 1146 718 1212 Incertum
740 1154 849 1210 autern
871 1155 935 1218 est,
958 1165 1018 1211 cnr
1039 1143 1189 1210 Horatius

102 1247 182 1314 nulla
205 1246 368 1314 eiusmodi
389 1245 519 1318 lieentia
540 1247 581 1311 sit
601 1267 692 1312 usus.

180 1379 234 1442 20.
263 1377 374 1443 Verere
394 1375 595 1462 elepinmlus,
625 1374 825 1464 compositus
847 1397 887 1443 ex
907 1397 999 1442 voert
1019 1375 1190 1460 Arcltiloel,

103 1481 169 1544 inin
193 1479 349 1562 (trimetro
380 1477 541 1567 dactylico
569 1477 756 1546 catalectico
786 1477 818 1542 in
847 1477 1007 1568 syllabam
1029 1481 1076 1564 [η0
1095 1479 1137 1564 7.)
1158 1491 1191 1546 et

103 1603 188 1648 rusa
207 1579 339 1646 iambico
360 1580 490 1646 dimetro
511 1580 680 1647 acatalecto
696 1602 721 1646 s.
738 1602 829 1646 oerore
842 1583 1042 1668 quotenrorio
1063 1584 1109 1668 (n⁰
1130 1581 1189 1667 31:

235 1717 475 1756 vvvvvv
495 1685 540 1756 til
556 1721 580 1754 ῦ
599 1719 623 1756 .L
641 1729 665 1757 υ
685 1743 705 1756 ..
727 1721 751 1755 ῦ
769 1715 793 1754 L
813 1730 836 1756 υ
854 1717 879 1754 Σ

182 1772 304 1836 Destruet
325 1769 497 1860 inparibus
510 1782 630 1839 certare
642 1771 801 1838 wintonia
810 1771 925 1860 pudor.
954 1771 1056 1860 Epod.
1072 1771 1122 1850 tt,
1139 1772 1189 1838 te.

182 1873 295 1940 libera
317 1873 444 1939 curulia
465 1896 520 1940 occ
542 1874 743 1940 contuoreliac
762 1895 884 1961 provee.
928 1875 986 1961 Ep.
1011 1873 1067 1949 tt,
1089 1875 1143 1941 33.

183 1977 315 2042 Inachio
334 1975 453 2062 furere,
475 1976 560 2044 silvie
580 1977 727 2042 tortorem
747 1975 868 2042 decutit.
914 1976 971 2063 Ep.
994 1975 1051 2054 ll,
1073 1977 1105 2042 6.

182 2079 359 2145 Fer-viiiore
377 2099 464 2144 meru
485 2100 604 2145 arcano
620 2089 787 2168 protnmt
807 2078 882 2144 loeo.
925 2079 983 2166 Ep.
1007 2078 1066 2156 tt,
1092 2077 1142 2144 li.

141 2210 192 2276 3⁴.
232 2211 345 2276 Verere
372 2207 575 2297 icmbelepre,
609 2231 650 2277 ex
679 2209 797 2277 iisdem
827 2207 975 2326 partibus
1004 2229 1043 2274 ac
1074 2227 1189 2274 versus

105 2311 307 2400 praecedens
329 2322 495 2389 constans,
519 2313 577 2389 ito,
600 2322 636 2379 ut
657 2312 740 2379 ordo
761 2311 804 2378 sit
825 2312 992 2376 inversus·

258 2451 282 2462 “
310 2445 579 2487 ΙΙΙΙΙΙΙ
555 2417 894 2488 -ΙΔυυ-ννὲ

188 2505 232 2568 Tu
252 2505 326 2570 vina
349 2503 502 2591 Torquato
522 2503 747 2570 mooeeonsulc
763 2523 966 2591 prusam.
1010 2503 1067 2590 Ep
1083 2502 1134 2577 l3,
1157 2503 1188 2568 6.

183 2607 303 2672 Leoorc
324 2605 402 2672 diris
417 2615 547 2693 pectora
567 2605 830 2672 sollicitudinibus.
874 2607 932 2693 Ep.
954 2604 1013 2680 ta,
1038 2605 1088 2670 to.

103 2827 129 2914 h)
179 2849 279 2894 snm
313 2849 331 2892 i
367 2847 505 2896 amicis
539 2848 699 2896 manos
733 2829 803 2897 κατ’
837 2831 1058 2900 «ἐπιπόθειαν
1091 2832 1191 2914 μικτὰ

475 2951 628 2998 rnnrnnnn
655 2951 815 2997 nomina.

184 3079 238 3146 22.
266 3079 378 3145 Versus
399 3079 573 3166 Supplices
594 3081 697 3145 minor
718 3101 744 3147 s.
759 3089 894 3146 metrum
907 3077 1193 3168 epiclouomlieum

104 3182 292 3270 Supplicem
319 3181 617 3268 hendecasyllabum.
661 3183 794 3249 Constat
821 3183 946 3272 dipodio
975 3181 1131 3248 trochaico
1161 3190 1194 3245 et

106 3284 206 3350 ordine
228 3283 405 3371 lopooedieo
428 3284 493 3368 (cfr.
516 3289 551 3349 n⁰
576 3284 633 3368 t.):

231 3388 500 3462 Lu-vstLl
518 3421 755 3460 υυυυυυ

183 3473 278 3540 Ludit
298 3471 539 3562 incooperta
560 3493 649 3540 omne
671 3494 791 3561 campo.
836 3475 888 3539 111.
912 3472 967 3550 48,
991 3473 1022 3538 9.

186 3576 296 3663 Saepe
317 3595 456 3644 caesura
477 3585 528 3644 est
548 3585 622 3664 post
643 3575 804 3665 syllabam
824 3574 959 3642 brevem
972 3585 1112 3651 sextam,
1135 3574 1192 3642 cir.

112 3676 154 3740 lv.
175 3679 213 3752 6,
235 3677 280 3744 27
300 3687 380 3754 cet,
402 3689 517 3746 neutro
540 3679 572 3744 in
585 3678 658 3747 loco
674 3681 697 3744 1.
726 3679 764 3754 2,
786 3677 855 3754 33„
878 3678 940 3744 nisi
960 3677 1098 3746 verbnm
1118 3697 1194 3744 earn

111 3775 214 3844 lahnio
245 3799 400 3868 separas,
446 3780 535 3868 quod
570 3781 601 3846 in
637 3781 699 3846 hac
733 3797 866 3869 quoque
899 3779 1041 3847 editione
1076 3780 1193 3846 sectum

112 3889 162 3945 ost
205 3881 372 3948 interdum
393 3902 508 3950 versus
529 3882 721 3971 lypmneter
742 3892 805 3960 est,
837 3882 870 3948 id
892 3892 958 3959 est,
988 3881 1100 3948 ultima
1121 3880 1193 3946 eius

112 3981 229 4069 syllaba
251 4003 496 4072 supervacanea
516 3985 647 4052 eliditur
667 3983 786 4063 vocali,
808 4005 909 4074 aqua
923 3983 1129 4072 subsequens
1142 3983 1193 4048 in-

114 4083 183 4245 pipit
200 4105 329 4252 ἔνευε.
379 4089 417 4152 11.
450 4088 486 4164 2,
517 4087 567 4154 ⁴8.
609 4089 657 4154 IV.
696 4087 731 4164 2,
762 4087 814 4155 22.
836 4087 888 4154 23.
932 4088 1070 4153 Carmen
1098 4105 1193 4152 secu·

126 4203 177 4250 are
243 4239 250 4251 .
