2934 4884
272 311 347 375 50i·
658 312 787 362 nonani
806 311 977 361 alamann

604 799 1024 865 cmm

399 973 564 1062 Tyrrhena
587 991 700 1057 regum
722 968 911 1056 progenies,
936 968 990 1035 tibi

401 1096 470 1160 Non
494 1103 567 1158 ante
589 1111 685 1157 verso
708 1089 782 1156 lene
807 1111 934 1156 mamm
956 1090 1038 1156 cado

337 1273 424 1323 lllilll.
451 1273 533 1322 luscr.
553 1269 621 1332 volg.
647 1271 885 1327 alamuosan,
912 1270 939 1317 et
955 1269 994 1317 sio
1010 1268 1058 1317 lis.
1079 1293 1107 1303 -
1125 1269 1268 1320 lloweaoti
1284 1269 1327 1319 bc.

308 1377 333 1383 -
353 1349 376 1397 i.
394 1359 494 1396 aarum
510 1346 538 1395 B.
559 1345 620 1408 (non
638 1344 710 1404 bSc.)

304 1495 390 1546 lllilll.
411 1496 593 1546 Maecenatem
605 1493 796 1556 invitatpoeta‚
867 1491 891 1541 3.
906 1491 930 1542 l.
948 1492 1168 1556 {tora-rosam]
1186 1487 1283 1582 ῥόδων
1300 1486 1360 1542 ἀιό-

272 1575 302 1620 ut
318 1569 416 1620 relictis
433 1569 544 1619 urbanis
555 1567 665 1630 negotiis
677 1564 799 1629 aliquan·
834 1580 896 1629 τοις
932 1563 1058 1630 σκιάζειν
1090 1565 1216 1636 hanoea
1249 1560 1362 1638 ἔθειραν

273 1643 357 1693 iulum
387 1643 515 1706 temporis
541 1641 576 1690 ad
601 1653 631 1690 ae
657 1640 683 1689 in
709 1637 797 1690 villam
835 1640 900 1691 dixit
924 1641 1075 1692 Simonides
1096 1655 1124 1705 p.
1150 1643 1207 1691 ⁴95.
1231 1642 1312 1692 Sebu.
1335 1669 1361 1678 —

273 1716 403 1766 concedat
426 1717 562 1778 Genioque
585 1713 622 1764 ibi
647 1712 796 1776 indulgeat,
834 1715 947 1780 baanae]
960 1730 981 1766 s.
996 1715 1198 1779 myrobalanus,
1218 1715 1297 1779 mana
1309 1729 1365 1778 my·

273 1792 447 1853 argumentis,
466 1789 564 1853 quibus
576 1790 601 1839 ei
618 1788 670 1838 boc
682 1787 798 1838 suadere
834 1791 952 1853 repsica‚
986 1791 1160 1853 unguentaria
1192 1790 1311 1841 Arabiae
1336 1793 1363 1839 et

274 1867 397 1925 conatur,
419 1865 516 1928 partim
534 1863 567 1914 ab
586 1862 662 1916 Urbis
680 1861 797 1923 fastidio,
835 1863 989 1927 Aethiopiae
1010 1862 1060 1926 (dia
1075 1864 1207 1914 mulcebo
1218 1865 1361 1922 msam,

274 1938 347 2001 quod
375 1939 432 1988 eius
459 1935 538 1988 luxus
566 1938 674 2000 gignere
700 1935 797 1996 soleat,
834 1937 1049 2001 Bolsemsmclt.);
1067 1938 1095 1988 b.
1113 1936 1236 1988 iolcum
1258 1953 1294 1988 ex
1310 1940 1363 1988 eius

274 2013 370 2075 partim
388 2025 402 2061 a
423 2012 619 2064 ferventissimo
644 2012 705 2060 anni
728 2012 800 2060 tem-
835 2011 931 2062 nucleo
948 2024 1081 2076 pressum.
1111 2011 1175 2062 Oleo
1192 2016 1288 2064 aumm
1305 2013 1363 2062 inde

274 2100 338 2150 pore
354 2087 511 2150 desumptis.
547 2086 719 2136 Cumautem
730 2086 801 2136 blae-
836 2099 965 2150 expresso
987 2087 1043 2148 «εἰς
1065 2081 1102 2135 τὰ
1121 2082 1267 2152 πολυτελῆ
1287 2083 1364 2156 μόρα

274 2163 395 2212 cenatem
413 2161 484 2210 curis
501 2159 727 2210 administrandae
751 2159 800 2210 llr-
835 2155 894 2210 aior·
911 2159 1009 2211 diolco
1027 2157 1180 2229 ἐχρῶντο.»
1201 2163 1325 2213 Dioscor.
1338 2161 1361 2221 i,

274 2236 328 2296 his,
358 2233 456 2298 quibus
484 2235 542 2284 tum
567 2233 701 2284 districtus
727 2235 797 2292 erat,
836 2234 892 2283 460.
914 2262 940 2272 -
962 2236 1050 2284 Pressa
1074 2236 1274 2302 tatis-capillis]
1300 2235 1363 2286 «tibi

275 2311 402 2370 maxime,
422 2321 475 2372 quo
492 2309 581 2358 minus
593 2309 698 2371 copiam
710 2307 752 2356 sui
764 2306 800 2355 la·
836 2307 994 2359 destinata.»
1230 2303 1237 2314 “

275 2386 361 2442 cerat,
385 2382 508 2446 impediri
525 2380 696 2444 intelligeret,
721 2382 799 2444 poeta

274 2473 290 2508 a
308 2459 387 2508 nimia
404 2458 454 2507 iata
471 2455 646 2507 sollicitudine
664 2467 727 2505 eum
750 2455 801 2504 de·
868 2457 936 2505 5-7.
954 2456 1113 2520 laondadaan]
1130 2457 1188 2506 iton
1204 2457 1296 2520 «quod
1307 2457 1362 2507 diu·

275 2534 427 2584 hortaturus
449 2532 565 2593 graviter
585 2528 702 2580 ostendit
719 2528 800 2578 certis
836 2532 887 2581 tius
913 2531 1004 2580 omnia
1028 2532 1078 2581 ista
1103 2529 1177 2580 domi
1202 2543 1269 2580 suae
1291 2533 1364 2582 blae-

275 2621 353 2659 curas
365 2607 429 2656 istas
438 2605 622 2656 circumscribi
634 2608 759 2669 oportere
771 2605 801 2653 ti-
836 2605 923 2654 cenati
950 2606 1078 2654 servarit·
1104 2607 1145 2666 (ut
1172 2605 1363 2668 interpretatus

275 2681 362 2741 uibus,
375 2694 407 2730 ne
417 2679 498 2741 bona,
512 2693 582 2742 quae
593 2693 723 2742 praesens
735 2680 801 2729 bora
837 2680 878 2728 est
895 2678 976 2728 etiam
988 2677 1136 2742 Gargallus,
1156 2680 1297 2738 metuens,
1316 2691 1363 2727 «ne

274 2755 407 2819 largiatur,
426 2753 550 2804 celeriter
567 2751 713 2812 elabantur,
733 2753 802 2802 lutu-
836 2767 914 2804 rosae
937 2753 1085 2804 admodum
1101 2754 1189 2803 vietae
1212 2753 1362 2813 merant-3«.

275 2841 420 2892 rarumque
442 2839 533 2876 rerum
553 2827 658 2876 anxiam
677 2824 802 2876 sollicitu-
836 2829 885 2878 sed
913 2831 1023 2878 omnino
1053 2827 1282 2891 «impatientiam,
1313 2841 1362 2890 qm

275 2902 366 2953 dinem
383 2913 480 2951 vanam
497 2913 557 2951 esse
573 2901 653 2962 atque
671 2899 798 2951 inutilem.
837 2905 1020 2954 Maecenatem
1034 2903 1199 2966 exspectet»
1218 2903 1310 2953 amice
1321 2902 1364 2951 de-

276 2977 385 3040 (Franke
408 2987 516 3025 carmen
535 2974 617 3024 reteri
638 2974 673 3024 ad
689 2987 713 3024 a.
730 2975 799 3037 729„
837 2977 927 3028 clarat.
955 3004 981 3014 -
1003 2977 1081 3039 Eripe
1101 2982 1124 3026 te
1144 2976 1243 3040 morae]
1266 2975 1362 3033 Odi,

276 3047 418 3100 Grotelend
436 3047 470 3098 ad
487 3062 511 3098 a.
530 3048 598 3111 735.)
838 3053 883 3110 lt,
901 3052 948 3101 aa:
966 3065 1032 3113 potae
1048 3063 1144 3100 moras.
1164 3074 1191 3084 -
1210 3048 1362 3111 Nesemper]

310 3128 332 3175 l.
347 3127 372 3176 i.
393 3125 758 3189 Turrbmaroqum10lr.0d.
774 3128 799 3185 t,
836 3124 925 3177 Altera
949 3124 1028 3176 lectio
1050 3137 1096 3174 nec
1118 3123 1201 3174 habet
1224 3136 1300 3172 nuuc
1318 3136 1363 3172 au-

277 3201 300 3258 l,
317 3200 339 3248 l.
353 3197 429 3250 Silius
441 3200 466 3262 7,
479 3199 524 3250 29:
543 3199 637 3249 Cilaim
646 3201 729 3250 Arreti
743 3200 803 3261 Tuo
836 3202 987 3250 cleritatem
1003 3201 1140 3263 antiquiss.
1160 3197 1225 3249 Cod.
1246 3199 1276 3247 ll.
1290 3211 1363 3248 eam-

275 3273 358 3323 rboaia
382 3279 452 3323 orlata
480 3274 507 3322 io
532 3273 592 3323 oria.
615 3298 642 3308 -
662 3275 718 3324 Noa
744 3278 802 3322 ante
837 3288 889 3338 que
910 3273 988 3324 valde
1009 3273 1107 3338 probat
1126 3271 1318 3334 Dillenburger
1338 3285 1361 3335 p.

274 3347 355 3412 verso]
381 3347 499 3396 «intacto
522 3346 647 3408 adbuc»,
676 3347 703 3398 id
729 3346 802 3411 quod
837 3348 878 3398 34.
897 3349 1013 3399 aderens
1031 3349 1100 3398 inter
1116 3345 1166 3397 elia
1178 3345 1307 3410 exempla
1318 3345 1360 3396 od.

276 3422 404 3472 convivae
421 3420 516 3470 honori
534 3421 666 3472 tribuitur.
696 3422 744 3472 Est
753 3434 803 3471 au·
838 3424 866 3481 l,
886 3424 932 3484 tl,
955 3424 985 3473 2:
1011 3435 1056 3472 aee
1077 3421 1229 3482 Babubnios
1252 3421 1363 3470 reema

276 3499 330 3546 tem
352 3508 367 3544 o
388 3508 513 3545 sermone
539 3495 681 3546 cotidiano.
717 3493 800 3544 Plaut.
836 3509 961 3546 amos.
990 3498 1076 3561 Atque
1094 3497 1128 3546 de
1145 3495 1198 3546 boe
1213 3508 1298 3545 nemo
1316 3495 1362 3545 du·

275 3569 355 3619 Stich.
369 3569 397 3628 t,
414 3566 441 3629 l,
455 3568 498 3618 39:
519 3569 803 3629 qamnobdeaditooel
837 3569 923 3620 hilara
940 3572 1060 3634 poterat,
1081 3584 1126 3621 nec
1147 3570 1187 3622 sic
1204 3572 1363 3634 usurpatum

274 3644 352 3692 cadro
371 3644 437 3692 vorti
451 3648 539 3704 potest.
576 3644 630 3692 Sat.
649 3644 680 3703 2,
699 3643 727 3702 8,
751 3641 800 3692 39:
837 3657 888 3708 per
898 3657 928 3695 se
939 3645 1119 3695 rectissimum
1128 3657 1202 3702 esse;
1215 3643 1266 3694 sed
1278 3639 1363 3695 ἀσόν·

274 3718 403 3766 invertant
414 3717 529 3780 Allifanis
540 3717 644 3765 vinaria
659 3721 719 3765 toto.
738 3717 803 3766 Ver-
837 3715 919 3767 deror
936 3719 1041 3768 servavi
1056 3721 1168 3782 propter
1183 3717 1282 3768 similia
1301 3732 1328 3768 v.
1340 3719 1361 3768 a.

275 3791 391 3850 labatur,
405 3803 466 3840 eum
479 3790 540 3841 inde
553 3791 578 3839 in
590 3791 709 3841 crateres
718 3789 803 3840 ellon-
838 3794 866 3842 et
877 3792 921 3852 ll;
940 3795 1079 3856 praeterea
1090 3805 1122 3840 aa
1133 3790 1294 3842 celeriorem
1308 3791 1364 3842 red·

276 3865 391 3915 debatur
408 3865 507 3915 vinum.
529 3891 554 3898 -
573 3863 634 3927 bne]
654 3866 801 3914 «vetustate
838 3867 877 3924 dit
887 3868 1079 3917 sententiarum
1094 3878 1278 3930 progressum.
1298 3867 1363 3916 Neu·

276 3939 433 3990 domitum.»
446 3939 538 3988 Senon.
551 3967 576 3973 -
586 3939 668 3988 Cadur
678 3951 709 3988 er
719 3951 801 4002 opere
837 3943 940 4004 tiquam
950 3953 1015 3990 vero
1027 3941 1105 4004 aptus
1117 3941 1160 3990 est
1169 3939 1212 3988 hic
1221 3941 1363 3990 sententia

276 4013 364 4075 figlino
381 4013 435 4064 lili.
455 4014 565 4076 congios
582 4012 717 4078 capiebat;
738 4026 802 4075 qua·
837 4027 898 4064 rum
907 4027 1004 4073 nexus,
1015 4027 1097 4076 quem
1109 4011 1226 4063 nonnulli
1235 4015 1361 4063 statuunt:

276 4086 395 4148 monna
417 4088 524 4139 circiter
540 4087 673 4140 eiusmodi
689 4100 801 4138 mensu·
838 4087 939 4148 «Pelle,
963 4086 1038 4148 tolle,
1062 4099 1157 4151 rumpe
1182 4099 1290 4137 moram
1318 4089 1362 4148 [eo

275 4173 332 4220 ras,
351 4163 509 4224 quasplures
519 4164 616 4213 vocant
627 4159 797 4224 Francogalli.
836 4161 915 4223 tine),
942 4174 976 4212 ne
999 4160 1222 4226 contempleris»;
1253 4161 1362 4212 sedeat
