2934 4884
684 369 814 419 nouauit
832 369 964 420 Euooou

503 525 628 589 Amoris
651 534 739 590 esset
762 523 930 610 poculum,

461 646 665 711 interminato
687 665 762 711 eum
785 644 885 710 semel
909 643 991 711 fixae
1014 645 1087 712 elbo

501 766 717 833 intabuissent
739 764 890 852 pupulae.

466 890 537 954 Non
557 886 701 954 defuisse
722 886 887 954 masculae
909 887 1052 954 libidinis

502 1009 737 1076 Ariminensem
760 1007 883 1074 Foliam

459 1133 496 1196 Et
516 1131 621 1197 otiosa
642 1128 781 1196 eredidit
805 1129 956 1216 Neapolis

501 1253 540 1317 Et
561 1271 658 1317 omne
679 1250 822 1316 vicinum
844 1250 1018 1338 oppidum,

461 1375 554 1452 Quae
576 1371 686 1438 sidera
707 1380 876 1438 excantata
897 1391 978 1438 voce
1001 1371 1154 1440 Thessala
1342 1378 1383 1440 i5

500 1495 690 1580 Lunamque
712 1491 804 1560 caelo
828 1491 955 1580 deripit.

456 1615 515 1679 llio
540 1613 731 1680 inresectum
753 1633 851 1680 saeva
876 1612 973 1680 dente
993 1612 1091 1679 livido

357 1797 383 1847 p.
397 1783 454 1832 aaa.
477 1743 681 1843 ruinosum.)
702 1808 730 1817 -
750 1780 791 1832 tr.
810 1783 855 1832 uu
872 1796 1008 1847 superse.
1029 1783 1086 1834 «vel
1103 1785 1173 1834 unc»
1193 1785 1219 1834 n.

287 1926 366 1974 buius
383 1919 580 1971 electionibus
597 1921 713 1970 maxime
725 1919 814 1984 placet
851 1936 925 1972 ceres.
945 1923 975 1973 in
993 1924 1185 1974 consuetudine
1204 1927 1297 1976 autem
1309 1940 1385 1978 oom-

288 2003 404 2058 eesuoto,
434 1995 549 2046 verbum
574 1995 667 2064 iam-a
692 1995 812 2046 Varrone
851 1997 924 2047 muni
947 1999 1057 2060 Augusti
1083 1999 1251 2062 temporibus
1276 2001 1330 2050 hoe
1355 2016 1382 2051 v.

288 2074 446 2137 usurpatum
458 2073 486 2120 et
495 2072 672 2134 propagatum
684 2073 757 2120 certe
770 2083 813 2121 us·
851 2071 932 2122 luisse
944 2071 1110 2122 demonstrat
1122 2072 1233 2125 Rutilius
1246 2076 1336 2140 Lupus
1358 2079 1382 2133 i,

288 2163 341 2214 que
350 2148 385 2198 ad
396 2147 528 2198 Ammian.
542 2147 623 2196 blare.
634 2145 676 2204 30,
691 2143 719 2195 l:
739 2147 814 2194 odue-
851 2145 881 2194 7:
895 2159 940 2209 epo
949 2145 1306 2207 quamtotibusiuterruinutus
1313 2164 1383 2212 sum,

288 2238 336 2286 que
357 2223 424 2284 iprae
439 2222 562 2270 aremulus
578 2225 708 2279 assuetum
729 2233 812 2270 «suno
850 2233 881 2268 ne
899 2223 949 2269 cet.
971 2248 998 2255 -
1016 2233 1074 2269 eunt
1092 2222 1166 2270 suriel
1182 2223 1245 2286 cet]
1268 2225 1382 2276 istatirn

289 2297 432 2353 exhausta,
455 2295 586 2345 exsiccata
607 2296 718 2358 propter
735 2292 811 2356 longa
851 2307 913 2344 oum
927 2294 1054 2356 pupiilae,
1073 2291 1172 2365 κόρω,
1190 2297 1216 2345 id
1236 2300 1290 2358 est,
1309 2298 1383 2348 oculi

288 2372 381 2423 mortis
398 2372 558 2420 tormenta.»
583 2368 666 2431 (Adde
683 2370 765 2418 iuven
783 2367 810 2426 8,
851 2367 929 2417 defixi
941 2368 1046 2430 iuoibo,
1060 2369 1184 2419 auiditate
1196 2371 1383 2434 oontabeiaeti

287 2447 333 2497 90:
353 2446 415 2494 Oreo
429 2445 498 2494 uides
512 2443 699 2508 repumuneuis
709 2447 813 2492 eruum
849 2441 876 2490 iu
905 2443 992 2492 morte
1018 2443 1206 2494 deiecissent»,
1245 2446 1382 2508 Equidem

286 2518 421 2583 nuduliir.)
448 2519 545 2568 Euentu
559 2531 608 2581 pro
625 2530 701 2568 eum
717 2517 813 2566 aueto-
850 2515 929 2578 lungo
946 2530 1004 2566 eum
1025 2519 1097 2567 suriel
1121 2518 1296 2580 intabuissent,
1324 2534 1382 2570 uon

286 2596 363 2644 ritate
390 2594 464 2642 caret
488 2594 516 2641 et
539 2593 628 2655 ipsum
652 2589 763 2654 quidem
784 2603 810 2638 v.
851 2602 912 2640 cunr
930 2589 1070 2641 aliisremel
1086 2593 1192 2658 depone.
1205 2619 1234 2630 -
1247 2595 1384 2646 uranum

286 2671 376 2720 minue
391 2670 484 2731 aptum
501 2669 544 2716 est
559 2668 714 2729 propterea,
739 2663 813 2728 quod
848 2663 966 2727 libidinis]
975 2661 1105 2735 apatirion,
1115 2666 1277 2718 laminarum
1285 2681 1382 2721 amore

285 2755 340 2793 non
358 2741 532 2803 significatur,
551 2752 603 2802 qua
620 2740 722 2788 ratione
738 2751 813 2788 emesa
850 2739 1000 2789 ardentem.
1021 2767 1048 2777 -
1072 2740 1225 2802 Ariminen,
1254 2742 1382 2794 Umbriae

286 2818 321 2868 sit
341 2812 473 2873 medulla,
500 2813 641 2861 utcontra
665 2809 737 2874 apud
760 2813 812 2861 Ca·
850 2813 988 2877 oppidum.
1009 2839 1037 2850 -
1056 2815 1143 2880 otiosa]
1162 2819 1192 2864 ut
1208 2819 1381 2868 erantGrae-

286 2888 342 2940 tull.
361 2887 406 2945 66,
425 2885 472 2935 23:
500 2885 563 2934 Cum
580 2885 682 2945 anum
702 2889 813 2934 moestus
851 2886 914 2948 ouli;
943 2901 1029 2950 eoque
1052 2889 1140 2952 cupidi
1161 2889 1254 2940 talium
1272 2905 1382 2942 sermo-

285 2963 368 3014 metr
389 2973 454 3010 euro
473 2958 603 3009 mullus.
638 2961 747 3010 derecta
764 2974 813 3010 au·
851 2975 929 3023 num,
961 2959 1117 3033 περιιόντες
1142 2958 1239 3015 αὐτῶν
1264 2965 1381 3017 πυνθά-

285 3038 341 3086 tem
362 3035 424 3083 ideo
444 3035 574 3094 otiosum,
601 3033 674 3096 quod
695 3033 812 3084 medulla
849 3035 952 3086 νεσθαι
964 3033 1119 3100 (εἰωθότες)
1133 3036 1261 3104 «λέγεται
1273 3054 1380 3091 rezne-

287 3114 314 3161 et
331 3110 446 3160 iocinore
465 3107 542 3158 aliter
557 3121 640 3172 quam
651 3122 666 3157 e
679 3109 811 3159 nudavere
849 3105 935 3169 νόνς»
955 3112 1101 3174 (Demosth.
1116 3111 1226 3177 Philipp.
1243 3115 1273 3174 i,
1294 3116 1334 3164 ⁴⁰.
1348 3129 1375 3179 p.

288 3186 392 3236 mixtis
408 3185 516 3234 omnino
532 3185 570 3232 nti
587 3197 651 3246 sagn
668 3198 722 3234 non
739 3187 813 3248 pote-
849 3183 937 3247 ian.)
952 3186 1380 3249 rEtinmfabuloeodiotaestNea-

286 3263 336 3312 ret.
371 3257 479 3323 Aliquot
495 3258 609 3308 Codices
625 3264 729 3318 anustn3
749 3273 812 3323 pro·
849 3257 929 3321 polis,
956 3259 1028 3322 qnod
1046 3274 1061 3309 a
1079 3260 1161 3312 rebus
1181 3261 1310 3324 gravibus
1330 3277 1379 3312 ra—

286 3337 356 3386 xime
369 3335 403 3384 ad
420 3336 542 3384 nostrum
553 3347 578 3382 v.
589 3334 694 3384 aceedit
704 3345 813 3382 eunuco
850 3336 924 3382 caret
940 3335 967 3383 et
981 3333 1076 3385 iabulis
1087 3335 1264 3398 indulgeret.»
1281 3339 1376 3388 Senon.

286 3423 308 3460 a.
326 3422 433 3469 eeeuau,
460 3421 514 3471 quo
535 3421 561 3456 v.
579 3419 645 3458 nsua
666 3409 709 3456 est
728 3408 812 3466 Quin·
850 3407 936 3458 Livius
955 3408 985 3468 8,
1004 3409 1045 3458 22.
1070 3408 1281 3473 Palaepolitanos
1298 3415 1379 3461 uomt

285 3483 403 3541 titianus,
431 3481 565 3544 habetque
586 3479 703 3543 aliquam
719 3483 813 3530 aucto-
848 3487 945 3545 penum
961 3482 1049 3545 unqua
1059 3485 1140 3547 napis
1155 3489 1286 3534 strenuum
1300 3499 1377 3547 quim

286 3556 558 3608 ritatemoCodd.-·
576 3556 813 3617 Amoris--poeu-
847 3555 930 3620 suetis.
959 3555 1109 3606 Ovidliet.
1131 3558 1175 3618 tit,
1199 3559 1261 3608 ill:
1280 3560 1307 3608 in
1324 3562 1378 3609 otiu

286 3631 346 3696 laun]
363 3633 395 3680 ut
410 3631 495 3694 Epod.
515 3632 559 3690 ti,
577 3631 623 3680 80:
650 3631 812 3692 Desideriqua
849 3635 938 3680 umora
959 3631 1137 3692 Parthenopen.
1173 3630 1251 3682 Silius
1270 3634 1316 3694 ia,
1335 3634 1375 3684 3⁴.

285 3713 426 3769 tnuperare
440 3706 545 3767 poeula,
563 3703 694 3775 φίλτρον.
713 3705 812 3754 liuius-
849 3705 913 3754 item
931 3703 965 3754 de
977 3703 1101 3768 Neapoli:
1130 3707 1204 3756 li'uua
1219 3707 1377 3756 maeuii

287 3781 393 3833 oemodi
409 3783 500 3829 autam
516 3781 639 3843 potiones
656 3791 738 3841 sagae
750 3792 813 3829 oon-
849 3779 912 3828 ntra
936 3783 964 3827 ot
984 3791 1032 3839 que
1053 3779 1152 3842 bospite
1172 3781 1253 3830 Musis
1276 3782 1335 3831 Otto
1355 3787 1377 3831 et

287 3853 583 3916 finiebantplerumque
601 3867 633 3904 ex
649 3853 812 3916 mandrago-
848 3858 990 3914 annuntiem
1009 3855 1076 3902 euris
1091 3855 1251 3917 mnumribue
1276 3869 1376 3905 maen.

285 3943 329 3990 ra,
351 3929 473 3993 quivino
490 3926 626 3978 relocato
647 3927 809 3978 diluebatur.
850 3953 879 3964 -
898 3939 969 3976 mnne
984 3927 1108 3991 euterun]
1132 3926 1255 3992 Neapoli,
1275 3932 1305 3978 ut
1325 3932 1377 3978 Pu-

284 4001 371 4053 schol.
390 4001 454 4052 Plat.
474 4001 522 4052 Ed.
541 4006 648 4053 nostrae
661 4015 688 4066 p.
701 4003 760 4052 aar.
779 4003 808 4051 B.
850 3999 924 4060 leoli,
945 4002 1048 4065 Capua,
1068 4003 1183 4064 Cumae,
1207 4003 1375 4054 Surrentum.

316 4075 405 4127 aa-ii.
429 4076 602 4140 interminato]
621 4090 636 4124 a
653 4089 678 4124 v.
697 4077 809 4136 minari,
880 4075 969 4127 iii-itt.
988 4077 1133 4139 amentata]
1157 4079 1253 4128 «cantu
1271 4079 1375 4141 magico

285 4149 454 4210 «interdicto,
473 4151 581 4200 vetito.»
606 4151 712 4199 Terent.
726 4149 808 4199 Andr.
849 4163 863 4199 e
882 4149 992 4201 sedibus
1010 4152 1066 4202 auis
1084 4154 1182 4202 mota.»
1200 4151 1374 4216 x11.Tab.p.

284 4224 312 4282 ³,
332 4225 362 4284 2,
382 4225 427 4273 lii:
447 4225 703 4285 immunditiarum,
721 4238 753 4273 ne
767 4225 810 4288 se·
848 4223 905 4275 i3l.
920 4225 1017 4276 Dirks.:
1032 4227 1094 4286 (iifl.
1108 4225 1241 4278 Fiil'GliS.
1256 4227 1375 4276 ΜΘΗ·
