2934 4884
445 343 503 392 iiii.
522 343 563 391 lll.
601 341 628 391 C·
649 341 735 392 xxiv.

212 495 413 584 Tyrrhenum
435 517 530 562 omne
553 497 615 562 iuis
638 505 670 562 et
692 515 781 561 mare
804 495 988 583 Apulioum

65 668 77 687 ¹
171 656 203 719 Si
224 654 292 741 figit
312 654 533 720 adamantinos

209 775 347 842 Summis
370 775 545 842 verticibus
567 775 637 841 dira
659 775 841 841 Necessitas

171 895 298 971 Clavus,
323 917 387 962 non
408 896 549 962 animum
572 905 675 970 metu,

207 1019 278 1083 Non
300 1017 410 1083 mortis
434 1016 560 1104 laqueis
582 1016 737 1102 expedies
764 1026 869 1102 caput.

168 1176 371 1262 Campestres
393 1173 509 1240 melius
531 1173 686 1264 Scythae,

148 1351 429 1416 spammeticus,
438 1351 769 1414 permanebimus.
782 1351 924 1414 (Apuliam
935 1353 1082 1403 firmatura
1094 1367 1137 1404 se-

116 1429 188 1492 ptem
199 1428 316 1479 Pottierii
328 1427 427 1488 Codd.‚
440 1440 493 1477 uno
502 1426 630 1491 Cruquii.)
643 1455 669 1462 -
683 1428 707 1477 a.
720 1426 757 1490 St]
769 1428 811 1476 Sic
821 1426 939 1478 malebat
945 1427 1029 1478 Bentl.
1039 1431 1131 1478 contra

117 1502 197 1552 libros
207 1506 296 1553 notos.
311 1529 339 1539 -
361 1503 388 1552 Si
399 1504 502 1552 summis
513 1503 691 1552 admuntisos
701 1503 768 1566 Fipii
777 1504 911 1554 verticibus
921 1505 980 1566 Ant,
994 1505 1072 1568 quasi
1083 1503 1137 1554 ele-

116 1579 234 1640 gantiore
243 1578 450 1628 constructione.
464 1603 490 1613 —
510 1577 534 1626 6.
546 1577 613 1626 dura
623 1576 893 1629 malabatBentleius.
908 1605 936 1615 -
950 1579 974 1628 7.
988 1579 1095 1629 OEossm
1105 1580 1133 1628 T.

88 1735 147 1785 item
156 1733 318 1796 volutus,
329 1735 353 1796 6,
365 1735 420 1794 i0.;
435 1748 512 1784 sacca
519 1735 551 1785 N.
562 1747 607 1784 vo-
643 1733 728 1786 moles
739 1736 801 1786 iacit
812 1736 949 1801 aedesque
961 1739 1088 1798 exstruit,
1107 1749 1170 1787 nec·

88 1809 299 1870 caturOd.t‚3it‚
314 1809 607 1872 ti.-'l'otamimagi-
643 1810 750 1873 opinato
792 1812 947 1876 supervenit
981 1811 1167 1882 Εἱμαρμένη,

87 1896 145 1933 nem
157 1883 262 1946 egregie
275 1881 389 1934 illustrat
401 1883 541 1947 speculum
553 1883 614 1952 Od-¹
640 1876 780 1950 Ἀνάγκη,
806 1883 949 1948 clavosque
966 1899 1046 1947 suos,
1070 1884 1168 1948 quibus

87 1958 191 2010 dianam
206 1960 277 2024 apud
288 1958 497 2022 Vermigliolium
509 1960 605 2023 (laerta
643 1957 707 2007 nihil
732 1960 858 2009 resistere
883 1961 986 2022 potest,
1016 1960 1043 2008 in
1060 1959 1169 2009 aedium

88 2035 204 2098 varagine
220 2035 248 2084 T.
267 2036 286 2084 i.
306 2047 366 2098 pag.
385 2033 425 2084 ia.
444 2033 492 2084 Ed.
511 2047 551 2098 pr.
571 2033 604 2084 ci.
643 2030 759 2082 culmine
776 2031 845 2094 figit,
864 2032 972 2082 domino
989 2031 1070 2082 veluti
1085 2031 1170 2082 accla-

87 2120 162 2171 supra
178 2121 239 2172 pag.
260 2107 344 2170 iiiii.);
371 2106 443 2158 unde
465 2109 514 2158 rite
536 2106 608 2158 oolli-
643 2119 737 2156 mans:
757 2107 902 2168 Hucusque
921 2119 972 2156 nec
988 2105 1071 2165 ultra;
1092 2107 1170 2157 adest

85 2183 151 2244 gitur
169 2180 254 2232 simile
272 2181 380 2243 aliquod
397 2182 461 2231 artis
479 2194 547 2246 opus
564 2179 606 2232 vel
643 2181 696 2230 iam
714 2179 761 2229 tibi
779 2180 910 2230 terminus
923 2177 1007 2230 letalis
1019 2183 1041 2228 i»
1057 2209 1085 2218 -
1102 2194 1170 2229 mor-

87 2257 161 2306 etiam
176 2255 266 2306 iocum
277 2258 373 2320 poetae
386 2257 479 2306 Graeci
491 2255 606 2306 eandam
642 2255 674 2306 tis
693 2254 801 2316 mosea]
820 2256 911 2316 imago
928 2256 970 2303 est
987 2255 1067 2305 etiam
1078 2255 1168 2318 po'e‘sis

85 2330 225 2393 imaginem
243 2329 419 2393 praebentem
436 2330 535 2380 Horatii
552 2331 607 2380 ani-
642 2328 786 2380 orientalis.
827 2328 954 2379 Proverb.
983 2329 1031 2390 ti,
1057 2329 1089 2378 6:
1120 2329 1169 2388 Qut

86 2415 127 2453 mo
140 2403 314 2453 obversatum
332 2416 402 2453 esse.
432 2401 498 2454 illud
516 2406 606 2454 tamen
641 2409 779 2469 congregat
793 2405 922 2454 muros
935 2403 1024 2467 tingite
1034 2403 1168 2462 mmdocit,

86 2476 606 2542 probabilius;namvelspeculumillud
640 2492 722 2529 cassis
746 2483 769 2528 et
793 2490 883 2528 arcora
906 2482 942 2528 est
966 2482 990 2526 et
1015 2478 1170 2541 mpstgeior
1231 2515 1236 2522 .

87 2549 216 2601 horribilis
233 2551 325 2601 nescio
342 2551 407 2614 quid
424 2550 507 2601 habet
522 2549 606 2602 subli-
642 2553 676 2602 od
701 2553 804 2615 tapetem
835 2552 942 2613 mortis,
971 2550 1168 2603 inextricabiles

87 2625 188 2675 nitatis.
217 2651 245 2661 -
272 2625 382 2675 &usmis
405 2625 537 2675 smidhes
563 2639 607 2675 ex·
642 2629 740 2678 retium
757 2629 814 2678 eius
836 2639 929 2678 nexus.
966 2626 1013 2689 ilie
1039 2626 1167 2677 indorum

85 2697 362 2761 piioodererticinus
382 2696 606 2763 malignissimi·
643 2703 743 2762 Yamo,
774 2705 819 2765 qni
842 2701 995 2752 hominibus
1017 2703 1097 2752 morti
1120 2701 1170 2750 ad-

84 2789 170 2836 μασιν
198 2775 306 2824 aedium
333 2775 375 2837 (ut
402 2775 474 2840 apud
495 2774 604 2827 Martial.
644 2776 721 2826 dictis
747 2775 858 2839 laqueos
886 2776 968 2825 iniicit
992 2775 1025 2826 ci.
1056 2773 1168 2833 Bostar,

86 2846 111 2906 8,
123 2847 168 2909 36,
182 2848 213 2897 7:
237 2848 344 2897 Aethera
360 2849 395 2897 air
412 2849 504 2910 irruat,
523 2849 608 2898 nitidis
643 2851 697 2900 lod.
717 2851 777 2900 Gai.
796 2852 827 2900 ΙΙ.
846 2863 873 2914 p.
894 2851 960 2911 isa.)

85 2925 111 2968 ui
125 2923 239 2971 concites
250 2922 325 2971 astris
335 2922 456 2985 Inferiore
467 2927 533 2972 tonet
543 2923 607 2973 subs
676 2924 700 2974 9.
721 2925 762 2974 io.
781 2925 942 2988 Campestres]
961 2926 1017 2974 iarn
1028 2925 1169 2987 corruptae

85 3008 181 3046 uranus
191 3009 267 3058 apen.
281 2999 309 3046 et
319 3011 345 3046 v.
358 2997 403 3045 ti:
423 2997 544 3048 Caesaris
557 2997 607 3047 do·
644 2999 755 3049 suorunl
780 2996 949 3062 popularium
972 2999 1043 3047 vitae
1065 2999 1169 3060 poetice

85 3081 141 3119 mus
150 3071 244 3120 amice
253 3071 337 3120 sidem
344 3071 461 3134 pisiam),
480 3084 533 3122 non
545 3086 607 3123 cum
645 3071 680 3136 (id
706 3071 778 3134 quod
804 3071 914 3120 minime
939 3069 1168 3129 obliviscendum

86 3142 139 3194 aliis
162 3145 197 3195 de
222 3145 352 3209 capitibus
375 3145 512 3206 humanis,
539 3159 608 3210 quo-
644 3145 720 3196 aliter
746 3145 818 3194 enim
835 3145 940 3194 Tacitus
962 3157 1025 3195 cum
1042 3146 1171 3194 Romanis

87 3231 142 3268 rum
160 3220 260 3270 mirum
277 3217 409 3269 ἐπίθετον
423 3223 609 3272 essetasmmis
644 3220 786 3270 committit
811 3219 964 3281 Germanos)
992 3219 1102 3281 opponit
1129 3219 1170 3268 in-

85 3293 161 3355 aique
179 3295 234 3342 tota
251 3294 338 3356 imago
361 3293 529 3354 foedissima;
557 3309 608 3346 nec
644 3294 850 3344 nocentissimos
859 3293 1020 3356 Scytharum
1032 3293 1170 3342 Getarum-

85 3365 178 3417 melius
204 3367 377 3418 Sanadonus:
407 3369 429 3418 ta
452 3369 514 3432 saite
535 3371 565 3419 de
582 3371 609 3420 ta
644 3379 697 3431 que
723 3379 828 3427 mores,
855 3367 902 3430 qui
922 3363 997 3416 locus
1019 3368 1078 3415 erat
1094 3378 1169 3416 com-

84 3443 220 3503 graodeur,
233 3442 387 3506 tcasortuosr
396 3444 495 3506 inspius
502 3445 606 3506 atessam
644 3442 732 3492 munis
751 3442 832 3491 etiarn
849 3439 922 3504 apud
938 3438 1082 3503 sophistas.
1122 3440 1170 3492 Dio

85 3529 169 3579 neque
195 3529 260 3566 vero
285 3515 395 3568 Bentleii
422 3521 449 3568 et
474 3519 541 3568 lxiii
565 3519 608 3582 (ad
645 3516 783 3578 Chrysost.
810 3515 854 3564 Or.
882 3515 922 3564 69.
945 3527 971 3577 p.
991 3513 1048 3564 7⁴8.
1072 3515 1169 3577 Empt

87 3590 236 3640 vastritium
254 3591 329 3654 Spur.
349 3605 376 3654 p.
395 3591 445 3654 90.)
476 3593 608 3656 interpre-
645 3584 757 3640 astam
775 3584 847 3655 γοῦν
864 3583 948 3640 οὐδὲν
964 3583 1125 3638 κωλύονται
1141 3589 1172 3638 ot

85 3665 211 3715 tationem
227 3665 342 3728 probare
359 3679 484 3734 possum:
514 3668 609 3716 «Verti-
644 3659 768 3728 νομάδες
784 3659 859 3728 μήτε
876 3665 970 3726 οἰκίας
984 3655 1101 3725 ἔχοντες
1111 3659 1171 3727 μή-

84 3752 121 3788 ces
145 3739 211 3788 dixit
238 3740 325 3804 capita
359 3739 510 3800 clavorum,
540 3753 608 3803 quos
644 3751 674 3788 τε
691 3735 747 3805 γῆν
773 3739 939 3809 σπείροντες
961 3731 1172 3802 diomedeam

85 3813 232 3864 Necessitas
245 3819 307 3863 totos
319 3813 409 3876 infigit.
434 3815 608 3865 Ssmmisoor-
644 3811 763 3875 δικαίως
787 3813 837 3863 καὶ
859 3808 935 3862 κατὰ
957 3807 1068 3876 νόμους
1090 3810 1172 3861 πολι-

84 3887 169 3936 tictbus
193 3887 265 3938 enim
289 3891 330 3938 cst
355 3888 472 3949 dativus,
500 3889 526 3938 id
553 3891 606 3950 est,
644 3885 790 3939 παύεσθαι.
819 3889 920 3937 tiorum
932 3887 1092 3949 Scytharum
1111 3899 1172 3936 mo-

84 3973 168 4023 nsque
194 3961 229 4012 ad
254 3963 378 4026 capitam
413 3963 440 4011 at
464 3975 508 4012 res
537 3975 608 4012 nunc
645 3976 688 4014 res
706 3961 807 4026 probos
823 3964 904 4024 atquc
921 3960 1057 4025 simplices
1071 3961 1171 4023 optime

85 4034 154 4083 clara
167 4039 209 4085 est
220 4050 252 4086 ex
264 4035 374 4100 speculo
386 4034 429 4086 illo
442 4037 562 4087 Etrusco.
578 4064 605 4073 -
645 4035 802 4088 describunt
813 4037 986 4099 Hippocrates
997 4035 1031 4085 de
1043 4039 1106 4083 aiire
1118 4037 1169 4083 cet.

85 4111 148 4158 Tota
160 4113 249 4160 autem
267 4111 354 4174 imago
373 4111 411 4160 sic
427 4111 605 4162 informanda:
646 4114 664 4161 i.
684 4111 760 4161 liiihn
777 4125 805 4174 p.
824 4111 882 4160 556.
903 4111 930 4159 et
946 4111 1078 4171 scymnus
1091 4109 1172 4158 Chius

85 4185 169 4235 «Dum
193 4186 274 4236 homo
300 4184 342 4236 ille
365 4184 483 4250 locuples
500 4185 607 4237 assidue
645 4199 670 4235 v.
690 4186 748 4235 856.
768 4184 815 4235 Ed.
837 4186 977 4235 Leironne.
996 4183 1077 4232 Paris.
1098 4182 1170 4234 isit.
