2934 4884
664 345 795 395 llOliA’l'll
811 346 979 399 cacumen

449 502 518 566 Non
541 510 572 567 te
594 499 778 587 Penelopen
800 500 961 568 difficilem
982 502 1090 589 procis

533 620 718 709 Tyrrhenus
741 623 852 709 genuit
872 643 999 711 parens.

448 781 476 847 Ο
499 780 646 867 quamvis
669 800 777 867 neque
798 790 829 846 te
851 801 986 847 munera
1007 801 1069 849 nec
1090 802 1205 870 preces

447 902 513 967 Nec
535 900 651 968 tinctus
672 901 757 967 viola
779 900 882 989 pallor
900 903 1074 970 amantium

448 1024 515 1089 Nec
536 1022 585 1087 vir
605 1022 711 1089 Pieria
732 1021 847 1109 pellice
871 1025 1002 1091 saucius

534 1145 666 1221 Curvat,
690 1143 891 1232 supplicibus
914 1146 976 1211 tuis

448 1305 581 1382 Parcas,
605 1324 667 1371 nee
689 1303 793 1392 rigida
814 1302 940 1371 mollior
961 1304 1092 1372 aesculo

446 1428 513 1492 Nee
533 1425 652 1492 Mauris
675 1426 816 1492 animum
837 1426 944 1491 mitior
966 1426 1133 1513 anguibus.

446 1548 516 1613 Nou
537 1547 600 1613 hoc
622 1568 753 1634 semper
774 1546 836 1613 erit
855 1546 973 1614 liminis
995 1559 1050 1614 aut
1071 1568 1175 1636 aquae

533 1666 688 1735 Caelestis
709 1668 836 1755 patiens
857 1668 949 1734 latus.
1321 1672 1367 1737 20

344 1831 383 1880 u.
401 1828 496 1891 parcre
516 1830 550 1891 n,
574 1828 653 1891 pnes
671 1827 772 1878 usuca.
797 1853 824 1865 -
845 1831 885 1879 rs.
903 1831 989 1880 auem
1005 1829 1068 1880 nro.
1087 1800 1148 1894 (nun
1165 1830 1242 1893 usu.)
1276 1832 1332 1883 «ux

312 1904 435 1955 omuibus
453 1906 550 1955 uostris
570 1904 665 1953 unicus
682 1906 843 1954 Graecianus
860 1902 901 1968 (β)
918 1906 1036 1968 agnoscit
1056 1905 1201 1955 uum.»
1233 1907 1329 1957 Brm.

314 2007 341 2016 -
361 1980 401 2029 49.
419 1980 485 2044 Nee]
502 1980 554 2029 Nec
570 1979 590 2028 Τ
606 1976 678 2030 solus
695 1978 764 2028 iuter
780 1991 865 2030 meos.

313 2121 353 2170 ll.
364 2121 404 2170 42.
419 2120 554 2182 Penelopes
570 2120 632 2183 cci]
648 2132 733 2183 «quae
744 2119 803 2169 iure
840 2120 972 2169 ωευίοὶω.
986 2116 1110 2183 Calpuru.
1120 2118 1175 2170 Ecl.
1186 2120 1216 2181 9,
1229 2120 1275 2171 lo:
1293 2122 1368 2171 Eiron

282 2208 331 2245 suo
339 2196 460 2259 difficilis,
472 2208 566 2260 aspere
579 2195 636 2245 erat
646 2194 735 2258 procis
745 2206 805 2244 ees·
840 2194 911 2242 nulia
920 2208 991 2244 meuc
1001 2199 1025 2244 te
1034 2196 1115 2258 caepit
1124 2208 1188 2243 wa
1198 2195 1297 2255 mcclx
1309 2197 1368 2245 Pul-

281 2283 333 2333 que
345 2283 398 2320 uon
411 2272 468 2321 siue
481 2270 634 2334 contemptu
647 2282 701 2319 ase
713 2282 803 2318 remo-
840 2268 915 2317 lidior
928 2268 996 2318 bruco
1005 2269 1135 2329 curaque
1144 2269 1284 2319 nmium
1294 2284 1365 2321 οπο.

280 2344 370 2394 vebat.
392 2346 430 2394 Tu
445 2357 511 2394 vcro
527 2344 601 2394 tenui
619 2355 649 2393 cs
660 2344 717 2392 oria
729 2341 801 2404 loco,
839 2340 933 2393 libuli.
947 2344 972 2404 l,
984 2344 1009 2404 8,
1022 2345 1066 2393 δῖε
1085 2344 1235 2394 &duim
1245 2344 1299 2395 icio
1309 2359 1369 2395 ecn-

280 2417 332 2469 filia
361 2420 464 2469 Etrusci
498 2419 606 2470 alicuius
640 2418 802 2477 adveuaw
836 2430 905 2477 pera
919 2418 995 2481 iinpit
1007 2431 1088 2467 muer.
1116 2418 1369 2481 Cynthiemnmiius

280 2494 429 2544 cuiusmodi
445 2494 567 2545 homiues
582 2495 651 2544 iuter
661 2491 710 2542 alia
723 2505 804 2555 quee-
837 2491 933 2553 pallere
949 2492 1043 2541 colem
1053 2492 1206 2555 dixilProp.
1220 2493 1244 2552 l,
1258 2494 1303 2555 ⁴5,
1320 2494 1365 2543 39.

280 2566 365 2617 stieuli
383 2581 481 2630 genera
503 2567 664 2619 exercebant
680 2568 803 2630 haruspi·
873 2566 913 2615 45.
933 2566 973 2615 46,
993 2566 1101 2630 Prima]
1118 2565 1298 2617 Macedonica.
1317 2569 1367 2618 Di-

280 2642 367 2691 cinam
385 2640 589 2702 clandestinum,
608 2640 722 2692 hariolos
738 2655 803 2704 agc—
841 2643 913 2690 cium
930 2642 973 2691 est
989 2643 1018 2692 ui
1034 2643 1148 2703 musa,
1172 2642 1261 2692 Cressa
1276 2656 1311 2692 ac
1327 2643 1367 2694 si-

280 2715 345 2766 beut
366 2718 418 2765 cei.
453 2718 595 2767 Praeterea
617 2716 719 2766 Etrusci
739 2729 804 2779 pro-
840 2715 912 2765 milia
936 2716 970 2767 de
996 2715 1087 2767 talium
1108 2714 1293 2767 ibeuinnmm
1313 2731 1366 2781 pa·

279 2792 340 2855 pier
363 2791 433 2839 vitae
460 2789 597 2841 mollitiem
618 2803 652 2840 ae
672 2788 802 2841 luxuriam
840 2792 903 2852 tria,
921 2804 1009 2854 neque
1026 2790 1100 2852 ideo,
1125 2789 1198 2854 quod
1215 2792 1302 2841 Pieria
1318 2805 1366 2842 se·

281 2864 374 2915 famosi
391 2867 475 2914 erant.
505 2865 558 2914 Cir.
577 2865 672 2915 Athen.
691 2865 735 2925 ⁴2,
760 2863 800 2915 ll.
840 2864 889 2917 des
905 2867 947 2915 esi
962 2867 1111 2926 Musarum,
1130 2878 1192 2915 cum
1209 2864 1267 2915 aliis
1278 2866 1367 2915 inier-

282 2939 414 3001 originem
426 2938 563 2989 dumtaxat
571 2941 656 3002 Lycas
668 2940 801 2999 extenuat,
841 2939 1001 3004 pretendum
1025 2943 1067 2991 esi
1091 2940 1125 2989 de
1152 2940 1256 2989 musica
1284 2940 1366 2991 huius

282 3025 370 3076 neque
387 3011 459 3063 aliud
476 3014 545 3063 inest
555 3013 693 3077 probrum.
724 3015 804 3065 Cete-
840 3014 954 3085 ἑταίρας
979 3017 1045 3065 arte.
1071 3041 1098 3051 -
1120 3014 1228 3078 samm]
1255 3027 1363 3076 amem,

281 3099 341 3136 rum
359 3088 394 3137 iia
411 3086 445 3137 de
464 3101 495 3137 ea
511 3086 639 3153 loquitur,
665 3090 803 3153 umquam
838 3088 1366 3153 utvug.nen.i,i.-cinuat]sonsu

281 3162 303 3211 si
320 3161 392 3211 diviti
409 3162 530 3214 lihcrliue
549 3167 629 3227 nupia
641 3166 725 3225 eusci,
743 3177 803 3213 nra-
840 3165 952 3228 figurato
963 3164 990 3213 h.
1000 3163 1017 3213 l.
1028 3164 1240 3215 loriasseunieo:
1254 3164 1306 3214 «ad
1316 3166 1366 3215 mi·

282 3238 352 3289 xime
363 3242 473 3303 propter
484 3252 570 3289 nenses
580 3238 644 3289 illud
654 3252 679 3288 v.
693 3240 716 3289 6.
740 3240 804 3301 (Siu-
840 3239 1012 3289 ser-icordiam
1023 3240 1120 3297 flectit,
1137 3240 1254 3288 movet»
1274 3240 1365 3289 Naxus

281 3310 378 3375 guaris
398 3311 545 3377 Penelopae
561 3326 670 3365 anseres
688 3326 803 3379 pascen—
840 3314 1366 3375 autemseuteutiarumhicesizcouem-

282 3386 314 3437 tis
336 3388 423 3451 imago
447 3390 488 3437 esi
512 3389 539 3437 in
559 3388 679 3438 Gerhard
701 3389 755 3451 Ges.
775 3402 801 3438 u.
840 3390 1036 3453 quumhmncei
1053 3386 1116 3440 nihil
1136 3391 1162 3438 ie
1185 3388 1221 3438 ad
1241 3401 1365 3439 amorem

283 3462 405 3511 lumel.
424 3461 452 3511 T.
471 3462 546 3525 xiii.)
840 3465 936 3526 flectit,
954 3467 1043 3515 iumen
1054 3464 1136 3515 veluti
1149 3466 1198 3514 doc
1216 3465 1362 3521 miserere.

314 3533 354 3585 ll.
373 3537 464 3585 tinette
478 3536 557 3601 nolu]
582 3536 690 3587 scolere
706 3535 801 3600 violae,
839 3553 943 3604 precer,
962 3540 1088 3590 amatoris
1104 3541 1142 3589 tui
1158 3538 1313 3605 supplicis.»

280 3607 414 3660 λευκοΐου
431 3609 495 3659 lutei
511 3608 553 3660 vel
571 3610 655 3661 albi.»
689 3610 802 3662 Achiles
873 3615 961 3665 lii-20.
979 3615 1261 3679 lasciv-unwan]
1273 3616 1362 3665 utOd⁴

280 3686 335 3735 Tei.
355 3684 379 3733 3.
396 3698 423 3748 p.
436 3682 475 3734 cl.
489 3684 598 3734 leeohs:
618 3678 684 3736 οὔτε
700 3682 735 3735 τὸ
746 3681 803 3736 τῶν
841 3690 869 3751 i,
887 3690 933 3749 22,
951 3690 981 3739 2:
1005 3691 1104 3740 Macris
1118 3690 1216 3739 iaculis
1235 3690 1366 3739 -Non-

282 3752 446 3823 ὀφθαλμῶν
474 3750 566 3820 ἄνθος
596 3757 674 3809 ἐστὶν
700 3754 802 3832 ἀμέρι-
838 3764 943 3828 semper]
961 3764 1067 3827 «ltaque
1088 3763 1147 3825 flet,
1170 3765 1201 3812 ut
1222 3776 1289 3828 prae
1307 3766 1363 3813 iae-

279 3849 368 3898 μνον,
395 3826 456 3883 ἀλλ’
474 3826 551 3882 ἔοικε
574 3838 635 3896 τοῖς
657 3828 723 3905 ἄρτι
744 3852 802 3900 μα-
840 3836 1037 3901 diealiquundo
1053 3840 1080 3887 te
1098 3837 1248 3889 deseram.»
1268 3866 1296 3874 -
1309 3838 1362 3900 ior]

279 3908 461 3979 ραινομένοις
482 3904 547 3970 ἴοις.
582 3908 692 3972 Egregie
714 3910 802 3959 imite-
840 3922 973 3961 «meum».
991 3911 1050 3961 vid.
1064 3911 1099 3961 ed
1115 3912 1168 3961 Sat.
1183 3912 1212 3972 l,
1230 3912 1260 3971 9,
1279 3911 1321 3963 ln.
1333 3936 1360 3946 -

279 3984 321 4034 lus
344 3984 385 4035 esi
407 3984 530 4033 Patrarca
553 3983 611 4033 Son.
636 3984 654 4033 l.
675 3982 736 4032 487:
765 3985 802 4034 Ue
838 3984 1019 4050 limnisiuimis
1042 3985 1109 4035 duri.
1130 4012 1158 4021 -
1176 3998 1261 4046 uquuc
1278 3986 1363 4037 Cucio-

275 4057 714 4118 paiierdieiolued'amertirce.
746 4058 799 4109 Cir.
838 4059 1019 4123 caluppa
1038 4059 1147 4119 istim:
1175 4060 1360 4111 &mirr-

280 4130 355 4180 Voss.
376 4132 409 4182 ad
427 4133 495 4196 Virg.
516 4130 569 4183 Eel.
583 4133 612 4193 2,
631 4132 676 4183 li:
701 4133 802 4183 Pallen-
834 4134 922 4196 plorat
938 4148 1027 4196 aquus.
