2934 4884
674 329 803 379 nonnuli
821 327 990 378 cantilauit

660 797 1000 862 cmxl·

456 969 542 1051 Quid
564 967 739 1035 bellicosus
762 965 923 1033 Cantaber
943 976 976 1030 et
997 963 1149 1054 Scythes,

457 1090 590 1178 Hirpine
613 1088 738 1168 Quinti,
762 1087 880 1174 cogitet
902 1083 1022 1151 Hadria

499 1211 630 1276 Divisus
653 1209 800 1284 obiecto,
824 1207 967 1273 remittas

352 1385 394 1434 lll.
413 1378 495 1434 lusor.
513 1378 582 1443 volg.
608 1379 647 1429 Ad
664 1377 801 1440 Ostium
816 1403 844 1412 -
856 1375 895 1425 Ad
911 1375 1046 1436 llispinsen
1061 1387 1163 1423 moneas
1178 1387 1345 1435 mamaeam-

320 1471 367 1521 qoe
383 1457 486 1507 utilitati
502 1467 563 1505 suae
578 1453 746 1502 conndmli.
767 1479 794 1488 -
810 1449 1345 1511 Adoeimimllirpinummoaoasmaen·

320 1545 441 1594 quaeque
457 1527 671 1593 (nummosque
687 1525 714 1588 Ti
731 1551 745 1561 -
758 1525 906 1574 -conmlsre
921 1523 969 1574 hl'.
1000 1551 1027 1559 -
1053 1523 1091 1573 Ad
1113 1523 1243 1585 Quinam
1258 1523 1345 1584 nepe

319 1619 381 1654 num
398 1606 423 1654 S,
445 1629 473 1638 —
490 1603 528 1652 Ad
539 1601 668 1663 Quintium
683 1600 818 1661 llirptnsen
833 1611 935 1647 mnata
950 1597 1344 1660 nonmcopitationossostras

319 1681 346 1728 in
369 1681 493 1728 dmum
513 1677 647 1725 mittendos
670 1689 694 1726 c.
715 1700 743 1709 -
762 1673 786 1722 4.
805 1672 923 1722 σοηωὸον
942 1673 972 1722 Τ.
993 1699 1020 1708 -
1039 1672 1064 1720 4.
1084 1671 1183 1733 Quincti
1203 1673 1283 1722 LCtF.
1304 1673 1344 1732 (lit

320 1765 382 1814 nos,
401 1751 484 1802 nostri
501 1749 597 1811 codd.)
617 1777 644 1786 -
662 1749 743 1798 Adria
758 1745 802 1796 cd.

319 1901 362 1951 xl.
390 1899 524 1960 Qidutium
549 1899 703 1963 Hirpinum,
730 1896 813 1948 soda-
849 1907 927 1953 num‚
945 1897 975 1944 ut
991 1895 1058 1944 mire
1075 1893 1187 1958 quidam
1198 1893 1377 1946 calumniatus

286 1973 341 2024 lem
350 1987 438 2034 suum,
451 1974 486 2024 ad
497 1975 643 2039 sapientem
653 1973 722 2022 vitae
732 1985 812 2023 usum
850 1970 899 2020 est.
926 1995 955 2004 —
978 1969 1099 2032 ruritius]
1123 1971 1231 2018 lianore
1254 1982 1307 2020 usu
1326 1983 1377 2033 pro

288 2050 400 2100 comiter
423 2049 587 2099 adhortatur.
622 2049 680 2097 Nou
701 2059 812 2110 prorsus
851 2044 998 2094 «omittas»
1022 2043 1128 2093 Terent.
1146 2042 1229 2093 andr.
1247 2045 1277 2104 b,
1297 2045 1326 2104 4,
1344 2045 1375 2093 8:

287 2125 397 2188 quidem
415 2127 533 2182 certum,
557 2134 652 2172 verum
673 2120 812 2185 probabile
848 2119 917 2168 Nom
940 2120 962 2168 si
985 2120 1091 2182 coptus,
1119 2120 1234 2168 remittet
1257 2119 1312 2168 ium
1336 2133 1377 2168 nso

288 2203 343 2258 est,
373 2199 490 2248 eundem
513 2197 647 2257 Quintium
674 2209 748 2256 esse,
777 2194 813 2244 ad
849 2207 956 2243 namuro
978 2194 1087 2243 inlusio.
1129 2191 1224 2244 salust.
1248 2194 1304 2256 lug.
1328 2195 1374 2244 52:

288 2287 369 2337 quem
387 2273 458 2323 misit
474 2273 540 2336 Epp.
560 2271 590 2332 4,
611 2271 650 2320 lii.
670 2272 763 2332 Aeque
775 2269 814 2318 iu·
849 2269 927 2318 aciem
948 2273 1057 2317 erosnot
1075 2281 1155 2330 neque
1173 2268 1291 2329 revisitat,
1315 2271 1378 2330 quid

287 2352 390 2398 eertum
413 2350 454 2397 est
475 2345 673 2409 compositionis
691 2347 810 2406 tempus3
848 2342 939 2404 obtuse
954 2343 1030 2392 hostis
1046 2349 1146 2406 operat,
1164 2343 1310 2405 eeplorurs.

288 2423 399 2472 lortasse
411 2422 468 2470 448.
482 2423 527 2470 aut
538 2421 640 2470 initium
653 2419 713 2468 aas:
734 2431 812 2468 acum
881 2416 906 2468 4.
943 2417 1060 2480 trepides]
1090 2417 1166 2468 «Noli
1193 2416 1321 2468 sollicitus
1350 2423 1379 2468 et

288 2495 412 2546 Cantabri
430 2492 592 2544 rebellarent
609 2496 636 2542 et
647 2493 762 2554 Scythae
774 2492 813 2541 iu·
849 2493 941 2542 auxius
959 2506 1020 2543 esse
1031 2494 1058 2541 in
1070 2491 1231 2556 quaerendis
1244 2492 1329 2544 rebus
1340 2495 1378 2543 ad

288 2569 399 2631 stigaute
421 2569 533 2618 Phraate
556 2570 647 2618 ooutra
668 2566 811 2616 Tiridatem
848 2567 919 2616 vitae
940 2579 1020 2616 usum
1041 2569 1122 2629 atque
1142 2568 1377 2617 conservationem

287 2641 484 2706 expeditionem
505 2643 638 2703 pararent.
674 2639 722 2688 Od.⁴
741 2639 771 2698 3,
795 2640 811 2688 8
849 2641 1034 2692 necessariis.»
1053 2641 1101 2690 od.
1116 2641 1145 2699 3,
1164 2641 1208 2701 49,
1228 2641 1274 2690 3⁴:
1292 2643 1378 2692 liidet-

288 2718 359 2775 et·l,
379 2717 435 2765 ⁴9.»
462 2717 569 2764 Falsus.
598 2713 646 2764 Alii
664 2710 812 2764 retulerunt
849 2729 910 2777 qus,
934 2715 1087 2764 timortulis
1102 2715 1375 2777 uthalloatrspidut.

288 2790 323 2840 ad
347 2805 371 2839 a.
396 2789 453 2840 734.
491 2790 626 2851 (Ceterum
651 2788 810 2851 scripturam
850 2791 1031 2852 trepidaretis
1051 2803 1125 2838 unm
1141 2791 1183 2840 est
1200 2791 1292 2840 «anxie
1309 2803 1378 2854 pro-

288 2865 417 2926 Qainetius
449 2861 574 2927 praetulit
606 2864 633 2913 iu
667 2862 740 2912 livio
765 2859 812 2911 nl-
847 2865 940 2914 videre
958 2864 1045 2915 usui.»
1062 2865 1101 2914 De
1119 2877 1144 2913 v.
1163 2864 1291 2925 trepidam
1307 2878 1377 2916 eou-

272 2939 401 2988 'scheiski
419 2937 474 2988 Lib.
493 2938 522 2998 3,
542 2938 576 3002 4.)
848 2937 905 2989 sule
928 2941 1041 2988 Gronov.
1060 2941 1087 2988 et
1108 2937 1241 2988 Drakeub.
1265 2938 1300 2987 ad
1317 2941 1375 2990 Liv.

321 3014 345 3062 4.
373 3012 508 3076 dormiet]
534 3013 579 3062 diu
604 3010 719 3062 rebellis.
756 3011 809 3061 Cir.
848 3013 896 3073 47,
924 3014 951 3073 4,
979 3013 1003 3061 8.
1039 3014 1081 3062 Sic
1104 3012 1264 3064 πτοεῖσθαι.
1301 3013 1378 3064 Plato

287 3087 335 3152 Qd.
355 3089 385 3148 4,
405 3088 434 3148 6,
453 3089 477 3136 4.
509 3087 556 3136 Od.
575 3088 604 3148 3,
624 3088 653 3148 8,
672 3087 712 3136 44.
743 3087 809 3150 Epp.
849 3086 948 3137 Phaed.
967 3087 1007 3136 68.
1028 3089 1068 3138 C.:
1087 3082 1378 3158 τὸπερὶτὰςὲπιθυ-

288 3163 315 3222 4,
341 3163 383 3222 44,
406 3161 447 3211 46.
477 3189 505 3198 -
532 3161 639 3225 Scythes]
665 3162 707 3210 Sic
732 3163 811 3210 vocet
847 3162 917 3225 μίας
933 3156 975 3225 μὴ
993 3159 1164 3226 ἐπτοῆσθαι.
1186 3163 1261 3210 Usum
1271 3165 1374 3221 autem,

287 3234 398 3300 populos
424 3236 449 3286 in
474 3233 673 3299 septentrionali
696 3234 810 3285 Danubii
847 3238 877 3285 ut
894 3235 948 3285 Liv.
968 3236 997 3297 6,
1023 3237 1069 3286 45ε
1096 3249 1149 3295 quo
1171 3249 1293 3297 winone
1314 3250 1377 3285 suo-

287 3311 343 3374 ripa
360 3309 522 3371 habitantes,
542 3313 676 3361 Sarmatas
694 3311 721 3359 et
736 3307 812 3358 Gelo·
846 3324 905 3360 nen
928 3323 1020 3359 omum
1035 3323 1127 3359 comae
1141 3311 1244 3373 [ment.
1280 3312 1375 3374 Neque

286 3398 343 3435 nos.
371 3385 418 3434 Od.
437 3386 465 3445 4,
485 3384 514 3444 9,
533 3384 574 3434 43.
847 3399 913 3436 vero
930 3399 964 3434 ex
980 3386 1032 3435 hac
1049 3383 1166 3448 generali
1178 3386 1309 3435 sententia
1322 3386 1378 3435 col-

318 3461 342 3508 4.
354 3459 377 3508 3.
390 3460 495 3521 Hirpine
507 3457 599 3521 Quinti]
613 3458 712 3522 llirpini
722 3457 810 3506 adhuc
846 3459 891 3522 ligi
901 3461 992 3522 potest
1002 3460 1137 3519 Quintium
1146 3459 1228 3509 luisse
1237 3459 1376 3510 homiuem

286 3535 366 3594 ignoti
389 3534 415 3583 iu
438 3536 516 3595 gente
540 3534 651 3593 Quintia.
690 3533 812 3593 Hirpinus
848 3535 974 3584 contracti
1004 3547 1036 3584 ac
1063 3533 1151 3598 pusilli
1179 3535 1272 3594 animi,
1303 3537 1376 3584 euris

286 3619 350 3658 sane
362 3619 410 3670 pro
422 3621 498 3657 mero
510 3609 680 3670 cognomine,
700 3619 753 3656 non
764 3618 811 3668 po-
848 3622 957 3672 semper
973 3609 1132 3668 obnoxium,
1150 3613 1181 3659 ut
1192 3609 1286 3659 volunt
1296 3608 1377 3672 pleri-

286 3679 339 3744 puli
352 3681 471 3740 nomine,
491 3680 656 3741 habendum,
674 3683 704 3730 ut
714 3681 810 3731 usitata
848 3697 910 3747 que.
932 3687 1017 3734 lmmo
1035 3686 1061 3734 iu
1079 3684 1123 3734 tali
1140 3687 1197 3735 sine
1215 3683 1269 3734 ullo
1286 3683 1375 3733 lructu

286 3755 362 3804 erant
379 3754 460 3803 etiam
474 3755 574 3816 Antius,
594 3755 714 3816 Sabinus,
734 3755 812 3805 Sora·
848 3758 950 3809 abusus
966 3761 1040 3810 esset
1062 3760 1193 3810 eiusmodi
1210 3760 1377 3808 exhortatio-

285 3842 340 3878 nes.
360 3829 398 3878 De
416 3829 508 3878 ordine
532 3829 668 3880 nominum
691 3831 753 3880 vide
776 3829 810 3878 ad
849 3832 939 3893 nibus,
958 3833 1057 3896 quibus
1074 3832 1177 3884 indoles
1191 3835 1271 3896 atque
1284 3845 1376 3882 mores

285 3903 333 3954 Od.
360 3904 390 3963 4,
417 3903 448 3962 4,
475 3903 505 3952 3;
540 3905 625 3966 Crispe
650 3905 752 3954 Salutii.
781 3931 809 3940 —
848 3908 988 3958 homiuum
1005 3909 1048 3957 vix
1065 3920 1185 3970 uuquam
1203 3909 1349 3956 mutantur.

285 3977 388 4042 sopitat]
418 3979 619 4040 «machinetur,
655 3977 810 4029 moliatur.»
881 3981 1376 4044 saoscmmaanpancamameuam

288 4079 314 4088 -
340 4053 439 4103 Hadria
460 4053 572 4118 Divinis]
597 4067 648 4103 «ao
668 4057 811 4118 propterea
849 4069 918 4118 quae
930 4056 997 4106 iufra
1013 4058 1209 4114 memorantur,
1223 4053 1374 4111 Falernum.

286 4124 363 4174 uobis
376 4129 484 4179 minime
499 4127 711 4178 formidolosus.»
731 4129 810 4180 Unice
849 4130 949 4183 nardus
965 4133 1111 4194 atqueea,
1136 4129 1225 4193 ostibus
1244 4129 1310 4178 dolel
1326 4143 1376 4179 na·

285 4198 320 4248 ad
332 4211 357 4248 v.
369 4203 470 4263 sopitas
479 4202 603 4262 retertur,
618 4215 670 4252 nou
682 4202 717 4251 ad
727 4203 812 4267 llirpi-
847 4209 908 4254 twa
922 4206 1032 4268 nepotis,
1050 4217 1136 4269 pauoa
1152 4206 1215 4255 suut
1225 4205 1307 4267 atque
1319 4205 1377 4253 exi-
