2934 4884
656 372 785 423 llOltA'l'll
803 372 971 423 cantilauit

639 822 978 888 cmxl·

440 997 496 1060 Est
516 992 592 1059 mihi
616 1014 735 1059 nonum
756 993 939 1080 superantis
961 1014 1079 1059 annum

439 1114 557 1207 Plenus
579 1113 691 1181 Albani
714 1114 832 1193 cadus3
855 1124 905 1180 est
926 1114 959 1179 in
980 1114 1086 1188 horto,

439 1235 559 1325 Phylli,
585 1235 751 1303 nectendis
774 1235 883 1323 apium
905 1236 1056 1314 caronis;

525 1358 580 1423 Est
601 1356 744 1423 hederae
765 1358 815 1421 vis

440 1516 553 1591 Multa,
577 1535 642 1604 qua
664 1516 771 1582 crines
793 1514 927 1603 religata
951 1516 1073 1605 hulges3

440 1636 534 1703 Ridet
555 1648 687 1723 argenta
709 1636 843 1715 domus;
865 1658 923 1703 ara
944 1637 1041 1704 castis

337 1834 379 1883 iil.
398 1834 480 1883 lusor.
498 1831 567 1895 vulg.
585 1833 623 1883 Ad
638 1833 785 1895 Phyllidem,
803 1835 886 1885 etsie
903 1834 986 1885 codd.
1004 1836 1104 1897 nostri;
1134 1837 1152 1886 S
1168 1837 1243 1889 addit
1258 1844 1321 1891 aeni-

304 1920 362 1959 ram
378 1920 459 1959 neam
481 1936 508 1944 -
527 1910 551 1958 it.
569 1909 647 1959 crinis
662 1910 690 1959 Β.

305 2067 347 2117 lll.
374 2066 415 2117 ad
439 2066 599 2117 Maecenatis
624 2064 695 2116 diem
721 2068 798 2115 nata-
833 2062 882 2114 atii
898 2064 990 2116 volunt
1006 2080 1084 2117 ease:
1106 2082 1173 2133 «qua
1191 2071 1294 2123 hedera
1310 2087 1354 2137 pro

271 2138 325 2189 lem
342 2140 380 2191 ld.
399 2138 479 2204 April.
496 2154 589 2190 secum
605 2138 798 2189 celebrandum
832 2138 926 2188 taeniis
942 2138 985 2189 vel
1001 2140 1112 2205 philyris
1128 2157 1207 2194 coma
1218 2146 1246 2196 in
1257 2148 1355 2199 nodum

273 2215 364 2264 invitat
387 2213 523 2277 Phyllida,
553 2214 696 2265 amabilem
724 2211 798 2278 psal·
834 2210 944 2263 collecta
954 2213 1037 2277 tulgas
1050 2216 1354 2282 oculumnqueraoie..

274 2288 365 2350 triam,
385 2290 428 2339 cui
445 2287 583 2339 consilium
600 2288 659 2349 dat,
678 2291 709 2339 ut
719 2288 797 2339 nimis
835 2287 888 2336 Sed
904 2288 1005 2338 hedera
1022 2292 1049 2339 et
1066 2292 1126 2354 apio
1151 2306 1229 2343 coma
1255 2296 1356 2345 redient-

273 2362 373 2427 dispari
390 2362 498 2427 Telephi
516 2364 601 2413 emori
618 2363 727 2413 tandem
751 2375 798 2411 re·
834 2366 893 2425 tur,
920 2375 973 2412 non
989 2364 1122 2428 reltpatur.
1147 2394 1175 2403 -
1200 2368 1294 2433 [elpes]
1312 2372 1356 2419 «ιιι

274 2438 390 2497 nuntiet,
432 2439 511 2500 atque
539 2440 713 2501 perpetuum,
751 2437 798 2499 qui
834 2449 888 2499 quo
903 2436 1016 2501 simplici
1031 2442 1125 2490 ornatu
1142 2440 1244 2505 fulgere
1261 2444 1355 2495 solea.»

273 2513 393 2575 priorum
406 2512 458 2560 iam
470 2510 529 2561 finis
542 2512 587 2572 sit,
606 2524 727 2561 amorem
739 2509 799 2575 pol·
835 2512 907 2560 «Non
930 2512 1002 2561 enim
1027 2526 1088 2564 eam
1104 2514 1140 2564 ad
1156 2528 1186 2565 ae
1204 2521 1357 2569 coronatam

274 2585 377 2636 licetur.
396 2584 491 2637 Similis
507 2586 656 2647 argumenti
671 2587 799 2636 suntNe-
834 2588 926 2635 venire
944 2588 1033 2650 cupit,
1052 2589 1101 2639 sed
1118 2591 1224 2653 invitat,
1242 2596 1273 2642 nt
1289 2593 1356 2658 apud

274 2658 390 2724 ptunalia
405 2672 467 2708 cum
480 2660 552 2721 Lyde
568 2658 701 2709 celebrata
711 2659 760 2709 Od.
771 2660 796 2719 3,
835 2672 865 2709 se
883 2663 1051 2710 coronetur.»
1072 2665 1197 2715 Poenum.
1231 2666 1273 2716 Ab
1292 2670 1358 2718 anti-

277 2735 318 2785 28.
337 2734 444 2797 (Grotel.
464 2734 546 2782 relert
562 2734 596 2781 ad
614 2746 677 2783 au.
692 2735 797 2796 effati.)
835 2736 928 2799 quiere
951 2736 1036 2785 torma
1062 2738 1146 2802 hepo,
1175 2742 1198 2789 is
1222 2754 1286 2792 cum
1305 2741 1357 2793 eliis

307 2807 375 2871 4-4.
393 2806 739 2870 ΔιὸαηῆνίιιιιιιιΑΙΙιιιιιιιιιι
750 2806 799 2857 soli
835 2812 957 2875 repetere
974 2810 1065 2861 nolim.
1090 2841 1118 2849 -
1136 2815 1179 2865 Sic
1196 2816 1279 2865 etiam
1295 2818 1359 2867 Che·

275 2880 385 2931 Falerno
407 2881 519 2941 cedens,
539 2882 648 2943 Dionys.
669 2880 750 2931 Halic.
774 2883 797 2943 4,
836 2887 887 2935 rito
898 2900 925 2950 p.
938 2886 979 2935 86.
994 2887 1082 2950 Lipa:
1101 2881 1313 2959 ἀστράπτουσα
1322 2888 1357 2957 τῷ

277 2956 332 3015 ⁴23
351 2953 701 3018 tertiasaltempalmainter
710 2956 799 3007 Italica
837 2956 989 3030 προσώπῳ.
1002 2986 1030 2997 -
1040 2963 1119 3024 Ridet]
1132 2964 1262 3023 «renidet.
1275 2963 1359 3029 splen

277 3030 396 3092 dignum,
415 3032 523 3079 auctore
532 3028 615 3080 Plinio
627 3030 657 3081 ll.
672 3032 702 3080 N.
716 3030 762 3092 44,
773 3033 797 3081 6.
837 3034 907 3084 det.»
925 3036 991 3099 Epp.
1005 3035 1360 3102 analemmatorum

276 3102 329 3153 Cir.
349 3104 402 3153 Sat.
415 3104 445 3165 2,
459 3104 490 3165 8,
505 3104 544 3153 46.
561 3130 589 3141 -·
616 3106 717 3170 αρᾶιιιιι]
736 3106 801 3155 Fre·
837 3110 876 3158 dot
891 3110 961 3173 socru
976 3116 1001 3160 et
1016 3110 1060 3159 tibi
1075 3114 1172 3161 munda
1188 3114 1311 3175 meilen
1330 3140 1357 3150 -

277 3190 364 3241 quens
386 3178 443 3229 eius
460 3191 526 3229 usus
543 3179 570 3228 iu
588 3178 694 3229 corollis
707 3181 801 3230 convi-
837 3185 900 3245 ara]
924 3198 957 3233 ex
974 3184 1137 3249 caespitibus
1153 3186 1180 3235 in
1198 3190 1287 3237 terrae
1304 3186 1358 3237 solo

274 3250 388 3302 valibus.
419 3253 457 3302 Cl.
471 3252 518 3302 0d.
537 3253 566 3313 4,
584 3254 628 3314 36,
643 3254 682 3302 46.
707 3255 755 3303 Od.
768 3256 798 3313 ἰ,
837 3250 979 3299 exstmcta.
998 3252 1090 3300 Senon.
1110 3251 1185 3301 Ouid.
1204 3253 1284 3303 Trist.
1296 3255 1322 3313 5,
1334 3254 1356 3309 5,

275 3328 304 3386 7,
318 3325 359 3376 it.
380 3325 507 3376 «Alcaeus
524 3326 679 3390 frequenter
691 3340 720 3377 ee
737 3327 801 3377 dicit
837 3323 865 3372 9:
883 3324 985 3385 Araque
999 3326 1130 3388 praemineo
1145 3326 1236 3375 uiridis
1253 3328 1284 3376 ae
1300 3339 1357 3375 eae

279 3402 339 3465 apio
358 3402 505 3451 coronari.»
526 3402 621 3451 henou.
643 3428 671 3439 -
697 3403 802 3452 hederae
835 3398 897 3460 spite
905 3400 960 3461 liat.
978 3400 1070 3449 iuven.
1082 3400 1122 3460 ⁴2,
1136 3400 1146 3448 4
1162 3414 1167 3447 ;
1186 3400 1285 3460 Natali,
1298 3400 1358 3451 Cor-

274 3476 321 3538 ais]
341 3476 458 3538 «copia»
476 3476 562 3539 hique
580 3475 800 3526 inomnibushis
835 3474 907 3535 uine,
938 3474 978 3523 die
1005 3474 1067 3522 mihi
1091 3474 1189 3523 dulcior
1210 3474 1273 3524 haer
1297 3474 1357 3531 tue,

275 3548 434 3612 imaginibus
454 3548 602 3600 inimitabili
624 3564 686 3599 cum
708 3549 800 3614 lepore
837 3550 895 3609 Qua
917 3548 994 3611 sertus
1013 3548 1141 3609 proraiam
1165 3548 1218 3598 deta
1238 3548 1360 3598 mamito

276 3622 384 3672 beatam
401 3622 536 3686 quandam
554 3624 658 3686 copiam
676 3636 708 3673 ac
724 3638 802 3675 mun-
836 3635 936 3684 caespes
952 3622 1096 3683 Exspectat.

277 3697 382 3757 ditiem,
401 3696 509 3760 dignam
521 3695 591 3747 illam
603 3698 670 3749 sesto
681 3698 735 3748 hoc
746 3698 799 3759 die,
869 3696 894 3745 l.
913 3697 938 3747 44.
956 3696 1081 3758 wama]
1097 3694 1162 3745 Plin.
1176 3697 1208 3746 il.
1222 3698 1255 3746 N.
1268 3698 1316 3757 22,
1328 3698 1357 3746 2:

276 3770 326 3821 sibi
344 3774 451 3834 praesto
468 3784 529 3821 esse
547 3770 722 3822 demonstrat.
836 3771 954 3821 auctores
969 3771 1069 3833 meme
1087 3772 1194 3821 hanuet
1209 3772 1360 3821 concitam·

308 3847 332 3894 a.
352 3845 376 3894 6.
395 3860 447 3907 qua
463 3846 678 3911 caeercituum]
696 3847 801 3911 Optima
838 3846 1038 3908 que-puidam
1054 3844 1238 3909 (amurca,
1257 3846 1303 3895 hoc
1318 3850 1358 3902 eat,

276 3918 383 3969 videtur
399 3921 581 3984 interpretatio
599 3920 677 3970 huius
693 3920 802 3991 βραχυ-
837 3920 984 3985 ipeohtlihuo
1006 3919 1096 3983 habu)
1120 3932 1264 3983 nutam,
1301 3932 1360 3982 aueo-

277 3992 392 4059 λογίας,
422 3998 452 4045 ut
476 3996 621 4058 significet:
653 3996 751 4045 «coma
775 3996 801 4045 in
837 3997 908 4044 niam
923 4008 974 4043 aaa
990 3994 1092 4043 alenae
1107 3995 1227 4056 sagmina
1243 3995 1271 4042 in
1286 4006 1360 4043 reee-

279 4068 381 4118 nodum
406 4068 513 4132 religata
540 4072 583 4133 (ut
603 4070 650 4120 0d.
670 4072 698 4129 4,
717 4072 748 4131 5,
767 4069 798 4120 4;
839 4071 887 4119 dtis
899 4069 1006 4132 publicis
1024 4069 1094 4130 heere
1110 4073 1134 4117 et
1153 4068 1181 4116 te
1196 4068 1278 4117 sacris
1292 4068 1360 4130 lepa-

278 4142 319 4189 cui
335 4144 431 4204 timum
453 4143 547 4207 religas
566 4144 697 4209 canenti)
723 4156 802 4193 coro·
838 4144 993 4205 tinnitusque
1016 4142 1160 4192 verbenae.
1185 4142 1268 4201 ‚aete
1290 4146 1359 4191 utro-

280 4213 367 4276 nuque
385 4215 534 4267 hederacea
553 4220 630 4283 capiti
652 4218 801 4283 imposita.»
839 4232 886 4281 que
909 4218 1008 4269 omnine
1031 4218 1097 4269 iden
1120 4218 1292 4281 apellentur,
1320 4216 1360 4264 tec
