2934 4884
557 265 616 316 Lib.
635 267 666 318 li.
703 268 731 316 C.
753 269 782 316 ll.

510 751 829 814 cml.

292 919 421 986 Rectius
444 921 549 996 vives,
572 920 689 995 Licini,
713 941 822 1008 neque
846 921 945 988 altum

292 1041 428 1126 Semper
449 1039 596 1127 urgendo
619 1061 743 1127 neque,
768 1041 847 1108 dum
868 1043 1029 1129 pmceiias

186 1248 219 1296 x.
245 1249 327 1298 lnscr.
345 1245 414 1310 volg.
439 1247 477 1296 Ad
494 1247 629 1309 Liciniam,
659 1251 686 1297 el
702 1249 742 1299 sie
759 1250 784 1298 S.
806 1275 834 1284 —
853 1249 977 1298 Liciniam
992 1249 1130 1312 adom
1145 1265 1177 1300 uc

151 1335 252 1382 suuper
272 1333 368 1384 magno
389 1325 489 1382 ternptet
509 1322 559 1370 BT.
587 1322 671 1371 -Ad
692 1323 817 1372 Liciniam
837 1323 972 1373 Murenam
991 1325 1112 1385 optimam
1128 1338 1179 1375 ease

151 1397 263 1444 mediam
280 1395 307 1456 b,
327 1397 390 1445 item
408 1409 432 1455 c,
451 1395 554 1447 addena
571 1397 646 1446 oilae.

152 1580 184 1630 ll.
215 1582 242 1630 L.
271 1581 385 1632 Licinius
409 1583 518 1632 Murena
541 1583 650 1645 proprio
688 1582 763 1646 apud
788 1583 985 1644 Maecenatem,
1020 1585 1097 1635 cuius
1122 1587 1213 1636 uxoris

122 1656 244 1714 nomine,
257 1653 327 1704 filius
336 1656 463 1704 Murenae
473 1654 554 1714 illius,
567 1667 650 1718 quem
688 1657 827 1706 Terentiae
852 1671 902 1721 per
934 1657 1107 1721 adoptionem
1132 1660 1214 1710 irater

123 1730 217 1777 Cicero
235 1728 370 1788 deiendit,
397 1731 490 1792 postea
516 1742 567 1792 per
583 1728 650 1778 edo-
689 1733 759 1790 erat,
786 1745 820 1780 an
845 1731 991 1782 occultiore
1014 1731 1124 1784 consilio
1148 1747 1214 1785 uaua

124 1805 242 1866 ptionem
267 1805 298 1853 A.
325 1804 465 1852 Terentius
491 1804 573 1852 Varro
591 1804 650 1854 llu-
688 1805 829 1855 hominem
845 1805 1045 1868 imprudentem
1061 1807 1096 1856 ab
1115 1809 1215 1858 insanis

124 1891 188 1926 rena
212 1879 288 1938 (Tast.
309 1877 384 1940 Cap.)
407 1875 569 1940 appellatae,
596 1877 650 1926 ira-
688 1880 813 1942 inceptis,
841 1892 911 1942 quae
936 1882 960 1929 ei
986 1895 1082 1932 necem
1105 1882 1213 1932 tandem

125 1957 163 2000 ter
183 1953 213 2002 C.
231 1951 362 2002 Proculeii
384 1950 464 2010 itlius,
483 1954 528 2014 qui
541 1953 650 2015 propter
688 1953 845 2012 attulerunt,
859 1953 994 2003 dehortari
1007 1954 1128 2005 voluerit.
1147 1958 1211 2005 Cer·

124 2026 253 2086 insignem
284 2027 310 2074 in
337 2025 431 2075 iratres
464 2024 650 2074 liberalitatem
688 2031 714 2076 te
731 2025 775 2076 vel
786 2027 944 2091 providente
959 2031 1038 2090 potita
1055 2026 1097 2076 vel
1114 2029 1213 2091 impru-

126 2099 352 2161 praedicaturOd.
366 2101 436 2160 w,
450 2101 492 2160 a,
511 2100 650 2149 etTereu-
688 2102 770 2151 dente
788 2113 898 2150 tarmen
916 2100 997 2150 veluti
1012 2102 1168 2151 vaticinium
1178 2101 1212 2152 de

128 2174 176 2222 tiae
203 2173 378 2234 Maecenate,
414 2167 530 2242 ἀκράτῳ
558 2174 651 2236 (iuquit
689 2177 789 2225 misero
823 2174 913 2222 Licinii
948 2176 1020 2223 exitu
1055 2173 1212 2235 aequalibus

126 2246 231 2307 bloet,
246 2247 280 2307 3.]
299 2247 349 2295 καὶ
368 2251 525 2316 κατακορεῐ
540 2239 650 2315 mappa]-
688 2250 773 2298 videri
798 2247 925 2296 debebat.
960 2249 1016 2296 lam
1042 2248 1093 2298 etsi
1109 2247 1212 2297 definiri

127 2323 174 2386 σίᾳ
195 2316 268 2390 πρὸς
288 2317 398 2382 πάντας
409 2315 521 2385 ὁμοίως
532 2317 647 2392 ἐχρῆτο.
689 2324 796 2386 nequit,
823 2334 877 2383 quo
894 2335 965 2371 anuo
982 2322 1161 2385 compositum
1178 2323 1213 2370 sit

127 2395 209 2445 tiemo
243 2397 323 2456 igitur
360 2394 529 2445 turbulentus
568 2397 649 2457 atque
691 2425 717 2433 -
737 2397 868 2446 fluctuant
884 2396 953 2446 inter
969 2408 1054 2445 annos
1071 2393 1132 2454 aet,
1153 2395 1211 2456 728,

127 2469 281 2518 ambitiosus
302 2471 410 2532 Augusti
440 2469 650 2520 dominationem
688 2471 746 2520 lat.
768 2499 805 2532 —,
829 2471 928 2520 mirum
945 2471 1003 2529 est,
1034 2482 1121 2532 aequo
1148 2468 1213 2520 illud

127 2543 220 2593 acerbe
239 2544 374 2606 exagitare
392 2543 496 2594 solebat
513 2557 649 2606 novasque
689 2545 795 2608 utrique
817 2543 908 2594 lavere
931 2544 1047 2608 opinioni
1070 2546 1125 2593 tres
1147 2545 1214 2594 Car-

128 2632 168 2666 res
184 2632 294 2681 semper
312 2617 407 2668 moliri.
441 2620 516 2669 luitis
533 2619 649 2681 denique
689 2619 791 2668 minum
809 2617 892 2668 libros
909 2618 996 2668 editos
1014 2618 1210 2668 essecutus.

129 2705 185 2742 cum
203 2694 301 2742 Fannio
320 2693 454 2756 Caepione
472 2694 583 2755 Augusti
602 2706 650 2741 oc·
690 2693 822 2756 (Franks),
841 2695 914 2742 certe
929 2693 991 2742 ante
1003 2693 1092 2742 Licinii
1105 2705 1211 2752 necem,

129 2767 228 2817 ridendi
255 2765 371 2816 consiliis
406 2768 492 2830 iisque
521 2768 648 2827 detectis,
688 2770 735 2816 aut
756 2767 813 2816 736.
836 2765 967 2829 (Liiblrer),
991 2779 1054 2816 cum
1078 2764 1210 2829 plerique,

129 2841 202 2891 ambo
219 2856 234 2891 a
252 2840 358 2890 Tiberio
376 2842 414 2890 rai
437 2840 497 2891 lacti
519 2843 560 2902 et,
587 2853 650 2890 cum
688 2843 747 2906 ipse
759 2842 840 2890 etiam
851 2842 992 2891 Maecenas
1004 2853 1067 2890 cum
1078 2841 1211 2899 Terentia,

129 2915 167 2964 die
180 2916 248 2966 dicta
260 2916 286 2964 in
299 2915 397 2966 iudicio
413 2929 465 2964 non
482 2918 650 2980 comparuis-
688 2917 753 2964 satis
787 2915 840 2964 iam
872 2916 989 2965 hominis
1023 2915 1157 2965 temerarii
1182 2927 1215 2963 ac

130 2995 197 3050 sent,
216 2990 344 3040 absentes
356 2989 447 3040 exsilic
460 2991 576 3041 damnati
588 2993 651 3041 sunt
688 2990 785 3039 merito
802 2987 932 3051 supplicio
949 2989 1037 3038 affecti
1055 2991 1146 3038 essent
1163 2987 1214 3037 ob·

131 3067 155 3113 et
171 3064 257 3128 paullo
274 3067 337 3128 post
355 3065 440 3114 necati
458 3078 482 3114 a.
501 3079 528 3114 u.
543 3079 566 3114 e.
580 3067 648 3127 rut,
688 3062 743 3122 liti,
761 3063 797 3110 ita
814 3064 844 3110 ut
861 3076 894 3110 ne
912 3064 1012 3111 mentio
1029 3063 1140 3124 quidem
1156 3063 1214 3112 eius

130 3151 178 3198 quo
202 3141 261 3202 ipso
287 3151 357 3188 anno
375 3137 469 3188 consul
488 3141 545 3188 aral
567 3140 650 3190 suile-
688 3136 722 3186 ab
742 3137 850 3186 iloralio
868 3135 936 3185 tacta
953 3137 1080 3198 cuiquam
1097 3139 1165 3186 mira
1183 3149 1214 3185 ac

130 3217 191 3261 ctus.
221 3212 288 3262 Vide
301 3213 399 3261 Baiteri
411 3213 479 3261 Fast.
495 3213 573 3264 Cous.
588 3227 647 3278 pag.
688 3212 864 3276 praepostera
879 3209 965 3258 videri
981 3212 1082 3273 posset.

130 3287 196 3336 llll.
209 3285 273 3336 Tell.
285 3289 309 3346 2,
324 3287 364 3336 et.
384 3289 456 3336 Suet.
467 3288 557 3336 Octav.
570 3289 609 3337 l9.
624 3291 652 3337 et

130 3360 649 3422 66.Diol.l.Druu1annGescir.ll.l,t93.
723 3358 810 3409 t-t.
845 3356 955 3420 Rectius]
995 3359 1042 3406 «et
1075 3356 1214 3406 honestius

131 3433 252 3485 Licinium
268 3437 348 3498 po'eta
362 3435 497 3484 exhortari
516 3436 606 3486 studet
617 3436 651 3486 ad
689 3429 821 3498 (ἠθικῶς)
838 3435 866 3482 et
877 3431 1006 3481 felicius.»
1025 3431 1062 3480 Ex
1073 3429 1214 3492 frequente

131 3509 337 3560 moderationem
347 3513 427 3573 atqua
435 3511 651 3561 univeraaevitae
689 3507 814 3570 allegoria
836 3507 920 3556 vitam
941 3505 1087 3556 humanam
1104 3517 1215 3567 compa-

131 3583 546 3648 aequabiiitatem,ipsoquoque
559 3584 652 3634 diceu—
688 3585 730 3631 rat
748 3594 810 3631 cum
835 3581 1021 3643 navigatione,
1047 3580 1074 3628 iu
1092 3592 1145 3642 qua
1162 3591 1215 3627 non

132 3653 155 3704 di
169 3671 267 3720 genera
289 3659 325 3708 ad
346 3659 536 3720 argumentum
553 3661 652 3708 attem—
689 3656 799 3720 expedit
823 3669 934 3706 cursum
951 3668 1059 3720 urgere,
1085 3655 1215 3719 pertinaci

132 3735 227 3790 parato.
248 3757 276 3768 -
298 3731 488 3783 Difficillimum
506 3735 596 3782 autem
614 3733 653 3782 di·
690 3733 779 3782 studio
804 3745 914 3796 semper
938 3732 1054 3795 dirigere
1079 3733 1106 3780 in
1131 3729 1214 3779 altum

132 3803 240 3856 iudicatu
264 3808 319 3866 est,
346 3820 396 3856 nec
414 3805 489 3856 facile
508 3808 651 3870 quisquam
689 3819 779 3867 mare,
798 3819 887 3869 neque
901 3820 1016 3868 proruam
1034 3804 1152 3867 tradere,
1175 3801 1216 3852 le·

132 3883 270 3944 expulerit,
293 3884 383 3931 utrum
396 3881 504 3930 Horatio
516 3882 652 3931 suffecerit
689 3882 761 3943 gere)
788 3879 850 3930 litus
882 3881 1014 3941 tutamen,
1046 3878 1113 3926 male
1136 3876 1215 3939 lidum

132 3953 243 4006 Stoicum
254 3955 345 4005 locum
358 3969 531 4006 communem
546 3956 651 4018 poetico
690 3956 769 4018 (Vir-g.
796 3958 861 4006 Aen.
880 3956 913 4015 T,
932 3955 984 4016 23.)
1011 3953 1122 4016 propter
1147 3950 1215 3999 vada

133 4039 189 4079 cum
223 4033 319 4080 ornatu
352 4043 504 4094 proponere
537 4031 650 4090 ticinio,
689 4029 862 4093 otscopuloa.
887 4029 986 4077 Bassus
1004 4022 1146 4075 inAnthcl.
1160 4025 1214 4074 Pal.

133 4113 208 4163 quem
235 4103 371 4156 interdum
405 4105 516 4155 tortasse
548 4104 653 4154 viderat
689 4106 719 4154 11.
748 4117 808 4168 pag.
838 4103 904 4152 3⁴0:
933 4095 1013 4162 Μήτε
1036 4112 1074 4163 με
1100 4099 1217 4162 χείματι
