2934 4884
513 366 615 418 niuea,
650 368 749 419 canii.
767 369 810 418 xi.
1156 369 1216 434 707

259 524 370 588 iussus
393 521 483 588 abire
505 521 638 590 domum
659 522 788 591 ferebar
810 525 932 591 incerto
955 525 1039 611 pede
1175 528 1216 591 en

216 644 264 710 nd
286 665 351 711 non
373 644 495 712 amicos
517 643 581 712 lieu
603 643 680 712 mihi
702 655 814 732 postes
836 656 868 712 et
889 646 951 712 heu

258 764 382 839 Limina
404 764 503 840 dura,
527 764 647 852 quibus
669 764 796 832 lumbos
819 777 851 832 et
873 765 985 852 infregi
1007 767 1098 834 latus¹

215 888 307 952 Nunc
328 884 493 973 gloriantis
516 884 693 972 quamlibet
715 885 937 952 mulierculam

257 1007 391 1072 Vincere
413 1003 545 1070 mollitie
568 1025 660 1071 amor
680 1007 808 1094 Lycisci
831 1027 883 1074 me
906 1017 1010 1084 tenet,

216 1126 308 1194 Unde
330 1124 486 1214 expedire
509 1146 573 1192 non
595 1127 774 1192 amicorum
796 1139 917 1214 queant

257 1233 374 1312 Libera
397 1245 530 1312 consilia
552 1265 613 1312 nec
635 1246 849 1314 contumeliae
872 1269 1003 1336 grauna,

200 1481 243 1532 ei.
261 1481 368 1532 molinis
384 1479 465 1540 bSTc,
486 1439 580 1532 nutri.
601 1480 641 1543 (ut
656 1493 719 1539 nos,
738 1479 771 1540 δ,
791 1493 831 1545 pr.
850 1479 883 1542 β,
901 1481 1047 1545 Bentleius,
1066 1485 1109 1547 Μ.)

130 1696 230 1761 quibus
247 1697 273 1745 in
285 1694 441 1746 muneribus
452 1693 595 1757 largiendis
607 1695 656 1746 irn-
691 1697 766 1757 sores.
795 1696 883 1747 iurant
907 1699 1002 1758 quoties
1025 1699 1166 1752 redderem
1184 1705 1219 1753 cd

130 1784 178 1835 par
201 1782 264 1820 sum
289 1773 317 1819 et
340 1769 473 1819 interior.»
508 1771 599 1818 Sonos.
629 1769 653 1831 t)
692 1770 781 1820 limina
797 1773 942 1832 nuncium!
970 1771 1032 1822 Cum
1048 1773 1107 1825 tene
1122 1777 1217 1840 iurata,

130 1855 309 1896 neumamore
319 1842 519 1893 naudmutuo.»
537 1844 590 1893 iam
605 1845 655 1893 etsi
688 1856 734 1904 pes
750 1847 834 1894 tornet
849 1845 901 1906 ipae
911 1847 984 1896 redit.
1003 1847 1088 1898 Etiam
1101 1851 1127 1900 iu
1136 1863 1217 1914 prosa

126 1930 205 1981 poree
221 1918 284 1967 suut
301 1929 408 1966 «amore
424 1917 494 1966 inter
510 1929 540 1966 se
557 1917 654 1966 iuncti»
692 1929 731 1966 or.
752 1917 806 1967 Cic.
826 1917 860 1966 ad
877 1921 929 1968 ntt.
943 1920 986 1980 te,
1007 1921 1053 1970 ⁴6:
1075 1923 1163 1985 Itaque
1179 1939 1219 1975 me

130 1991 226 2056 (Epod.
246 1991 291 2050 te,
319 1988 384 2052 44),
411 1990 477 2052 quid
499 1990 526 2039 h.
544 1989 562 2039 l.
583 1992 656 2040 esset
690 1991 933 2053 resmmtpedesin
952 1993 1124 2045 neumam.
1149 1997 1217 2048 itale

129 2069 251 2115 «cenare
268 2075 331 2113 cum
347 2075 440 2113 umore
462 2063 534 2113 haud
557 2076 656 2114 conso-
691 2063 808 2114 nonnulli
836 2065 1043 2129 interpretantur
1068 2069 1102 2119 de
1129 2072 1218 2122 mmu-

129 2140 231 2200 ciatis»,
250 2151 331 2189 nemo
348 2137 413 2188 dixit
429 2151 481 2190 nec
497 2138 588 2188 dicere
604 2151 656 2203 po-
691 2137 756 2188 lenti
780 2141 875 2203 poittue
898 2141 1029 2192 titubante
1050 2144 1166 2196 incessu.
1187 2173 1215 2183 -

128 2215 187 2264 tuit.
207 2213 231 2276 3)
246 2215 277 2263 V.
290 2213 430 2274 imparibus
440 2211 531 2262 habito
547 2225 597 2276 pro
609 2211 656 2261 ab·
691 2226 742 2262 non
753 2214 847 2262 amicos
863 2215 926 2278 cet]
948 2215 1082 2278 «iniquam
1101 2218 1216 2280 ianuam,

127 2289 173 2338 lat.
187 2290 310 2338 instrum.
323 2290 410 2338 uentr.
424 2286 506 2352 plur:
531 2287 656 2351 «impari-
692 2287 768 2336 culus
793 2285 874 2337 limen
905 2289 1138 2351 transgredimini
1165 2306 1218 2343 non

128 2363 292 2422 busarmis3
314 2361 414 2422 idest,
434 2361 655 2412 muneribusce-
692 2359 923 2411 concedebatur.»
969 2362 1017 2413 Od.
1044 2364 1072 2424 3,
1103 2367 1147 2426 40,
1183 2369 1216 2416 2:

128 2439 248 2500 terisque
270 2435 370 2496 modis,
397 2435 495 2499 quibus
517 2436 586 2485 vinci
608 2447 655 2486 so-
691 2447 796 2496 nepem
821 2435 966 2485 Porrectum
996 2442 1054 2486 ante
1080 2439 1155 2500 fores.
1187 2465 1214 2476 -

128 2512 184 2563 lent
201 2509 399 2562 mulierculae.»
414 2534 441 2545 -
458 2515 595 2559 ammonis
606 2523 656 2571 pu-
690 2509 782 2572 intrepi
804 2507 878 2572 ἱαιατ]
908 2508 959 2559 «ihi
983 2512 1123 2574 porrectus
1148 2511 1217 2566 latus

128 2587 191 2651 dor]
217 2583 331 2636 Achilles
356 2585 445 2634 Tatius
470 2597 530 2648 pag.
548 2584 590 2634 28.
612 2584 655 2632 ia·
692 2583 859 2645 defatigari.»

129 2659 211 2711 coba:
229 2652 321 2728 Ἔρως
345 2659 395 2708 καὶ
417 2654 574 2720 Διόνυσος,
600 2654 654 2708 δύο
723 2657 812 2707 23-28.
830 2657 971 2722 pledensis]
990 2659 1051 2721 «qui
1069 2673 1102 2710 eo
1118 2673 1216 2725 super-

127 2734 222 2796 βίωοι
237 2733 311 2794 θεοί,
329 2728 433 2797 ψυχὴν
446 2728 653 2794 κατασχόντες,
691 2731 745 2793 bit,
773 2730 846 2794 quod
870 2730 955 2782 torma
976 2731 1087 2783 delicata
1107 2747 1218 2786 omnem

128 2810 319 2875 ἐκμαίνοασιν
335 2808 376 2868 εἰς
393 2802 608 2866 ἀνωσχαντιαν.
691 2803 875 2856 mulierculam
901 2806 1067 2857 antecedat.»
1088 2835 1115 2844 -
1133 2809 1218 2858 moiti-

162 2884 251 2933 itt-ta.
268 2881 376 2944 seem]
389 2880 452 2932 «ubi
464 2879 538 2941 talia,
558 2893 655 2944 quem·
691 2881 732 2941 tte]
751 2881 931 2944 «decipimus,
950 2883 981 2930 ut
997 2882 1111 2932 evitetur
1125 2883 1216 2934 vastus

128 2956 277 3008 admodum
300 2956 365 3008 mihi
377 2958 449 3006 certe
461 2955 585 3014 videbar,
598 2967 655 3004 me-
690 2951 734 3002 ilie
751 2955 779 3002 et
795 2953 946 3004 inconditus
971 2968 1053 3006 sonus
1074 2957 1095 3005 A
1114 2957 1149 3016 Ας
1179 2958 1218 3007 sic

128 3033 187 3083 met
203 3031 261 3095 ipso
273 3032 427 3091 contentus,
445 3030 510 3080 satis
525 3027 655 3078 constanti
691 3028 720 3075 et
737 3024 798 3076 alibi
815 3027 841 3076 S.
860 3028 889 3086 2,
907 3029 936 3087 Ξ,
955 3029 995 3078 87.
1024 3029 1153 3079 ntollitiem
1175 3030 1217 3079 di·

129 3108 157 3156 et
176 3102 327 3168 praefracto
338 3103 427 3152 animo
444 3103 619 3163 iactaveram,
639 3117 655 3152 a
690 3099 740 3160 xit,
761 3111 813 3148 uon
829 3100 987 3149 nwltittcm.»
1004 3102 1096 3152 Burri.
1113 3129 1140 3140 -
1156 3117 1218 3152 con-

128 3182 156 3229 te
173 3177 339 3238 admonitus,
358 3179 388 3226 ut
404 3189 437 3226 ex
449 3177 569 3226 convivio
580 3178 654 3227 recta
690 3171 814 3235 tantalico]
832 3171 964 3221 sodalium
981 3185 1076 3235 graves
1094 3175 1218 3238 obiurga-

129 3253 242 3302 domum
259 3263 350 3301 meam
366 3250 484 3300 redirem
500 3263 552 3301 uec
568 3250 655 3300 delle·
691 3249 777 3296 tiones
795 3247 822 3295 et
842 3258 934 3295 amara
957 3247 1051 3296 irrisio.
1088 3250 1218 3299 «Nictt

129 3329 233 3377 cterem
250 3323 286 3374 ud
302 3324 403 3373 amicae
421 3324 542 3385 ianuam,
559 3337 654 3374 rursus
690 3327 842 3384 strenper
860 3320 1006 3383 Vorwurs
1019 3321 1089 3370 oder
1105 3323 1213 3372 Helen.»

128 3404 221 3450 tamen
236 3398 282 3448 vix
298 3398 363 3448 milii
380 3399 504 3448 conscius
520 3411 552 3448 ac
569 3411 654 3463 prope
692 3396 770 3445 Voss.
801 3408 831 3443 «o
846 3393 908 3457 fier
927 3394 1124 3456 semproni.»
1154 3398 1217 3444 Gar-

128 3471 280 3523 invitusad
305 3473 375 3522 hanc
397 3471 548 3521 trahebar.»
577 3497 604 3508 -
632 3477 655 3521 te
690 3468 766 3534 gallo.
785 3467 852 3520 tiele
869 3465 989 3531 plerique
1007 3468 1041 3518 ad
1060 3471 1161 3533 Lycisci
1173 3482 1217 3519 su-

127 3546 227 3611 palum]
263 3545 337 3596 Ovid.
364 3546 441 3595 Trist.
475 3547 504 3606 t,
532 3546 577 3606 40,
604 3546 652 3596 39:
690 3543 813 3608 peritiam
838 3542 890 3592 hoc
915 3542 1043 3594 referunt.
1070 3571 1097 3580 —
1124 3543 1215 3607 teretis]

130 3624 221 3683 dieque
233 3619 425 3681 pulutndeme
441 3620 655 3670 tetomuiosue-
691 3619 733 3667 Sic
759 3616 813 3667 itali
839 3617 956 3666 tornito
980 3630 1117 3681 pareone
1140 3619 1216 3680 (Gar-

126 3710 161 3758 pe
176 3697 321 3755 dicmur.
349 3695 403 3743 Liv.
423 3695 452 3755 6,
471 3694 516 3744 tt:
534 3695 656 3744 inderem
691 3690 788 3755 gullo),
805 3691 936 3741 seilonis
951 3693 1111 3756 pertundet.
1133 3717 1159 3728 -
1172 3705 1216 3741 re-

128 3770 248 3819 creditort'
274 3769 365 3830 pulum
386 3768 481 3830 populo
513 3769 593 3818 solvit
624 3796 653 3806 -
690 3766 815 3829 noduntie]
836 3763 987 3828 «eleganter
1003 3767 1029 3815 in
1047 3766 1147 3815 nodum
1160 3764 1216 3814 eol—

129 3846 224 3894 incerto
239 3843 313 3907 pede]
343 3843 480 3907 «primurn
503 3844 655 3906 resistente,
691 3839 808 3903 ligentis,
827 3837 973 3902 religantis,
992 3837 1095 3903 puellae
1106 3840 1215 3888 instar.»

129 3917 229 3968 deinde
241 3930 351 3980 semper
361 3918 463 3967 maiore
476 3915 657 3968 cumviclau·
692 3912 821 3964 «itabant
857 3909 937 3962 euim'
962 3925 1069 3963 comam
1106 3912 1216 3962 formosi

130 3991 222 4043 culum
250 3990 286 4040 ad
316 3991 452 4041 Inachiam
478 4004 523 4042 me
555 3990 657 4054 perdu-
691 3987 768 4051 pueri
781 3987 808 4035 et
819 3983 939 4046 delicati,
952 3988 982 4036 ut
993 3987 1133 4050 compositi
1145 3997 1217 4034 ama·

131 4068 236 4116 cente»
264 4063 358 4114 sibun.
376 4066 407 4126 i,
432 4065 461 4125 6,
486 4065 531 4114 ti:
559 4065 658 4128 nuptio
692 4060 796 4111 toribus
822 4061 906 4122 magis
930 4059 1094 4123 placerent.»
1123 4061 1214 4110 Senon.

131 4142 233 4203 iocum,
262 4141 305 4189 sed
326 4139 538 4202 mupntflcemitt
562 4151 658 4202 munna
694 4135 747 4186 cn.
766 4135 940 4185 Senecamin
957 4135 1023 4199 Epp.
1043 4134 1103 4196 449,
1122 4134 1167 4184 ie:
1196 4135 1218 4182 ei

132 4215 214 4264 ἱοαιτιο
229 4214 372 4263 decutiunt
381 4213 482 4263 ciamus
491 4213 570 4275 fortia
580 4211 658 4262 verto
689 4211 816 4272 periinere
827 4209 861 4270 ad
872 4213 894 4260 te
904 4209 1009 4269 induce,
1022 4221 1100 4269 quam
1113 4209 1218 4258 mutius
