2934 4884
262 364 325 430 486
653 366 781 418 {tonant
799 365 969 416 cattltluttlt

389 521 494 588 Mirari
518 521 605 588 libet.
651 521 680 587 0
703 520 861 586 Naiadum
881 529 998 606 potens

346 642 612 730 Baccharumque
635 641 809 708 valentium

389 767 546 831 Prooeras
569 762 717 830 manibus
743 771 872 828 vertere
891 762 1047 831 fraxinos.

348 921 396 988 Nil
420 943 555 1010 parvum
577 931 632 986 aut
654 919 765 986 humili
787 919 899 996 modo,

375 1042 437 1120 ,Nil
460 1041 593 1110 mortale
617 1041 742 1130 loquar.
787 1037 889 1108 Dulce
910 1038 1092 1127 perieulum
1114 1051 1180 1117 est,

348 1165 376 1231 0
400 1165 543 1240 Lenaee,
567 1163 660 1250 sequi
683 1161 782 1228 deum

391 1285 578 1372 (lingentem
599 1283 694 1350 viridi
717 1293 864 1370 tempora
884 1285 1047 1372 pampino.
1313 1286 1352 1351 20

331 1465 370 1516 ti.
390 1466 509 1515 mucidum
525 1466 553 1515 T.
576 1495 601 1500 -
623 1466 662 1514 rt.
681 1465 772 1514 turuile
788 1465 865 1540 T?
885 1463 925 1512 ta.
945 1464 989 1526 ie,
1013 1465 1121 1523 unm,
1145 1465 1214 1524 eccui
1235 1465 1324 1515 duam

297 1538 414 1590 malebat
431 1538 572 1590 Bentleius.

264 1714 335 1750 mauu
351 1701 456 1763 apum
467 1703 518 1750 cet.
533 1725 561 1736 -
575 1697 639 1763 litet]
655 1697 792 1749 efficacius
829 1693 922 1748 Τοῦτο
937 1691 993 1767 γὰρ
1009 1689 1158 1747 ἀθάνατον
1174 1690 1295 1758 φωνᾶεν
1309 1691 1355 1767 lp-

267 1777 309 1825 est
321 1775 519 1838 quemnemo,
538 1773 651 1837 gaudeo.
829 1785 883 1833 πει,
903 1769 942 1822 Εἴ
961 1785 1005 1834 τις
1021 1761 1054 1823 εὖ
1071 1768 1136 1843 εἴπῃ
1152 1785 1190 1822 τι·
1209 1771 1279 1823 aad:
1299 1774 1356 1822 «ni-

300 1847 331 1900 tl
342 1873 356 1885 -
368 1849 408 1900 t8.
426 1849 557 1899 Naiadum
569 1845 668 1910 potae]
688 1845 792 1897 adomi-
828 1845 882 1908 hil,
914 1845 992 1909 quale
1013 1843 1168 1898 mortalium
1185 1845 1283 1910 volgus
1298 1860 1358 1911 pro-

266 1935 316 1974 uus
328 1935 360 1972 ae
372 1923 513 1984 dux,»ut
524 1921 613 1981 Odi,
632 1921 661 1981 ³,
680 1922 708 1970 t:
732 1921 793 1970 diuo
829 1919 899 1971 terre
916 1919 1010 1973 solet.»

262 1997 447 2059 percompta.
461 1998 600 2061 Nymphae
612 1999 711 2055 autem,
722 1996 792 2045 inter
863 1996 903 2045 tii.
934 1996 974 2046 te.
1002 1997 1083 2046 Dulce
1103 1996 1261 2062 mmmm]
1298 1997 1356 2046 tlon

267 2067 334 2135 quae
346 2073 512 2122 memoratur
523 2071 654 2135 imprimis
661 2063 792 2142 Ἀριάγνη
828 2069 886 2119 sine
903 2068 1024 2134 periculo
1040 2071 1093 2120 deo
1104 2072 1247 2136 praesente
1259 2072 1358 2120 morta

270 2145 325 2208 (eici
337 2146 400 2196 Anu.
414 2147 468 2196 dett'
478 2147 539 2196 luat.
552 2147 622 2196 orcle.
636 2145 689 2194 Vll.
699 2159 726 2210 p.
737 2145 790 2205 8³„
829 2141 883 2193 lem
903 2144 1119 2208 appropinquare
1135 2141 1266 2206 illumque
1283 2144 1356 2193 eerni

267 2221 383 2283 primum
410 2219 506 2271 Bacchi
532 2221 664 2282 nutrices,
694 2218 791 2270 deinde
829 2229 911 2281 poaee
936 2217 1093 2267 credebant.
1127 2219 1274 2268 Praeterea
1299 2215 1358 2266 talis

268 2295 379 2345 comites
391 2294 506 2345 luerunt.
526 2295 648 2360 Orpheus
659 2295 690 2345 ll.
703 2294 747 2354 53,
761 2293 790 2343 d:
830 2284 1047 2356 ἐνθουσιασμὸς
1070 2293 1188 2354 μηνίων
1211 2290 1359 2354 torquebat

269 2365 358 2418 tvaim
371 2368 421 2420 aaa
437 2365 567 2432 Βάκχαις
582 2362 794 2435 ἡγούμενεκιτ-
829 2365 997 2430 vexabatque
1009 2364 1122 2417 mortale
1133 2377 1241 2429 corpus,
1257 2391 1285 2402 -
1310 2366 1358 2415 Le-

270 2438 450 2513 τοφόροισιν.
476 2443 529 2494 Cir.
543 2444 590 2493 Od.
612 2445 640 2505 ἲ,
660 2443 703 2504 ta,
723 2443 747 2493 3.
763 2469 790 2479 -
829 2440 904 2504 uoco]
930 2452 971 2504 pr.
997 2439 1141 2503 Ketterputt.
1176 2440 1257 2501 Apud
1274 2439 1356 2503 Orph.

268 2517 584 2581 uatmdum--sraviuorJ
594 2520 683 2582 Eurip.
694 2516 791 2568 Bacch.
831 2515 928 2577 llymn.
944 2514 985 2564 50.
1008 2516 1119 2564 vocatur
1138 2511 1239 2578 ληναῖε
1256 2516 1286 2563 et
1300 2511 1359 2563 du·

269 2590 348 2640 troo:
375 2591 409 2640 at
423 2588 454 2641 di
470 2593 576 2662 μυρίαν
594 2593 666 2663 χέρα
681 2589 794 2662 Προσέ-
830 2584 910 2653 λήνιε
935 2601 951 2638 a
976 2583 1081 2652 ληνός,
1106 2587 1181 2650 quod
1204 2587 1230 2637 ei
1247 2600 1359 2638 sacmm

266 2663 359 2713 denuo
375 2661 462 2734 ἐλάτῃ
479 2660 704 2730 κάξανέσπασαν
720 2664 793 2724 χθο-
831 2664 874 2714 eut
889 2661 1013 2713 torcular.
1033 2663 1099 2713 ltine
1110 2663 1181 2726 virg.
1192 2663 1240 2712 Ge,
1253 2663 1278 2724 3,
1292 2663 1356 2713 509:

267 2733 326 2800 νός.
343 2765 369 2774 -
388 2739 475 2788 tundi
491 2738 572 2803 uwdo]
591 2742 630 2789 De
646 2739 793 2790 utodiruive
830 2737 915 2787 tuticus
931 2763 972 2775 ··
987 2738 1106 2788 heram.
1130 2765 1157 2774 —
1184 2738 1256 2798 secut
1274 2738 1358 2800 Μ]

268 2813 387 2862 numeris
413 2814 522 2877 proprie
554 2813 631 2864 dietis
661 2815 794 2876 interpre-
830 2810 978 2863 Ovid.ilet.
992 2811 1104 2873 tart&
1122 2812 1360 2874 Etpuoutomdeue

268 2888 316 2935 tari
330 2899 382 2935 non
399 2899 556 2950 possumus,
576 2901 638 2938 cum
652 2887 703 2937 hac
715 2887 794 2950 signi·
829 2900 877 2936 oro
888 2891 985 2946 mouet,
999 2899 1092 2948 ”quor
1102 2888 1359 2937 promoventemtttte

268 2959 392 3012 doatione
425 2959 533 3025 pluralis
559 2975 669 3026 semper
696 2974 794 3011 nume·
831 2961 911 3010 dean.
930 2957 1041 3010 Bentleii
1057 2961 1145 3010 ducem
1159 2961 1239 3010 nimia
1253 2960 1360 3011 redolet

269 3046 315 3084 rus
331 3038 483 3099 usurpetur.
511 3034 667 3086 «Pollicetur
683 3049 712 3087 se
731 3034 794 3086 nitril
831 3034 988 3098 pedestrem
1004 3034 1161 3084 orationem.

269 3107 318 3158 niel
344 3121 424 3171 grave
451 3111 478 3160 et
502 3109 617 3162 sublime
641 3110 792 3172 dicturum,
862 3109 905 3158 20.
926 3108 1074 3172 ctupentem]
1092 3107 1190 3172 supple
1208 3107 1284 3168 «sibi,
1305 3110 1360 3159 cin

269 3185 296 3232 et
322 3182 370 3234 hes
394 3183 466 3247 ipsas
491 3184 620 3236 sublimes
648 3185 794 3236 sententias
831 3180 1358 3247 ctummreterqueadttacehumipsum,

268 3266 321 3306 uon
345 3256 453 3318 humili,
489 3258 539 3308 aed
572 3257 678 3310 sublimi
712 3258 793 3310 modo
831 3269 865 3305 ue
882 3254 1004 3321 ἐπιθέτῳ
1015 3255 1181 3305 destituatur.
1200 3257 1244 3306 Sic
1254 3259 1299 3307 est
1309 3257 1358 3307 0d.

269 3328 419 3390 dicturum;
446 3333 527 3396 atque
552 3334 604 3383 hoc
625 3333 687 3383 addi
713 3345 795 3398 opor-
831 3330 862 3391 l,
880 3331 911 3391 8,
930 3329 978 3380 33:
1006 3330 1116 3379 Οιααιασ
1143 3331 1220 3380 uiridi
1244 3336 1360 3394 teutpcra

269 3406 331 3466 tuit,
358 3407 419 3469 quia
445 3420 498 3456 non
524 3407 657 3458 insolitum
683 3412 725 3457 est
749 3421 794 3458 res
827 3406 949 3467 puntptno
968 3404 1048 3456 rue.
1081 3403 1130 3454 Alii
1147 3405 1236 3456 miuus
1257 3405 1360 3469 proba-

269 3491 364 3540 graves
380 3481 506 3531 orationis
524 3482 650 3531 tenuitate
672 3480 795 3530 dehone-
831 3479 919 3530 biliter
936 3479 970 3528 de
992 3492 1025 3528 eo
1042 3478 1187 3543 explicant,
1215 3481 1278 3543 «qui
1296 3493 1359 3530 cum

210 3599 218 3612 ,
270 3553 359 3602 stari.»
377 3555 536 3605 Cuuurcumr.
566 3579 593 3590 -
620 3555 663 3604 Nit
677 3555 793 3618 morteto]
831 3567 930 3604 corona
946 3554 1088 3618 pampinea
1105 3557 1147 3605 est
1163 3556 1190 3605 iu
1204 3555 1360 3606 Bacchico-

269 3629 391 3678 tionest:
407 3628 584 3690 «immortale,
598 3629 795 3693 inperpetuum
833 3630 956 3687 mimum»
981 3627 1023 3678 vel
1049 3629 1200 3688 «Bacchus.
1228 3631 1276 3693 qui
1301 3631 1358 3694 ipse

271 3700 455 3762 duraturume,
476 3705 505 3753 ut
517 3703 589 3752 Pind.
603 3703 694 3753 lsthm.
708 3703 732 3764 3,
747 3704 793 3753 58:
832 3715 896 3754 auos
913 3704 1025 3755 comites
1039 3707 1176 3754 coronat.»
