2934 4884
689 386 817 435 ttototTtt
837 385 963 436 Eronos

659 845 1000 910 mvl·

455 1023 540 1103 Quid
563 1023 769 1091 immerentes
791 1023 938 1112 hospites
960 1045 1059 1092 vexas
1081 1027 1169 1093 oanis

497 1146 636 1232 Ignarus
658 1143 832 1212 adversum
854 1144 977 1234 lupos?

455 1265 540 1346 Quin
561 1265 626 1332 huo
647 1266 779 1344 inanes,
803 1267 830 1332 si
852 1277 965 1355 potes
988 1269 1088 1336 vertis
1110 1269 1232 1345 minoe,

500 1387 539 1454 lit
559 1408 612 1454 me
635 1407 856 1454 remorsurum
878 1387 990 1475 petis?

349 1567 392 1617 vt.
411 1569 494 1617 lusor.
512 1565 580 1629 volg.
599 1568 628 1616 444
645 1566 759 1618 0444444444
775 1566 907 1627 Sumen.
927 1567 953 1618 et
965 1568 1003 1617 sio
1015 1579 1045 1628 o,
1063 1565 1154 1617 Blend.
1167 1569 1239 1628 tres,
1259 1568 1346 1620 Ober-

316 1637 407 1691 linilt.
436 1666 464 1676 -
492 1641 1343 1702 umnmposumsoetmrotmtnoterqoeusotuamon

315 1713 512 1776 44444444444444444
525 1727 644 1774 meos—
662 1714 687 1763 2.
701 1714 819 1764 4444444444
830 1715 858 1774 Β,
872 1715 1019 1766 mustos
1032 1716 1094 1778 (non
1105 1713 1159 1778 be).
1177 1740 1206 1751 -
1230 1717 1255 1768 a.
1273 1724 1345 1768 444444

316 1800 385 1838 corr.
404 1789 433 1847 Β,
451 1787 543 1838 Blend.
562 1787 712 1851 iniquies,
737 1787 802 1838 Cod.
816 1789 917 1849 Dlvsei,
936 1786 1088 1852 complures
1107 1790 1238 1850 Pottierii,
1257 1792 1288 1842 C.
1313 1819 1339 1828 -

316 1860 341 1911 l.
355 1867 424 1923 pstor
440 1861 471 1925 b,
485 1867 544 1926 pote
559 1862 680 1928 plerique
697 1863 827 1923 Pottieril,
847 1863 877 1914 C.

316 2018 358 2068 Vl.
388 2020 418 2068 ln
438 2033 521 2083 quem
541 2023 694 2084 invehatur,
721 2023 810 2072 incer·
848 2018 947 2068 buendi
965 2022 1039 2080 sunt,
1059 2021 1104 2084 qui
1120 2019 1285 2072 huncusum
1305 2027 1378 2088 pert.

283 2094 342 2143 tum
364 2095 414 2143 est.
455 2091 577 2159 Plerique
600 2110 663 2147 oum
685 2101 807 2157 Acrone,
847 2094 908 2154 quin
920 2105 982 2144 curn
993 2093 1133 2144 indicativo
1145 2107 1242 2158 perum
1252 2101 1377 2147 nossent.

287 2167 391 2218 Comm.
411 2168 492 2231 Crnq.
512 2171 540 2218 et
556 2170 640 2220 codd.
659 2169 719 2234 aliq.
742 2169 810 2220 reie-
844 2167 926 2241 §orte
943 2167 971 2216 in
987 2169 1136 2231 Augustese
1154 2169 1250 2218 aetatis
1261 2171 1380 2233 scripto-

282 2243 345 2290 runt
355 2240 390 2291 ad
404 2242 665 2295 Cussinmseverum
674 2247 809 2294 oratorem
847 2241 921 2292 ribus
938 2237 1044 2290 tolerari
1057 2253 1108 2291 non
1123 2243 1213 2304 potest
1224 2243 1286 2304 quein
1296 2248 1377 2302 44444,

283 2327 348 2364 sene
359 2313 535 2378 maledicum,
549 2319 594 2380 qui
607 2321 696 2368 tumen
708 2331 770 2368 cum
781 2331 806 2368 a.
846 2327 1011 2378 quamquem
1036 2315 1200 2378 antiquiores
1226 2319 1378 2379 utrumque

282 2389 807 2453 444786.444444404444444444444444444,
845 2387 974 2452 loquendi
991 2388 1116 2450 modum¹
1136 2390 1327 2453 imperativum
1347 2393 1379 2441 et

283 2463 418 2512 circitero.
428 2465 564 2525 n.o.720.,
578 2466 689 2528 qnohoo
697 2477 807 2516 carmen
845 2463 907 2524 quin
924 2475 987 2512 oum
1004 2461 1095 2522 indlo.,
1114 2463 1153 2513 sie
1167 2462 1375 2521 oontrehebent.

282 2538 461 2600 oompositum
480 2538 600 2600 videtur,
627 2552 696 2603 puer
711 2540 808 2590 etism·
845 2539 875 2587 ut
891 2537 1029 2587 Terentius
1046 2535 1126 2586 Andr.
1140 2537 1169 2596 4,
1190 2537 1220 2596 4,
1241 2537 1286 2586 ts:
1312 2539 1377 2599 quin

282 2614 346 2659 tuno
367 2609 416 2660 tuit
434 2611 477 2662 vel
498 2611 715 2663 adolescentulus
732 2625 808 2662 sum·
845 2615 872 2660 tu
888 2609 1023 2660 ooooerlro
1034 2611 1081 2659 4444.
1099 2609 1180 2659 Andr.
1194 2610 1251 2672 zi,
1262 2611 1292 2660 9:
1312 2613 1375 2673 quta

282 2695 357 2733 mum
383 2683 436 2734 lili.
459 2699 599 2737 annorum.
634 2684 683 2737 Alii
707 2686 809 2748 cogitu—
845 2687 873 2734 tu
888 2685 933 2732 hoe
950 2683 1019 2732 4444444.
1058 2681 1111 2732 Sed
1128 2681 1220 2732 solitae
1247 2689 1375 2735 constru-

281 2758 345 2807 ruot
365 2757 399 2806 de
420 2759 535 2818 Moerin,
561 2757 633 2809 mulo
658 2762 751 2824 poeto,
781 2760 808 2809 in
845 2758 939 2808 ottonis
959 2755 1080 2821 exemplu
1100 2759 1163 2806 sunt
1179 2757 1252 2820 apud
1269 2759 1375 2810 Livium

280 2841 363 2893 quem
381 2831 574 2894 estepanis.
600 2832 660 2882 vio.
678 2833 809 2883 Kirclrner
846 2833 869 2892 4,
888 2831 934 2880 57:
954 2831 1374 2894 Quin--coosreociirnusequosl

282 2905 400 2962 04444444,
423 2903 513 2952 Ηο444.
537 2917 563 2968 p.
586 2905 628 2955 22.
647 2906 805 2966 (irotelend,
845 2903 918 2955 Ovid.
937 2906 996 2954 Am.
1015 2905 1046 2964 2,
1066 2901 1111 2963 49,
1130 2904 1178 2952 59ε
1207 2905 1275 2966 Quin
1291 2907 1374 2956 olium

281 2975 315 3025 de
332 2977 428 3038 Bovio,
452 2989 538 3042 oeque
559 2977 631 3029 mulo
648 2981 741 3044 poste,
765 2981 807 3030 in·
843 2978 1013 3040 --qooos'st
1038 2976 1084 3027 ubi
1110 2978 1175 3028 item
1201 2979 1288 3030 Codd.
1308 2980 1371 3046 aliq.

281 3052 455 3113 terpretetus,
474 3052 557 3103 refert
572 3054 607 3105 ed
624 3065 649 3106 s.
669 3055 727 3104 ito.
752 3053 804 3105 Cir.
844 3065 943 3114 quaero.
963 3051 994 3110 3,
1012 3052 1042 3110 4,
1067 3051 1112 3100 69:
1140 3052 1206 3113 (tutu
1222 3053 1372 3116 4444444444·-

280 3123 356 3175 sous
374 3125 436 3174 lior.
455 3128 498 3175 Pr.
516 3139 544 3190 p.
563 3129 620 3177 trs.
843 3125 927 3176 4444444
942 3126 1009 3174 tom
1020 3127 1078 3173 --l

313 3200 337 3247 4.
356 3199 381 3248 2.
407 3199 520 3262 tespites]
539 3203 724 3265 «peregrinos,
743 3203 803 3265 qui,
875 3201 899 3249 44.
914 3201 938 3249 6.
953 3199 1079 3260 Molossos,
1093 3212 1205 3262 magnos
1216 3213 1301 3254 onnes
1312 3203 1372 3268 Epi·

280 3272 330 3322 etsi
353 3273 451 3322 innoxii
469 3276 531 3323 sunt
547 3287 635 3338 neque
652 3273 705 3325 ulle
721 3277 748 3326 te
767 3277 805 3326 in·
842 3275 940 3324 reticos
952 3274 979 3322 et
993 3273 1127 3324 turonicos
1141 3275 1278 3340 coniungit
1290 3279 1370 3328 etism

280 3346 347 3396 iuria
364 3344 570 3408 lacessiverunt,
597 3351 623 3397 te
642 3349 730 3398 civem
752 3350 805 3399 llo-
841 3347 912 3409 virg.
933 3348 978 3395 Ge.
997 3345 1026 3406 3,
1050 3346 1111 3398 tot:
1143 3347 1238 3398 i'elooss
1260 3351 1372 3413 spartos

279 3432 390 3470 menum
408 3421 531 3471 timentes
549 3434 602 3471 non
619 3421 719 3472 audent
738 3423 806 3471 nori·
841 3421 1078 3482 ootutosocremque
1086 3421 1369 3474 Molossrenl’osoesero

279 3495 322 3542 ter
338 3494 463 3544 resistere
480 3494 558 3545 minis
579 3496 656 3546 tuis.»
677 3523 705 3531 -
723 3497 803 3560 444444]
836 3495 936 3559 ptupui.
955 3495 1091 3556 Nunquam
1102 3496 1244 3546 4444444444
1255 3499 1305 3547 iltis
1314 3501 1368 3549 Νο-

280 3567 376 3616 «homo
396 3566 551 3631 impudens,
579 3567 656 3619 simul
680 3570 801 3630 timidus,
840 3574 957 3619 4444444444
972 3569 1076 3619 smerdis
1099 3569 1182 3632 serem
1205 3571 1371 3634 inermisque

278 3640 324 3689 ubi
341 3641 367 3689 ln
380 3642 534 3704 quempiam
551 3643 679 3703 incurris,
698 3644 744 3707 qui
757 3641 803 3692 tibi
839 3644 957 3705 iteponere
972 3645 1023 3693 Aut
1036 3644 1176 3706 imperate
1191 3657 1210 3692 a
1225 3649 1297 3710 tor-qo
1309 3647 1371 3698 lor·

278 3713 380 3763 virilius
397 3715 519 3777 superior
535 3718 589 3777 est,
607 3719 638 3766 444
653 3715 732 3781 lupus
744 3719 804 3768 osni
838 3719 903 3768 robis
913 3718 1004 3768 iberos.
1021 3745 1048 3754 -
1062 3717 1148 3767 44444444
1161 3718 1208 3782 oie]
1227 3721 1287 3781 Qut,
1307 3723 1369 3784 quie

277 3789 399 3850 ignoro.»
839 3791 973 3856 praesidio
996 3794 1023 3842 44
1041 3791 1178 3843 custodiae
1196 3796 1261 3844 sunt
1280 3798 1369 3859 gregi-

310 3860 334 3909 3.
354 3858 378 3910 4.
397 3861 511 3926 sipotes]
530 3862 568 3911 «si
584 3863 693 3915 eudes».
713 3867 803 3929 lmpe·
839 3867 906 3926 bus,
925 3867 980 3917 ouri
996 3869 1057 3917 sunt
1073 3865 1235 3930 pastoribus.
1261 3869 1367 3920 Lueret.

278 3935 432 3984 retiviosrtr
449 3937 476 3986 44
488 3940 553 3996 pets,
572 3937 720 3988 ulubrioio
733 3940 804 4003 (pru-
840 3941 871 4000 6,
892 3941 968 3990 tiso:
992 3941 1046 4004 444444
1069 3952 1162 3990 seorim
1188 3941 1235 3990 444.
1277 3943 1366 4006 virgil.

279 4007 376 4056 denter
387 4011 476 4059 temen
489 4010 567 4060 metri
577 4022 656 4061 ceusu
669 4011 706 4062 sic
718 4014 804 4064 truns-
839 4017 905 4064 Aen.
925 4014 956 4076 4,
976 4014 1039 4063 tas:
1059 4016 1139 4064 odoro
1155 4028 1249 4066 44444444
1265 4017 1311 4066 eis.

221 4078 226 4090 “
277 4084 410 4141 ponente:
438 4087 514 4145 voris,
532 4084 554 4132 44
569 4090 648 4146 poter,
666 4086 758 4149 minos)
777 4089 803 4136 et
873 4088 897 4137 4.
917 4087 941 4138 44.
965 4101 1028 4137 crore
1043 4087 1150 4153 4444444444]
1170 4091 1297 4142 «arrectis
1320 4105 1368 4142 su-

277 4154 396 4215 cruquio
420 4158 534 4220 recepti,
571 4171 657 4222 nuper
678 4171 693 4208 e
711 4159 803 4210 Peerl-
841 4160 915 4212 ribus
933 4159 1022 4212 ulsoer
1039 4162 1171 4225 agitabo.»
1185 4189 1214 4200 -
1225 4167 1366 4230 praecedet}

277 4225 508 4290 kempioproboti,
527 4231 618 4295 utique
629 4231 743 4283 librariis
756 4235 803 4283 tri-
841 4249 871 4284 «n
896 4249 938 4286 me
957 4233 1072 4286 e'lustro
1097 4239 1210 4288 excitato
1231 4243 1257 4289 44
1280 4240 1306 4290 in
1324 4241 1367 4290 iu·
