2934 4884
682 352 811 403 Hoasi'ii
828 350 999 403 clamauit

422 508 640 595 Mavortisque
662 528 765 594 puer,
790 506 817 571 si
840 504 1038 571 taciturnitas

424 629 577 697 Obstaret
598 628 720 695 meritis
744 626 851 694 invida
873 624 1024 692 Romuli?

423 751 577 837 Ereptum
597 748 718 836 Stygiis
742 746 893 815 fluctibus
915 749 1057 813 Aeacum

425 872 531 939 Virtus
555 880 588 937 et
609 870 700 935 lavor
721 879 754 935 et
774 868 884 955 lingua
905 866 1084 953 potentium

424 994 539 1060 ilatum
561 988 714 1056 divitibus
736 998 907 1056 consecrat
928 986 1050 1053 insulis.

422 1112 561 1199 Dignum
582 1110 678 1177 laude
700 1110 807 1175 virum
827 1110 917 1175 liusa
939 1117 1027 1173 vetat
1047 1108 1149 1173 mori:

426 1231 524 1301 Caelo
547 1233 638 1297 ldusa
658 1230 744 1297 beat.
789 1229 844 1296 Sic
865 1228 950 1294 lovis
972 1229 1106 1294 interest

424 1353 549 1441 Optatis
573 1350 678 1438 epulis
699 1351 838 1437 impiger
859 1348 1032 1423 Hercules,

425 1470 781 1559 Clarumss'lyndaridae
804 1469 895 1535 sidus
916 1468 958 1535 ab
980 1466 1097 1533 infimis

424 1596 569 1673 Quassus
591 1591 731 1678 eripiunt
752 1588 951 1677 aequoribus
973 1599 1079 1664 rates,

365 1791 406 1843 id.
424 1788 542 1853 Aeacum]
561 1800 670 1850 aequom
686 1787 713 1836 T.
736 1813 764 1822 -
782 1786 824 1837 26.
838 1798 923 1848 pavor
938 1785 967 1833 Τ.
988 1810 1016 1821 -
1034 1784 1076 1833 99.
1094 1782 1187 1834 mutua
1206 1784 1249 1834 Sic
1265 1784 1292 1833 Τ.

297 1969 420 2019 maneret
431 1968 512 2017 etiam
522 1962 663 2026 Romulus,
682 1964 733 2014 uisi
750 1960 823 2013 cele·
859 1960 1004 2013 Provida:
1023 1961 1371 2023 nordhamtonam

298 2040 393 2093 bratus
410 2041 483 2091 esset
499 2054 515 2089 a
531 2039 634 2104 poetis,
663 2039 823 2102 praesertim
857 2050 917 2086 nim
936 2038 1034 2086 mmm
1053 2041 1077 2086 si
1096 2038 1140 2097 qni
1160 2036 1249 2086 tisoni
1268 2037 1370 2085 undant

297 2115 332 2166 ab
344 2115 428 2166 Ennio
440 2114 511 2178 apud
524 2114 578 2163 Cic.
598 2111 632 2162 de
647 2114 711 2177 liep.
730 2111 799 2174 l‚ll
814 2125 820 2160 ι
890 2111 924 2159 28
935 2136 950 2147 -
960 2109 1002 2160 at.
1019 2115 1088 2159 octat
1096 2109 1175 2173 mori]
1194 2110 1272 2160 «Eius
1284 2122 1371 2160 nomen

295 2189 451 2249 Oliomola,
468 2186 570 2238 Romulo
602 2187 657 2248 dis,
680 2187 785 2249 οιιοὶοοι
801 2190 825 2235 te
859 2184 967 2233 interire
982 2184 1219 2246 nunqnnmsinit.»
1234 2208 1262 2219 -
1285 2184 1373 2234 Cocio·

292 2266 397 2326 putn'no
421 2263 546 2313 nulodan
568 2261 594 2310 di
615 2263 773 2324 peccarunt!
802 2261 823 2310 0
859 2256 922 2319 boot]
949 2258 992 2307 «in
1017 2256 1092 2307 caelo
1114 2256 1277 2307 collocatum
1296 2257 1373 2307 reddit

292 2344 387 2402 poter,
416 2337 570 2401 connitor!
607 2348 760 2399 occupator
784 2335 823 2383 dis
858 2330 1374 2395 beatum.»Epp.t‚l8,75:dlsmia

295 2412 446 2463 mommo!
457 2436 485 2447 -
498 2410 686 2471 Taprodrmirti
697 2410 823 2459 mainan
854 2418 938 2467 paruo
954 2404 1013 2455 lact.
1043 2404 1126 2467 (Ouid.
1146 2417 1179 2455 ex
1199 2408 1284 2457 Ponto
1304 2406 1333 2465 l,
1350 2406 1373 2463 8,

296 2486 397 2537 lmuiuis
414 2498 481 2534 oros.
503 2510 530 2522 -
560 2484 760 2533 siwciturnitns
776 2483 823 2533 Od-
858 2481 908 2529 ss:
925 2479 1246 2541 Dipnoqncennninidtu,
1263 2482 1375 2542 cisum

294 2557 502 2621 staret-inuida]
522 2558 563 2606 uSi
574 2558 674 2621 posteri
691 2557 772 2607 invidi
787 2557 822 2607 de
858 2553 1046 2617 mamiliani.)
1064 2578 1093 2590 -
1113 2554 1164 2615 Sic]
1181 2567 1233 2617 per
1243 2558 1374 2617 poetarum

296 2647 329 2684 eo
356 2632 526 2682 tacuissent.»
555 2630 607 2680 Cir.
629 2630 819 2691 on.t‚a‚33:
859 2627 985 2677 carmina.
1006 2650 1034 2663 -
1062 2627 1171 2688 Opmtis]
1191 2626 1243 2677 «ab
1259 2627 1374 2679 omnibns

295 2706 386 2756 uvidas
405 2704 549 2753 obliviones.
568 2703 822 2766 Victoremapoets
858 2701 921 2751 viris
946 2701 1097 2763 generosis,
1135 2702 1182 2764 qui
1214 2701 1299 2753 rebus
1325 2702 1373 2752 suis

295 2778 461 2830 celebratum
473 2770 593 2841 σιγαλὸν
604 2769 771 2838 ἀμαχανίαν
779 2771 823 2847 ἔρ-
858 2776 941 2839 gestis
953 2775 987 2825 sd
998 2774 1227 2825 immortalitatem
1238 2777 1373 2840 aspirant.»

293 2868 335 2920 pp
352 2846 485 2916 φυγόντα
504 2851 582 2899 vocnt
598 2848 725 2900 Pindarus
743 2852 820 2913 Pyth.
859 2850 1027 2900 Hermannus
1051 2851 1079 2898 in
1100 2862 1168 2899 nova
1192 2862 1241 2900 sua
1259 2849 1375 2900 carminis

294 2926 325 2987 9,
345 2925 385 2974 99.
859 2925 1059 2975 constitutione:
1078 2923 1181 2973 (ididam
1201 2952 1230 2961 -
1259 2922 1373 2987 amus]

325 2998 358 3048 25
373 3024 388 3035 -
403 2997 444 3047 27.
478 2995 601 3058 Amnum]
635 2998 680 3060 qui
707 2998 821 3048 immor·
858 2998 1067 3049 Pulcherrimam
1082 2998 1226 3060 imaginem
1235 2998 1373 3049 Herculisa

294 3070 385 3123 talitali
420 3072 591 3121 consecratus
624 3082 706 3135 saepe
735 3071 822 3122 laudi·
857 3074 920 3122 love
930 3074 957 3121 et
965 3072 1078 3122 Victoria
1091 3072 1118 3121 in
1129 3070 1204 3121 caelo
1212 3070 1374 3136 receptivide

293 3144 346 3196 bus
358 3143 536 3194 celebratura
548 3143 676 3205 Pindaro,
696 3142 756 3195 loco
770 3146 822 3197 im·
858 3146 931 3209 apud
943 3144 1063 3195 Gerhard
1074 3146 1177 3207 Vnscnp.
1188 3146 1220 3194 11.
1235 3147 1263 3195 Τ.
1275 3146 1372 3197 cxiii.

293 3220 387 3285 primis
413 3218 521 3269 notabili
552 3219 644 3269 lsthm.
673 3220 688 3268 'l
716 3219 758 3283 (al.
785 3222 820 3282 8),
860 3247 888 3256 -
916 3219 1087 3281 ipndnidcc]
1111 3219 1207 3269 Castor
1230 3222 1259 3269 st
1278 3219 1372 3277 Pollux.

294 3293 351 3355 23„
370 3292 416 3343 ubi
429 3292 462 3341 dc
476 3304 508 3342 eo
521 3289 596 3341 dicit:
620 3286 698 3342 ὃκαὶ
709 3291 821 3358 Δαιμό-
855 3293 950 3355 paim
972 3292 1094 3353 licimo,
1112 3292 1197 3341 lucido
1212 3294 1312 3354 sideru¹
1332 3291 1372 3342 od.

293 3380 376 3416 νεσοι
398 3362 480 3428 δίκας
494 3362 645 3435 ἐπείραινε.
669 3392 696 3401 -
726 3367 819 3432 Virtus]
858 3366 931 3427 t,a,
944 3367 969 3416 2.
989 3392 1017 3403 -
1036 3365 1069 3415 od
1084 3367 1184 3429 ἰοβοιίε]
1202 3367 1305 3418 Eadem
1321 3378 1374 3417 con-

295 3441 351 3490 «vis
374 3440 485 3502 ingenii,
512 3438 623 3489 incultas
644 3441 775 3503 politica.»
791 3468 817 3479 -
857 3440 968 3490 structio
993 3441 1075 3490 etiam
1099 3440 1127 3489 in
1147 3453 1229 3502 prosa
1252 3444 1371 3491 oratione.

290 3512 442 3577 poimiircn]
469 3514 500 3561 ut
524 3510 572 3561 Od.
591 3512 622 3573 3,
641 3512 686 3575 30,
707 3515 757 3564 42ε
788 3528 822 3565 eor
857 3511 967 3563 liutilius
983 3514 1049 3577 Lup.
1067 3514 1099 3573 2,
1117 3512 1151 3563 i:
1179 3519 1209 3564 ot
1229 3528 1256 3565 aa
1276 3514 1372 3565 critola¹

293 3586 484 3647 mundipotens.
519 3586 819 3650 romnussuntpostae,
856 3587 1022 3637 mummius
1038 3587 1161 3649 eripiatis.
1197 3587 1273 3638 idem
1287 3591 1317 3651 2,
1331 3586 1371 3638 li:

295 3662 428 3723 quatmus
463 3657 690 3709 immortalitatem
718 3660 820 3713 donare
856 3662 935 3712 socios
950 3666 1048 3711 nocuos
1063 3663 1094 3712 dc
1109 3663 1371 3725 mmmm

294 3735 417 3796 possunt.
438 3760 465 3769 -
484 3730 624 3783 diuitibus-
635 3734 731 3798 insulis]
750 3735 822 3785 «ior-
860 3762 887 3771 -
906 3735 1025 3797 eripimur]
1043 3736 1155 3785 Theocr.
1174 3736 1222 3798 22,
1246 3738 1291 3787 ii:
1317 3730 1371 3785 'sii'

294 3806 417 3857 tuuatisn.
452 3806 495 3855 sic
518 3806 571 3857 iam
598 3807 681 3871 Epod.
710 3809 757 3869 46,
777 3808 819 3860 ia.
856 3802 951 3873 ἔμπας
979 3804 1062 3873 ὑμεῖς
1087 3824 1121 3876 ys
1147 3810 1199 3860 sai
1226 3808 1260 3861 ἐκ
1287 3802 1371 3871 βυθοῦ

293 3875 346 3942 τὼς
361 3874 501 3949 μακάρων
521 3874 630 3944 νήσους
652 3884 770 3931 suomet.
791 3908 819 3919 -
858 3875 953 3932 iissre
979 3880 1051 3945 νᾶας
1076 3877 1215 3933 Αὐτοτοιν
1244 3883 1372 3955 ναύτῃσιν

293 3954 429 4018 οοοεοονοε]
443 3956 554 4004 Sanctae
568 3954 640 4005 enim
651 3958 713 4005 sunt
725 3968 820 4006 omnes
858 3950 1005 4021 ὀϊομένοις
1013 3956 1181 4007 θανέεσθαι,
1191 3958 1370 4022 Euripldlectr.

293 4025 374 4090 Elysii
391 4027 513 4079 umbrae.
542 4028 596 4079 Cic.
618 4026 682 4077 Phil.
706 4027 752 4089 ti,
770 4030 818 4079 li:
857 4029 922 4079 990:
951 4025 1070 4098 κούροιν
1085 4027 1172 4092 Διός,
1192 4030 1222 4079 oi
1236 4024 1371 4099 φλογερὰν

293 4100 437 4163 formatici,
464 4103 524 4153 doru
539 4103 650 4163 cinctu,
677 4115 745 4151 nuic
760 4115 821 4151 ocro
857 4102 948 4174 αἰθέρ’
966 4102 997 4153 ἐν
1014 4096 1134 4175 ἄστροις
1148 4104 1289 4164 Ναίοοσι,
1311 4102 1370 4170 tipo

295 4174 370 4225 stiam
386 4177 535 4227 sanctissimi
551 4176 648 4227 motas.
668 4174 770 4227 Seneca
785 4176 819 4226 de
857 4173 923 4232 τῶν,
939 4176 970 4227 ἐν
995 4172 1067 4240 ἁλὸς
1083 4172 1197 4248 ῥοθίοις
1214 4174 1309 4244 Τιμὰς
1323 4190 1370 4226 no
