<?xml version="1.0" encoding="UTF-8"?>
<!DOCTYPE html PUBLIC "-//W3C//DTD XHTML 1.0 Transitional//EN"
    "http://www.w3.org/TR/xhtml1/DTD/xhtml1-transitional.dtd">
<html xmlns="http://www.w3.org/1999/xhtml" xml:lang="en" lang="en">
 <head>
  <title>
</title>
<meta http-equiv="Content-Type" content="text/html;charset=utf-8" />
  <meta name='ocr-system' content='tesseract 3.04.00' />
  <meta name='ocr-capabilities' content='ocr_page ocr_carea ocr_par ocr_line ocrx_word'/>
</head>
<body>
  <div class='ocr_page' id='page_1' title='image "./qhoratiusflaccu04baitgoog/qhoratiusflaccu04baitgoog_0310.png"; bbox 0 0 2934 4884; ppageno 0'>
   <div class='ocr_carea' id='block_1_1' title="bbox 607 342 924 394">
    <p class='ocr_par' dir='ltr' id='par_1_1' title="bbox 607 342 924 394">
     <span class='ocr_line' id='line_1_1' title="bbox 607 342 924 394; baseline -0.006 0"><span class='ocrx_word' id='word_1_1' title='bbox 607 343 738 394; x_wconf 73' lang='lat' dir='ltr'><strong>donarit</strong></span> <span class='ocrx_word' id='word_1_2' title='bbox 755 342 924 393; x_wconf 72' lang='lat' dir='ltr'><strong>clamauit</strong></span> 
     </span>
    </p>
   </div>
   <div class='ocr_carea' id='block_1_2' title="bbox 397 497 1082 830">
    <p class='ocr_par' dir='ltr' id='par_1_2' title="bbox 397 497 1082 830">
     <span class='ocr_line' id='line_1_2' title="bbox 399 497 996 586; baseline -0.012 -19"><span class='ocrx_word' id='word_1_3' title='bbox 399 501 494 567; x_wconf 83' lang='lat' dir='ltr'><strong>Dices</strong></span> <span class='ocrx_word' id='word_1_4' title='bbox 518 499 658 566; x_wconf 87' lang='lat' dir='ltr'><strong>historiis</strong></span> <span class='ocrx_word' id='word_1_5' title='bbox 682 497 806 586; x_wconf 90' lang='lat' dir='ltr'><strong>proelia</strong></span> <span class='ocrx_word' id='word_1_6' title='bbox 828 498 996 572; x_wconf 80' lang='lat' dir='ltr'>Caesaris,</span> 
     </span>
     <span class='ocr_line' id='line_1_3' title="bbox 397 618 1082 706; baseline -0.007 -20"><span class='ocrx_word' id='word_1_7' title='bbox 397 625 586 696; x_wconf 81' lang='lat' dir='ltr'>Maecenas,</span> <span class='ocrx_word' id='word_1_8' title='bbox 611 618 725 686; x_wconf 88' lang='lat' dir='ltr'><strong>melius</strong></span> <span class='ocrx_word' id='word_1_9' title='bbox 746 618 910 706; x_wconf 85' lang='lat' dir='ltr'><strong>ductaque</strong></span> <span class='ocrx_word' id='word_1_10' title='bbox 932 638 992 705; x_wconf 92' lang='lat' dir='ltr'><strong>per</strong></span> <span class='ocrx_word' id='word_1_11' title='bbox 1013 618 1082 682; x_wconf 87' lang='lat' dir='ltr'><strong>vias</strong></span> 
     </span>
     <span class='ocr_line' id='line_1_4' title="bbox 480 741 911 830; baseline -0.019 -20"><span class='ocrx_word' id='word_1_12' title='bbox 480 745 603 830; x_wconf 82' lang='lat' dir='ltr'>Regum</span> <span class='ocrx_word' id='word_1_13' title='bbox 626 741 708 808; x_wconf 89' lang='lat' dir='ltr'><strong>colla</strong></span> <span class='ocrx_word' id='word_1_14' title='bbox 730 741 911 806; x_wconf 81' lang='lat' dir='ltr'><strong>minacium.</strong></span> 
     </span>
    </p>
   </div>
   <div class='ocr_carea' id='block_1_3' title="bbox 293 917 988 983">
    <p class='ocr_par' dir='ltr' id='par_1_3' title="bbox 293 917 988 983">
     <span class='ocr_line' id='line_1_5' title="bbox 293 917 988 983; baseline -0.009 -9"><span class='ocrx_word' id='word_1_15' title='bbox 293 928 332 975; x_wconf 70' lang='lat' dir='ltr'><strong>th.</strong></span> <span class='ocrx_word' id='word_1_16' title='bbox 351 924 485 973; x_wconf 63' lang='lat' dir='ltr'><strong>minutum</strong></span> <span class='ocrx_word' id='word_1_17' title='bbox 502 924 535 983; x_wconf 86' lang='lat' dir='ltr'><strong>T,</strong></span> <span class='ocrx_word' id='word_1_18' title='bbox 555 921 705 970; x_wconf 80' lang='lat' dir='ltr'><strong>minantium</strong></span> <span class='ocrx_word' id='word_1_19' title='bbox 722 921 740 969; x_wconf 87' lang='lat' dir='ltr'>S</span> <span class='ocrx_word' id='word_1_20' title='bbox 757 921 785 968; x_wconf 93' lang='lat' dir='ltr'><strong>et</strong></span> <span class='ocrx_word' id='word_1_21' title='bbox 801 931 870 969; x_wconf 89' lang='lat' dir='ltr'><strong>corr.</strong></span> <span class='ocrx_word' id='word_1_22' title='bbox 891 917 922 980; x_wconf 88' lang='lat' dir='ltr'><strong>b,</strong></span> <span class='ocrx_word' id='word_1_23' title='bbox 941 919 988 979; x_wconf 84' lang='grc' dir='ltr'><strong>βκ.</strong></span> 
     </span>
    </p>
   </div>
   <div class='ocr_carea' id='block_1_4' title="bbox 182 1079 1319 4272">
    <p class='ocr_par' dir='ltr' id='par_1_4' title="bbox 182 1079 1319 3224">
     <span class='ocr_line' id='line_1_6' title="bbox 227 1079 1319 1152; baseline -0.005 -18"><span class='ocrx_word' id='word_1_24' title='bbox 227 1086 276 1134; x_wconf 70' lang='lat' dir='ltr'><strong>nol</strong></span> <span class='ocrx_word' id='word_1_25' title='bbox 292 1079 366 1149; x_wconf 76' lang='grc' dir='ltr'><em>μετὰ</em></span> <span class='ocrx_word' id='word_1_26' title='bbox 383 1084 503 1152; x_wconf 79' lang='grc' dir='ltr'><em>μέτρων.</em></span> <span class='ocrx_word' id='word_1_27' title='bbox 526 1109 552 1117; x_wconf 91' lang='grc'>-</span> <span class='ocrx_word' id='word_1_28' title='bbox 573 1081 633 1131; x_wconf 92' lang='lat' dir='ltr'><strong>Mihi</strong></span> <span class='ocrx_word' id='word_1_29' title='bbox 645 1079 752 1130; x_wconf 86' lang='lat' dir='ltr'><strong>videtur</strong></span> <span class='ocrx_word' id='word_1_30' title='bbox 788 1079 879 1142; x_wconf 89' lang='lat' dir='ltr'><strong>partes</strong></span> <span class='ocrx_word' id='word_1_31' title='bbox 896 1090 911 1126; x_wconf 88' lang='lat' dir='ltr'><strong>a</strong></span> <span class='ocrx_word' id='word_1_32' title='bbox 927 1089 959 1126; x_wconf 90' lang='lat' dir='ltr'><strong>so</strong></span> <span class='ocrx_word' id='word_1_33' title='bbox 977 1080 1116 1140; x_wconf 87' lang='lat' dir='ltr'><strong>susceptas</strong></span> <span class='ocrx_word' id='word_1_34' title='bbox 1144 1091 1205 1128; x_wconf 86' lang='lat' dir='ltr'><strong>esse</strong></span> <span class='ocrx_word' id='word_1_35' title='bbox 1229 1079 1319 1128; x_wconf 89' lang='lat' dir='ltr'><strong>simu-</strong></span> 
     </span>
     <span class='ocr_line' id='line_1_7' title="bbox 226 1151 1318 1216; baseline -0.007 -7"><span class='ocrx_word' id='word_1_36' title='bbox 226 1160 300 1210; x_wconf 90' lang='lat' dir='ltr'><strong>locus</strong></span> <span class='ocrx_word' id='word_1_37' title='bbox 318 1159 480 1209; x_wconf 87' lang='lat' dir='ltr'><strong>communis:</strong></span> <span class='ocrx_word' id='word_1_38' title='bbox 501 1158 552 1206; x_wconf 68' lang='lat' dir='ltr'><strong>«Et</strong></span> <span class='ocrx_word' id='word_1_39' title='bbox 564 1159 638 1206; x_wconf 92' lang='lat' dir='ltr'><strong>certe</strong></span> <span class='ocrx_word' id='word_1_40' title='bbox 656 1153 752 1205; x_wconf 88' lang='lat' dir='ltr'><strong>melius</strong></span> <span class='ocrx_word' id='word_1_41' title='bbox 787 1151 867 1212; x_wconf 90' lang='lat' dir='ltr'><strong>larat,</strong></span> <span class='ocrx_word' id='word_1_42' title='bbox 886 1153 1017 1214; x_wconf 80' lang='lat' dir='ltr'>insignem</span> <span class='ocrx_word' id='word_1_43' title='bbox 1034 1153 1061 1201; x_wconf 92' lang='lat' dir='ltr'><strong>in</strong></span> <span class='ocrx_word' id='word_1_44' title='bbox 1073 1152 1232 1202; x_wconf 83' lang='lat' dir='ltr'>Ciceronem</span> <span class='ocrx_word' id='word_1_45' title='bbox 1249 1166 1318 1216; x_wconf 90' lang='lat' dir='ltr'><strong>per·</strong></span> 
     </span>
     <span class='ocr_line' id='line_1_8' title="bbox 226 1225 1319 1298; baseline -0.006 -15"><span class='ocrx_word' id='word_1_46' title='bbox 226 1249 306 1298; x_wconf 88' lang='lat' dir='ltr'><strong>prosa</strong></span> <span class='ocrx_word' id='word_1_47' title='bbox 318 1235 438 1283; x_wconf 89' lang='lat' dir='ltr'><strong>oratione</strong></span> <span class='ocrx_word' id='word_1_48' title='bbox 451 1233 619 1295; x_wconf 70' lang='lat' dir='ltr'><strong>exponentur</strong></span> <span class='ocrx_word' id='word_1_49' title='bbox 630 1229 752 1279; x_wconf 88' lang='lat' dir='ltr'><strong>Caesaris</strong></span> <span class='ocrx_word' id='word_1_50' title='bbox 787 1225 895 1287; x_wconf 80' lang='lat' dir='ltr'><strong>fidiam,</strong></span> <span class='ocrx_word' id='word_1_51' title='bbox 922 1228 1102 1289; x_wconf 90' lang='lat' dir='ltr'><strong>importunam</strong></span> <span class='ocrx_word' id='word_1_52' title='bbox 1120 1231 1200 1289; x_wconf 89' lang='lat' dir='ltr'><strong>atque</strong></span> <span class='ocrx_word' id='word_1_53' title='bbox 1217 1229 1319 1277; x_wconf 89' lang='lat' dir='ltr'><strong>imma-</strong></span> 
     </span>
     <span class='ocr_line' id='line_1_9' title="bbox 225 1301 1318 1371; baseline -0.006 -13"><span class='ocrx_word' id='word_1_54' title='bbox 225 1310 403 1371; x_wconf 67' lang='lat' dir='ltr'><strong>magestas«</strong></span> <span class='ocrx_word' id='word_1_55' title='bbox 440 1309 475 1356; x_wconf 82' lang='lat' dir='ltr'><strong>Tu</strong></span> <span class='ocrx_word' id='word_1_56' title='bbox 499 1307 577 1368; x_wconf 79' lang='lat' dir='ltr'><strong>igitur</strong></span> <span class='ocrx_word' id='word_1_57' title='bbox 602 1305 666 1354; x_wconf 92' lang='lat' dir='ltr'><strong>mihi</strong></span> <span class='ocrx_word' id='word_1_58' title='bbox 691 1306 750 1362; x_wconf 89' lang='lat' dir='ltr'><strong>est,</strong></span> <span class='ocrx_word' id='word_1_59' title='bbox 788 1301 886 1349; x_wconf 89' lang='lat' dir='ltr'><strong>nemin</strong></span> <span class='ocrx_word' id='word_1_60' title='bbox 895 1301 1060 1364; x_wconf 90' lang='lat' dir='ltr'><strong>proscriptos</strong></span> <span class='ocrx_word' id='word_1_61' title='bbox 1069 1302 1216 1360; x_wconf 83' lang='lat' dir='ltr'><strong>saevitiam,</strong></span> <span class='ocrx_word' id='word_1_62' title='bbox 1226 1315 1318 1364; x_wconf 87' lang='lat' dir='ltr'><strong>nsque</strong></span> 
     </span>
     <span class='ocr_line' id='line_1_10' title="bbox 225 1372 1317 1444; baseline -0.007 -12"><span class='ocrx_word' id='word_1_63' title='bbox 225 1386 254 1431; x_wconf 90' lang='lat' dir='ltr'><strong>ut</strong></span> <span class='ocrx_word' id='word_1_64' title='bbox 270 1385 305 1432; x_wconf 87' lang='lat' dir='ltr'><strong>ita</strong></span> <span class='ocrx_word' id='word_1_65' title='bbox 324 1382 424 1442; x_wconf 88' lang='lat' dir='ltr'><strong>dicam,</strong></span> <span class='ocrx_word' id='word_1_66' title='bbox 451 1392 601 1444; x_wconf 86' lang='lat' dir='ltr'><strong>pronomen</strong></span> <span class='ocrx_word' id='word_1_67' title='bbox 628 1389 752 1427; x_wconf 92' lang='lat' dir='ltr'><strong>commu·</strong></span> <span class='ocrx_word' id='word_1_68' title='bbox 788 1374 822 1423; x_wconf 90' lang='lat' dir='ltr'><strong>ad</strong></span> <span class='ocrx_word' id='word_1_69' title='bbox 843 1372 1084 1425; x_wconf 79' lang='lat' dir='ltr'><strong>celebratissimum</strong></span> <span class='ocrx_word' id='word_1_70' title='bbox 1104 1374 1183 1424; x_wconf 92' lang='lat' dir='ltr'><strong>illud:</strong></span> <span class='ocrx_word' id='word_1_71' title='bbox 1215 1377 1317 1439; x_wconf 75' lang='lat' dir='ltr'><strong>«Surge</strong></span> 
     </span>
     <span class='ocr_line' id='line_1_11' title="bbox 225 1448 1318 1514; baseline -0.006 -9"><span class='ocrx_word' id='word_1_72' title='bbox 225 1457 364 1506; x_wconf 80' lang='lat' dir='ltr'><strong>nicationis</strong></span> <span class='ocrx_word' id='word_1_73' title='bbox 382 1468 444 1505; x_wconf 86' lang='lat' dir='ltr'><strong>cum</strong></span> <span class='ocrx_word' id='word_1_74' title='bbox 461 1451 598 1512; x_wconf 90' lang='lat' dir='ltr'><strong>omnibus,</strong></span> <span class='ocrx_word' id='word_1_75' title='bbox 618 1453 663 1514; x_wconf 90' lang='lat' dir='ltr'><strong>qui</strong></span> <span class='ocrx_word' id='word_1_76' title='bbox 681 1453 751 1500; x_wconf 88' lang='lat' dir='ltr'><strong>Cae·</strong></span> <span class='ocrx_word' id='word_1_77' title='bbox 788 1448 898 1498; x_wconf 85' lang='lat' dir='ltr'><strong>tandem</strong></span> <span class='ocrx_word' id='word_1_78' title='bbox 923 1448 1073 1497; x_wconf 80' lang='lat' dir='ltr'><strong>carnitext»</strong></span> <span class='ocrx_word' id='word_1_79' title='bbox 1110 1461 1198 1512; x_wconf 88' lang='lat' dir='ltr'><strong>neque</strong></span> <span class='ocrx_word' id='word_1_80' title='bbox 1226 1450 1318 1511; x_wconf 86' lang='lat' dir='ltr'><strong>magis</strong></span> 
     </span>
     <span class='ocr_line' id='line_1_12' title="bbox 225 1520 1317 1591; baseline -0.006 -12"><span class='ocrx_word' id='word_1_81' title='bbox 225 1532 291 1580; x_wconf 87' lang='lat' dir='ltr'><strong>saris</strong></span> <span class='ocrx_word' id='word_1_82' title='bbox 316 1543 361 1580; x_wconf 88' lang='lat' dir='ltr'><strong>res</strong></span> <span class='ocrx_word' id='word_1_83' title='bbox 386 1530 475 1591; x_wconf 82' lang='lat' dir='ltr'><strong>gestas</strong></span> <span class='ocrx_word' id='word_1_84' title='bbox 502 1526 596 1576; x_wconf 88' lang='lat' dir='ltr'><strong>litteris</strong></span> <span class='ocrx_word' id='word_1_85' title='bbox 622 1524 750 1575; x_wconf 90' lang='lat' dir='ltr'><strong>mandare</strong></span> <span class='ocrx_word' id='word_1_86' title='bbox 787 1523 964 1572; x_wconf 86' lang='lat' dir='ltr'><strong>astutissimas</strong></span> <span class='ocrx_word' id='word_1_87' title='bbox 999 1520 1057 1571; x_wconf 86' lang='lat' dir='ltr'><strong>illas</strong></span> <span class='ocrx_word' id='word_1_88' title='bbox 1090 1525 1174 1583; x_wconf 88' lang='lat' dir='ltr'><strong>artes,</strong></span> <span class='ocrx_word' id='word_1_89' title='bbox 1215 1523 1317 1586; x_wconf 83' lang='lat' dir='ltr'><strong>quibus</strong></span> 
     </span>
     <span class='ocr_line' id='line_1_13' title="bbox 226 1596 1318 1666; baseline -0.005 -15"><span class='ocrx_word' id='word_1_90' title='bbox 226 1602 306 1653; x_wconf 85' lang='lat' dir='ltr'><strong>velint</strong></span> <span class='ocrx_word' id='word_1_91' title='bbox 323 1607 350 1652; x_wconf 89' lang='lat' dir='ltr'><strong>et</strong></span> <span class='ocrx_word' id='word_1_92' title='bbox 366 1604 478 1666; x_wconf 91' lang='lat' dir='ltr'><strong>possint.</strong></span> <span class='ocrx_word' id='word_1_93' title='bbox 503 1599 580 1661; x_wconf 83' lang='lat' dir='ltr'><strong>Quod</strong></span> <span class='ocrx_word' id='word_1_94' title='bbox 597 1600 704 1648; x_wconf 80' lang='lat' dir='ltr'><strong>Servius</strong></span> <span class='ocrx_word' id='word_1_95' title='bbox 716 1597 752 1647; x_wconf 89' lang='lat' dir='ltr'><strong>ad</strong></span> <span class='ocrx_word' id='word_1_96' title='bbox 787 1596 922 1661; x_wconf 78' lang='lat' dir='ltr'><strong>paullatim</strong></span> <span class='ocrx_word' id='word_1_97' title='bbox 948 1597 1159 1647; x_wconf 90' lang='lat' dir='ltr'><strong>dominationem</strong></span> <span class='ocrx_word' id='word_1_98' title='bbox 1180 1599 1318 1660; x_wconf 86' lang='lat' dir='ltr'><strong>acquisie-</strong></span> 
     </span>
     <span class='ocr_line' id='line_1_14' title="bbox 225 1669 1317 1736; baseline -0.004 -10"><span class='ocrx_word' id='word_1_99' title='bbox 225 1680 271 1726; x_wconf 89' lang='lat' dir='ltr'><strong>Ge.</strong></span> <span class='ocrx_word' id='word_1_100' title='bbox 290 1679 318 1736; x_wconf 71' lang='grc' dir='ltr'><strong>Ξ,</strong></span> <span class='ocrx_word' id='word_1_101' title='bbox 336 1676 376 1726; x_wconf 71' lang='lat' dir='ltr'><strong>ti.</strong></span> <span class='ocrx_word' id='word_1_102' title='bbox 397 1676 477 1724; x_wconf 78' lang='lat' dir='ltr'><strong>tradit</strong></span> <span class='ocrx_word' id='word_1_103' title='bbox 493 1688 507 1723; x_wconf 91' lang='lat' dir='ltr'><strong>a</strong></span> <span class='ocrx_word' id='word_1_104' title='bbox 526 1675 678 1724; x_wconf 76' lang='lat' dir='ltr'><strong>Maecenate</strong></span> <span class='ocrx_word' id='word_1_105' title='bbox 695 1673 752 1722; x_wconf 74' lang='lat' dir='ltr'><strong>itu-</strong></span> <span class='ocrx_word' id='word_1_106' title='bbox 789 1673 830 1720; x_wconf 87' lang='lat' dir='ltr'><strong>rat</strong></span> <span class='ocrx_word' id='word_1_107' title='bbox 854 1669 915 1730; x_wconf 90' lang='lat' dir='ltr'><strong>ille,</strong></span> <span class='ocrx_word' id='word_1_108' title='bbox 942 1685 993 1720; x_wconf 90' lang='lat' dir='ltr'><strong>nec</strong></span> <span class='ocrx_word' id='word_1_109' title='bbox 1018 1671 1135 1734; x_wconf 87' lang='lat' dir='ltr'><strong>denique</strong></span> <span class='ocrx_word' id='word_1_110' title='bbox 1161 1674 1233 1723; x_wconf 82' lang='lat' dir='ltr'><strong>artes</strong></span> <span class='ocrx_word' id='word_1_111' title='bbox 1250 1685 1317 1722; x_wconf 84' lang='lat' dir='ltr'><strong>suas</strong></span> 
     </span>
     <span class='ocr_line' id='line_1_15' title="bbox 224 1744 1316 1814; baseline -0.005 -15"><span class='ocrx_word' id='word_1_112' title='bbox 224 1751 292 1814; x_wconf 84' lang='lat' dir='ltr'><strong>gusti</strong></span> <span class='ocrx_word' id='word_1_113' title='bbox 310 1753 384 1812; x_wconf 78' lang='lat' dir='ltr'><strong>gesta</strong></span> <span class='ocrx_word' id='word_1_114' title='bbox 402 1748 535 1812; x_wconf 88' lang='lat' dir='ltr'><strong>descripta</strong></span> <span class='ocrx_word' id='word_1_115' title='bbox 554 1761 632 1806; x_wconf 88' lang='lat' dir='ltr'><strong>esse,</strong></span> <span class='ocrx_word' id='word_1_116' title='bbox 656 1760 689 1796; x_wconf 86' lang='lat' dir='ltr'><strong>ex</strong></span> <span class='ocrx_word' id='word_1_117' title='bbox 706 1744 751 1796; x_wconf 89' lang='lat' dir='ltr'><strong>illo</strong></span> <span class='ocrx_word' id='word_1_118' title='bbox 787 1747 909 1808; x_wconf 85' lang='lat' dir='ltr'><strong>proprias</strong></span> <span class='ocrx_word' id='word_1_119' title='bbox 921 1748 949 1794; x_wconf 88' lang='lat' dir='ltr'><strong>et</strong></span> <span class='ocrx_word' id='word_1_120' title='bbox 957 1744 1064 1795; x_wconf 87' lang='lat' dir='ltr'><strong>consilia</strong></span> <span class='ocrx_word' id='word_1_121' title='bbox 1074 1746 1215 1810; x_wconf 89' lang='lat' dir='ltr'><strong>prudentia</strong></span> <span class='ocrx_word' id='word_1_122' title='bbox 1224 1744 1316 1809; x_wconf 88' lang='lat' dir='ltr'><strong>plena,</strong></span> 
     </span>
     <span class='ocr_line' id='line_1_16' title="bbox 224 1819 1317 1886; baseline -0.004 -13"><span class='ocrx_word' id='word_1_123' title='bbox 224 1825 322 1886; x_wconf 79' lang='lat' dir='ltr'><strong>Virgilii</strong></span> <span class='ocrx_word' id='word_1_124' title='bbox 344 1823 403 1874; x_wconf 93' lang='lat' dir='ltr'><strong>loco</strong></span> <span class='ocrx_word' id='word_1_125' title='bbox 429 1822 498 1874; x_wconf 88' lang='lat' dir='ltr'><strong>male</strong></span> <span class='ocrx_word' id='word_1_126' title='bbox 522 1821 654 1872; x_wconf 88' lang='lat' dir='ltr'><strong>intellecto</strong></span> <span class='ocrx_word' id='word_1_127' title='bbox 673 1823 700 1871; x_wconf 87' lang='lat' dir='ltr'><strong>et</strong></span> <span class='ocrx_word' id='word_1_128' title='bbox 717 1835 751 1871; x_wconf 82' lang='lat' dir='ltr'><strong>ex</strong></span> <span class='ocrx_word' id='word_1_129' title='bbox 787 1819 885 1882; x_wconf 85' lang='lat' dir='ltr'><strong>quibus</strong></span> <span class='ocrx_word' id='word_1_130' title='bbox 903 1821 961 1882; x_wconf 89' lang='lat' dir='ltr'><strong>ipse</strong></span> <span class='ocrx_word' id='word_1_131' title='bbox 980 1820 1098 1870; x_wconf 89' lang='lat' dir='ltr'><strong>ierocem</strong></span> <span class='ocrx_word' id='word_1_132' title='bbox 1116 1821 1238 1872; x_wconf 85' lang='lat' dir='ltr'><strong>Caesaris</strong></span> <span class='ocrx_word' id='word_1_133' title='bbox 1255 1821 1317 1869; x_wconf 88' lang='lat' dir='ltr'><strong>ani-</strong></span> 
     </span>
     <span class='ocr_line' id='line_1_17' title="bbox 225 1894 1317 1960; baseline -0.003 -12"><span class='ocrx_word' id='word_1_134' title='bbox 225 1900 265 1948; x_wconf 88' lang='lat' dir='ltr'><strong>his</strong></span> <span class='ocrx_word' id='word_1_135' title='bbox 284 1900 382 1948; x_wconf 90' lang='lat' dir='ltr'><strong>ttoratii</strong></span> <span class='ocrx_word' id='word_1_136' title='bbox 399 1897 490 1948; x_wconf 86' lang='lat' dir='ltr'><strong>verbis</strong></span> <span class='ocrx_word' id='word_1_137' title='bbox 509 1897 681 1960; x_wconf 87' lang='lat' dir='ltr'><strong>desumptum</strong></span> <span class='ocrx_word' id='word_1_138' title='bbox 699 1898 748 1944; x_wconf 89' lang='lat' dir='ltr'><strong>est.</strong></span> <span class='ocrx_word' id='word_1_139' title='bbox 787 1907 863 1944; x_wconf 93' lang='lat' dir='ltr'><strong>mum</strong></span> <span class='ocrx_word' id='word_1_140' title='bbox 871 1894 906 1943; x_wconf 89' lang='lat' dir='ltr'><strong>ad</strong></span> <span class='ocrx_word' id='word_1_141' title='bbox 914 1895 1149 1946; x_wconf 87' lang='lat' dir='ltr'><strong>mansuetudinem</strong></span> <span class='ocrx_word' id='word_1_142' title='bbox 1157 1899 1184 1945; x_wconf 87' lang='lat' dir='ltr'><strong>et</strong></span> <span class='ocrx_word' id='word_1_143' title='bbox 1193 1894 1317 1946; x_wconf 87' lang='lat' dir='ltr'><strong>clemen-</strong></span> 
     </span>
     <span class='ocr_line' id='line_1_18' title="bbox 226 1969 1314 2032; baseline -0.006 -8"><span class='ocrx_word' id='word_1_144' title='bbox 226 1972 371 2024; x_wconf 91' lang='lat' dir='ltr'><strong>Mirabilius</strong></span> <span class='ocrx_word' id='word_1_145' title='bbox 397 1976 438 2024; x_wconf 86' lang='lat' dir='ltr'><strong>est</strong></span> <span class='ocrx_word' id='word_1_146' title='bbox 462 1972 526 2023; x_wconf 93' lang='lat' dir='ltr'><strong>illud</strong></span> <span class='ocrx_word' id='word_1_147' title='bbox 551 1971 625 2022; x_wconf 90' lang='lat' dir='ltr'><strong>Plinii</strong></span> <span class='ocrx_word' id='word_1_148' title='bbox 651 1972 680 2032; x_wconf 82' lang='lat'><strong>7,</strong></span> <span class='ocrx_word' id='word_1_149' title='bbox 699 1970 748 2020; x_wconf 75' lang='lat' dir='ltr'><strong>ia:</strong></span> <span class='ocrx_word' id='word_1_150' title='bbox 788 1970 852 2019; x_wconf 88' lang='lat' dir='ltr'><strong>tiam</strong></span> <span class='ocrx_word' id='word_1_151' title='bbox 877 1969 978 2019; x_wconf 87' lang='lat' dir='ltr'><strong>sensim</strong></span> <span class='ocrx_word' id='word_1_152' title='bbox 1004 1969 1175 2030; x_wconf 76' lang='lat' dir='ltr'><strong>traduxerat.)</strong></span> <span class='ocrx_word' id='word_1_153' title='bbox 1198 1997 1226 2005; x_wconf 90' lang='lat'><em>-</em></span> <span class='ocrx_word' id='word_1_154' title='bbox 1257 1969 1314 2019; x_wconf 91' lang='lat' dir='ltr'><strong>Ctr.</strong></span> 
     </span>
     <span class='ocr_line' id='line_1_19' title="bbox 226 2043 1314 2110; baseline -0.006 -11"><span class='ocrx_word' id='word_1_155' title='bbox 226 2049 347 2099; x_wconf 87' lang='lat' dir='ltr'><strong>Caesaris</strong></span> <span class='ocrx_word' id='word_1_156' title='bbox 364 2049 512 2110; x_wconf 76' lang='lat' dir='ltr'><strong>Philippensi</strong></span> <span class='ocrx_word' id='word_1_157' title='bbox 526 2047 622 2109; x_wconf 85' lang='lat' dir='ltr'><strong>proelio</strong></span> <span class='ocrx_word' id='word_1_158' title='bbox 638 2045 749 2106; x_wconf 70' lang='lat' dir='ltr'><strong>morbac,</strong></span> <span class='ocrx_word' id='word_1_159' title='bbox 788 2057 859 2094; x_wconf 91' lang='lat' dir='ltr'><strong>nuuc</strong></span> <span class='ocrx_word' id='word_1_160' title='bbox 884 2043 1021 2093; x_wconf 86' lang='lat' dir='ltr'><strong>Frandseu</strong></span> <span class='ocrx_word' id='word_1_161' title='bbox 1042 2045 1175 2094; x_wconf 76' lang='lat' dir='ltr'><strong>Maecenas</strong></span> <span class='ocrx_word' id='word_1_162' title='bbox 1203 2057 1230 2108; x_wconf 91' lang='lat' dir='ltr'><strong>p.</strong></span> <span class='ocrx_word' id='word_1_163' title='bbox 1255 2045 1314 2094; x_wconf 82' lang='lat' dir='ltr'><strong>tb8.</strong></span> 
     </span>
     <span class='ocr_line' id='line_1_20' title="bbox 224 2117 1318 2186; baseline -0.003 -15"><span class='ocrx_word' id='word_1_164' title='bbox 224 2121 705 2186; x_wconf 65' lang='lat' dir='ltr'><strong>fupuettriduotnpoludeoeprotiot,</strong></span> <span class='ocrx_word' id='word_1_165' title='bbox 723 2125 752 2168; x_wconf 80' lang='lat' dir='ltr'><strong>ut</strong></span> <span class='ocrx_word' id='word_1_166' title='bbox 821 2117 860 2167; x_wconf 91' lang='lat' dir='ltr'><strong>tl.</strong></span> <span class='ocrx_word' id='word_1_167' title='bbox 890 2118 1028 2181; x_wconf 62' lang='grc' dir='ltr'><strong>ἀπιοιαᾳιω]</strong></span> <span class='ocrx_word' id='word_1_168' title='bbox 1057 2121 1124 2169; x_wconf 85' lang='lat' dir='ltr'><strong>Nota</strong></span> <span class='ocrx_word' id='word_1_169' title='bbox 1141 2132 1188 2180; x_wconf 82' lang='lat' dir='ltr'><strong>quo</strong></span> <span class='ocrx_word' id='word_1_170' title='bbox 1202 2145 1217 2155; x_wconf 93' lang='lat'>-</span> <span class='ocrx_word' id='word_1_171' title='bbox 1231 2145 1247 2155; x_wconf 93' lang='lat'>-</span> <span class='ocrx_word' id='word_1_172' title='bbox 1267 2133 1318 2180; x_wconf 79' lang='lat' dir='ltr'><strong>pne</strong></span> 
     </span>
     <span class='ocr_line' id='line_1_21' title="bbox 226 2191 1317 2261; baseline -0.002 -15"><span class='ocrx_word' id='word_1_173' title='bbox 226 2198 339 2261; x_wconf 67' lang='lat' dir='ltr'><strong>fatentur</strong></span> <span class='ocrx_word' id='word_1_174' title='bbox 350 2197 464 2260; x_wconf 78' lang='lat' dir='ltr'><strong>Aprippo</strong></span> <span class='ocrx_word' id='word_1_175' title='bbox 480 2203 503 2246; x_wconf 85' lang='lat' dir='ltr'><strong>et</strong></span> <span class='ocrx_word' id='word_1_176' title='bbox 517 2197 660 2254; x_wconf 78' lang='lat' dir='ltr'><strong>Maecenas,</strong></span> <span class='ocrx_word' id='word_1_177' title='bbox 680 2207 751 2255; x_wconf 80' lang='lat' dir='ltr'><strong>aquo</strong></span> <span class='ocrx_word' id='word_1_178' title='bbox 787 2206 841 2242; x_wconf 92' lang='lat' dir='ltr'><strong>uon</strong></span> <span class='ocrx_word' id='word_1_179' title='bbox 858 2191 908 2242; x_wconf 92' lang='lat' dir='ltr'><strong>sibi</strong></span> <span class='ocrx_word' id='word_1_180' title='bbox 925 2192 1109 2256; x_wconf 86' lang='lat' dir='ltr'><strong>respondere,</strong></span> <span class='ocrx_word' id='word_1_181' title='bbox 1129 2196 1159 2243; x_wconf 92' lang='lat' dir='ltr'><strong>ut</strong></span> <span class='ocrx_word' id='word_1_182' title='bbox 1174 2192 1245 2253; x_wconf 85' lang='lat' dir='ltr'><strong>alibi,</strong></span> <span class='ocrx_word' id='word_1_183' title='bbox 1264 2195 1317 2244; x_wconf 88' lang='lat' dir='ltr'><strong>sed</strong></span> 
     </span>
     <span class='ocr_line' id='line_1_22' title="bbox 224 2269 1313 2336; baseline -0.004 -16"><span class='ocrx_word' id='word_1_184' title='bbox 224 2272 307 2322; x_wconf 77' lang='lat' dir='ltr'><strong>motor</strong></span> <span class='ocrx_word' id='word_1_185' title='bbox 330 2277 410 2322; x_wconf 74' lang='lat' dir='ltr'><strong>cotan</strong></span> <span class='ocrx_word' id='word_1_186' title='bbox 432 2273 491 2336; x_wconf 81' lang='lat' dir='ltr'><strong>susc</strong></span> <span class='ocrx_word' id='word_1_187' title='bbox 517 2272 611 2335; x_wconf 78' lang='lat' dir='ltr'><strong>torpidi</strong></span> <span class='ocrx_word' id='word_1_188' title='bbox 639 2271 747 2320; x_wconf 79' lang='lat' dir='ltr'><strong>latebra.</strong></span> <span class='ocrx_word' id='word_1_189' title='bbox 788 2269 981 2318; x_wconf 88' lang='lat' dir='ltr'><strong>sententiarum</strong></span> <span class='ocrx_word' id='word_1_190' title='bbox 1011 2280 1110 2317; x_wconf 84' lang='lat' dir='ltr'><strong>nexum</strong></span> <span class='ocrx_word' id='word_1_191' title='bbox 1136 2269 1208 2317; x_wconf 90' lang='lat' dir='ltr'><strong>hunc</strong></span> <span class='ocrx_word' id='word_1_192' title='bbox 1232 2281 1313 2318; x_wconf 89' lang='lat' dir='ltr'><strong>esse:</strong></span> 
     </span>
     <span class='ocr_line' id='line_1_23' title="bbox 225 2341 1317 2410; baseline -0.002 -16"><span class='ocrx_word' id='word_1_193' title='bbox 225 2345 277 2394; x_wconf 89' lang='lat' dir='ltr'><strong>Sed</strong></span> <span class='ocrx_word' id='word_1_194' title='bbox 296 2347 348 2396; x_wconf 89' lang='lat' dir='ltr'><strong>hoc</strong></span> <span class='ocrx_word' id='word_1_195' title='bbox 365 2360 473 2410; x_wconf 89' lang='lat' dir='ltr'><strong>quoque</strong></span> <span class='ocrx_word' id='word_1_196' title='bbox 492 2360 523 2395; x_wconf 88' lang='lat' dir='ltr'><strong>ex</strong></span> <span class='ocrx_word' id='word_1_197' title='bbox 537 2343 648 2409; x_wconf 87' lang='lat' dir='ltr'><strong>epistola</strong></span> <span class='ocrx_word' id='word_1_198' title='bbox 664 2343 749 2394; x_wconf 84' lang='lat' dir='ltr'><strong>aliove</strong></span> <span class='ocrx_word' id='word_1_199' title='bbox 789 2343 920 2392; x_wconf 74' lang='lat' dir='ltr'><strong>«Etcerte</strong></span> <span class='ocrx_word' id='word_1_200' title='bbox 937 2341 1033 2393; x_wconf 88' lang='lat' dir='ltr'><strong>melius</strong></span> <span class='ocrx_word' id='word_1_201' title='bbox 1045 2342 1317 2406; x_wconf 88' lang='lat' dir='ltr'><strong>dicentur--proe-</strong></span> 
     </span>
     <span class='ocr_line' id='line_1_24' title="bbox 225 2417 1315 2483; baseline -0.002 -14"><span class='ocrx_word' id='word_1_202' title='bbox 225 2419 312 2470; x_wconf 92' lang='lat' dir='ltr'><strong>libello</strong></span> <span class='ocrx_word' id='word_1_203' title='bbox 334 2421 376 2470; x_wconf 82' lang='lat' dir='ltr'><strong>vet</strong></span> <span class='ocrx_word' id='word_1_204' title='bbox 399 2422 480 2470; x_wconf 86' lang='lat' dir='ltr'><strong>ctiam</strong></span> <span class='ocrx_word' id='word_1_205' title='bbox 498 2434 531 2470; x_wconf 81' lang='lat' dir='ltr'><strong>ex</strong></span> <span class='ocrx_word' id='word_1_206' title='bbox 549 2419 663 2482; x_wconf 80' lang='lat' dir='ltr'><strong>Dialogis</strong></span> <span class='ocrx_word' id='word_1_207' title='bbox 680 2421 751 2483; x_wconf 89' lang='lat' dir='ltr'><strong>peti·</strong></span> <span class='ocrx_word' id='word_1_208' title='bbox 787 2417 820 2466; x_wconf 89' lang='lat' dir='ltr'><strong>lia</strong></span> <span class='ocrx_word' id='word_1_209' title='bbox 841 2418 1022 2480; x_wconf 86' lang='lat' dir='ltr'><strong>triumphique</strong></span> <span class='ocrx_word' id='word_1_210' title='bbox 1043 2420 1112 2466; x_wconf 71' lang='lat' dir='ltr'><strong>cet.»</strong></span> <span class='ocrx_word' id='word_1_211' title='bbox 1135 2443 1163 2452; x_wconf 93' lang='lat'>-</span> <span class='ocrx_word' id='word_1_212' title='bbox 1182 2430 1231 2478; x_wconf 80' lang='lat' dir='ltr'><strong>per</strong></span> <span class='ocrx_word' id='word_1_213' title='bbox 1248 2418 1315 2482; x_wconf 80' lang='lat' dir='ltr'><strong>utos]</strong></span> 
     </span>
     <span class='ocr_line' id='line_1_25' title="bbox 225 2490 1318 2556; baseline -0.002 -12"><span class='ocrx_word' id='word_1_214' title='bbox 225 2497 281 2544; x_wconf 93' lang='lat' dir='ltr'><strong>tum</strong></span> <span class='ocrx_word' id='word_1_215' title='bbox 310 2495 423 2544; x_wconf 87' lang='lat' dir='ltr'><strong>videtur.</strong></span> <span class='ocrx_word' id='word_1_216' title='bbox 460 2495 620 2556; x_wconf 88' lang='lat' dir='ltr'><strong>Neutiquam</strong></span> <span class='ocrx_word' id='word_1_217' title='bbox 650 2494 749 2543; x_wconf 89' lang='lat' dir='ltr'><strong>tloratii</strong></span> <span class='ocrx_word' id='word_1_218' title='bbox 787 2493 892 2554; x_wconf 91' lang='lat' dir='ltr'><strong>aporta</strong></span> <span class='ocrx_word' id='word_1_219' title='bbox 904 2490 1055 2555; x_wconf 89' lang='lat' dir='ltr'><strong>triumphali</strong></span> <span class='ocrx_word' id='word_1_220' title='bbox 1067 2505 1117 2555; x_wconf 88' lang='lat' dir='ltr'><strong>per</strong></span> <span class='ocrx_word' id='word_1_221' title='bbox 1126 2494 1235 2541; x_wconf 85' lang='lat' dir='ltr'><strong>Sacram</strong></span> <span class='ocrx_word' id='word_1_222' title='bbox 1243 2493 1318 2542; x_wconf 70' lang='lat' dir='ltr'><strong>uam</strong></span> 
     </span>
     <span class='ocr_line' id='line_1_26' title="bbox 225 2565 1318 2630; baseline -0.003 -12"><span class='ocrx_word' id='word_1_223' title='bbox 225 2571 284 2618; x_wconf 88' lang='lat' dir='ltr'><strong>erat</strong></span> <span class='ocrx_word' id='word_1_224' title='bbox 296 2567 419 2630; x_wconf 75' lang='lat' dir='ltr'><strong>evulgare</strong></span> <span class='ocrx_word' id='word_1_225' title='bbox 432 2567 563 2618; x_wconf 90' lang='lat' dir='ltr'><strong>eiusmodi</strong></span> <span class='ocrx_word' id='word_1_226' title='bbox 580 2569 750 2630; x_wconf 90' lang='lat' dir='ltr'><strong>propositum</strong></span> <span class='ocrx_word' id='word_1_227' title='bbox 787 2565 823 2613; x_wconf 90' lang='lat' dir='ltr'><strong>ad</strong></span> <span class='ocrx_word' id='word_1_228' title='bbox 848 2565 1016 2628; x_wconf 85' lang='lat' dir='ltr'><strong>Capitolium.</strong></span> <span class='ocrx_word' id='word_1_229' title='bbox 1058 2567 1197 2617; x_wconf 89' lang='lat' dir='ltr'><strong>Manilesto</strong></span> <span class='ocrx_word' id='word_1_230' title='bbox 1222 2569 1318 2616; x_wconf 85' lang='lat' dir='ltr'><strong>autem</strong></span> 
     </span>
     <span class='ocr_line' id='line_1_27' title="bbox 224 2639 1318 2704; baseline 0 -14"><span class='ocrx_word' id='word_1_231' title='bbox 224 2642 319 2700; x_wconf 87' lang='lat' dir='ltr'><strong>amici,</strong></span> <span class='ocrx_word' id='word_1_232' title='bbox 338 2653 400 2690; x_wconf 87' lang='lat' dir='ltr'><strong>cum</strong></span> <span class='ocrx_word' id='word_1_233' title='bbox 416 2641 473 2704; x_wconf 88' lang='lat' dir='ltr'><strong>ipse</strong></span> <span class='ocrx_word' id='word_1_234' title='bbox 486 2653 612 2691; x_wconf 88' lang='lat' dir='ltr'><strong>unacum</strong></span> <span class='ocrx_word' id='word_1_235' title='bbox 626 2641 750 2691; x_wconf 92' lang='lat' dir='ltr'><strong>omnibus</strong></span> <span class='ocrx_word' id='word_1_236' title='bbox 787 2640 856 2689; x_wconf 86' lang='lat' dir='ltr'><strong>haec</strong></span> <span class='ocrx_word' id='word_1_237' title='bbox 873 2640 1025 2690; x_wconf 89' lang='lat' dir='ltr'><strong>releruntur</strong></span> <span class='ocrx_word' id='word_1_238' title='bbox 1041 2641 1075 2690; x_wconf 93' lang='lat' dir='ltr'><strong>ad</strong></span> <span class='ocrx_word' id='word_1_239' title='bbox 1092 2639 1224 2704; x_wconf 88' lang='lat' dir='ltr'><strong>triplicem</strong></span> <span class='ocrx_word' id='word_1_240' title='bbox 1240 2639 1318 2690; x_wconf 91' lang='lat' dir='ltr'><strong>illum</strong></span> 
     </span>
     <span class='ocr_line' id='line_1_28' title="bbox 225 2713 1316 2778; baseline -0.001 -12"><span class='ocrx_word' id='word_1_241' title='bbox 225 2716 325 2778; x_wconf 88' lang='lat' dir='ltr'><strong>optime</strong></span> <span class='ocrx_word' id='word_1_242' title='bbox 344 2717 426 2764; x_wconf 89' lang='lat' dir='ltr'><strong>sciret</strong></span> <span class='ocrx_word' id='word_1_243' title='bbox 442 2714 505 2764; x_wconf 92' lang='lat' dir='ltr'><strong>nihil</strong></span> <span class='ocrx_word' id='word_1_244' title='bbox 530 2715 641 2777; x_wconf 88' lang='lat' dir='ltr'><strong>perlecti</strong></span> <span class='ocrx_word' id='word_1_245' title='bbox 661 2714 695 2764; x_wconf 94' lang='lat' dir='ltr'><strong>ab</strong></span> <span class='ocrx_word' id='word_1_246' title='bbox 717 2728 750 2764; x_wconf 93' lang='lat' dir='ltr'><strong>eo</strong></span> <span class='ocrx_word' id='word_1_247' title='bbox 787 2714 962 2777; x_wconf 86' lang='lat' dir='ltr'><strong>triumphum,</strong></span> <span class='ocrx_word' id='word_1_248' title='bbox 976 2713 1162 2776; x_wconf 86' lang='lat' dir='ltr'><strong>Delmaticum,</strong></span> <span class='ocrx_word' id='word_1_249' title='bbox 1175 2717 1316 2765; x_wconf 79' lang='lat' dir='ltr'><strong>Actiacum</strong></span> 
     </span>
     <span class='ocr_line' id='line_1_29' title="bbox 226 2787 1314 2852; baseline 0 -13"><span class='ocrx_word' id='word_1_250' title='bbox 226 2790 375 2852; x_wconf 87' lang='lat' dir='ltr'><strong>exspectari</strong></span> <span class='ocrx_word' id='word_1_251' title='bbox 392 2802 488 2852; x_wconf 88' lang='lat' dir='ltr'><strong>posse,</strong></span> <span class='ocrx_word' id='word_1_252' title='bbox 508 2791 600 2852; x_wconf 88' lang='lat' dir='ltr'><strong>atque,</strong></span> <span class='ocrx_word' id='word_1_253' title='bbox 620 2791 749 2852; x_wconf 84' lang='lat' dir='ltr'><strong>utusque</strong></span> <span class='ocrx_word' id='word_1_254' title='bbox 788 2790 816 2838; x_wconf 91' lang='lat' dir='ltr'><strong>et</strong></span> <span class='ocrx_word' id='word_1_255' title='bbox 832 2787 1039 2839; x_wconf 74' lang='lat' dir='ltr'><strong>Alexandrinum</strong></span> <span class='ocrx_word' id='word_1_256' title='bbox 1060 2803 1153 2840; x_wconf 88' lang='lat' dir='ltr'><strong>mense</strong></span> <span class='ocrx_word' id='word_1_257' title='bbox 1179 2788 1270 2838; x_wconf 85' lang='lat' dir='ltr'><strong>Sextili</strong></span> <span class='ocrx_word' id='word_1_258' title='bbox 1287 2802 1314 2839; x_wconf 88' lang='lat' dir='ltr'><strong>a.</strong></span> 
     </span>
     <span class='ocr_line' id='line_1_30' title="bbox 226 2863 1317 2928; baseline 0.002 -16"><span class='ocrx_word' id='word_1_259' title='bbox 226 2865 358 2928; x_wconf 81' lang='lat' dir='ltr'><strong>poeticam</strong></span> <span class='ocrx_word' id='word_1_260' title='bbox 387 2864 444 2912; x_wconf 87' lang='lat' dir='ltr'><strong>eius</strong></span> <span class='ocrx_word' id='word_1_261' title='bbox 462 2863 613 2914; x_wconf 79' lang='lat' dir='ltr'><strong>facultatem</strong></span> <span class='ocrx_word' id='word_1_262' title='bbox 631 2877 750 2926; x_wconf 89' lang='lat' dir='ltr'><strong>unquam</strong></span> <span class='ocrx_word' id='word_1_263' title='bbox 788 2865 845 2913; x_wconf 73' lang='lat' dir='ltr'><strong>aas.</strong></span> <span class='ocrx_word' id='word_1_264' title='bbox 873 2864 1021 2914; x_wconf 85' lang='lat' dir='ltr'><strong>aCoesare</strong></span> <span class='ocrx_word' id='word_1_265' title='bbox 1039 2878 1073 2913; x_wconf 80' lang='lat' dir='ltr'><strong>er</strong></span> <span class='ocrx_word' id='word_1_266' title='bbox 1090 2865 1195 2914; x_wconf 88' lang='lat' dir='ltr'><strong>Oriente</strong></span> <span class='ocrx_word' id='word_1_267' title='bbox 1212 2864 1317 2914; x_wconf 89' lang='lat' dir='ltr'><strong>reduce</strong></span> 
     </span>
     <span class='ocr_line' id='line_1_31' title="bbox 225 2937 1317 3002; baseline 0.002 -16"><span class='ocrx_word' id='word_1_268' title='bbox 225 2937 327 2996; x_wconf 89' lang='lat' dir='ltr'><strong>laudat,</strong></span> <span class='ocrx_word' id='word_1_269' title='bbox 347 2937 382 2986; x_wconf 88' lang='lat' dir='ltr'><strong>ita</strong></span> <span class='ocrx_word' id='word_1_270' title='bbox 403 2949 454 2987; x_wconf 90' lang='lat' dir='ltr'><strong>nec</strong></span> <span class='ocrx_word' id='word_1_271' title='bbox 473 2940 578 3002; x_wconf 89' lang='lat' dir='ltr'><strong>poterat</strong></span> <span class='ocrx_word' id='word_1_272' title='bbox 593 2939 749 3000; x_wconf 89' lang='lat' dir='ltr'><strong>praedicare</strong></span> <span class='ocrx_word' id='word_1_273' title='bbox 788 2942 888 2988; x_wconf 89' lang='lat' dir='ltr'><strong>actum.</strong></span> <span class='ocrx_word' id='word_1_274' title='bbox 915 2939 1021 3001; x_wconf 79' lang='lat' dir='ltr'><strong>Deviis,</strong></span> <span class='ocrx_word' id='word_1_275' title='bbox 1036 2951 1086 3001; x_wconf 90' lang='lat' dir='ltr'><strong>per</strong></span> <span class='ocrx_word' id='word_1_276' title='bbox 1099 2938 1317 3002; x_wconf 86' lang='lat' dir='ltr'><strong>qnasduceban·</strong></span> 
     </span>
     <span class='ocr_line' id='line_1_32' title="bbox 226 3011 1316 3076; baseline 0.002 -16"><span class='ocrx_word' id='word_1_277' title='bbox 226 3011 388 3062; x_wconf 81' lang='lat' dir='ltr'><strong>historicam.</strong></span> <span class='ocrx_word' id='word_1_278' title='bbox 423 3013 460 3061; x_wconf 78' lang='lat' dir='ltr'><strong>itc</strong></span> <span class='ocrx_word' id='word_1_279' title='bbox 477 3014 618 3076; x_wconf 89' lang='lat' dir='ltr'><strong>praeterea</strong></span> <span class='ocrx_word' id='word_1_280' title='bbox 635 3011 677 3062; x_wconf 78' lang='lat' dir='ltr'><strong>vel</strong></span> <span class='ocrx_word' id='word_1_281' title='bbox 690 3026 750 3063; x_wconf 90' lang='lat' dir='ltr'><strong>ma·</strong></span> <span class='ocrx_word' id='word_1_282' title='bbox 789 3015 832 3061; x_wconf 90' lang='lat' dir='ltr'><strong>tur</strong></span> <span class='ocrx_word' id='word_1_283' title='bbox 852 3013 1016 3076; x_wconf 86' lang='lat' dir='ltr'><strong>triumphati,</strong></span> <span class='ocrx_word' id='word_1_284' title='bbox 1038 3011 1148 3063; x_wconf 92' lang='lat' dir='ltr'><strong>consule</strong></span> <span class='ocrx_word' id='word_1_285' title='bbox 1163 3013 1316 3064; x_wconf 79' lang='lat' dir='ltr'><strong>Ambroscb</strong></span> 
     </span>
     <span class='ocr_line' id='line_1_33' title="bbox 224 3084 1318 3151; baseline 0.003 -17"><span class='ocrx_word' id='word_1_286' title='bbox 224 3087 295 3134; x_wconf 82' lang='lat' dir='ltr'><strong>xime</strong></span> <span class='ocrx_word' id='word_1_287' title='bbox 311 3084 489 3148; x_wconf 86' lang='lat' dir='ltr'><strong>improbabile</strong></span> <span class='ocrx_word' id='word_1_288' title='bbox 506 3088 548 3136; x_wconf 87' lang='lat' dir='ltr'><strong>est</strong></span> <span class='ocrx_word' id='word_1_289' title='bbox 559 3087 706 3137; x_wconf 79' lang='lat' dir='ltr'><strong>Maecenati</strong></span> <span class='ocrx_word' id='word_1_290' title='bbox 723 3089 751 3138; x_wconf 92' lang='lat' dir='ltr'><strong>in</strong></span> <span class='ocrx_word' id='word_1_291' title='bbox 789 3088 892 3136; x_wconf 80' lang='lat' dir='ltr'><strong>Studien</strong></span> <span class='ocrx_word' id='word_1_292' title='bbox 908 3088 928 3136; x_wconf 92' lang='lat'><strong>1.</strong></span> <span class='ocrx_word' id='word_1_293' title='bbox 942 3099 969 3150; x_wconf 90' lang='lat' dir='ltr'><strong>p.</strong></span> <span class='ocrx_word' id='word_1_294' title='bbox 981 3087 1022 3137; x_wconf 82' lang='lat'><strong>79.</strong></span> <span class='ocrx_word' id='word_1_295' title='bbox 1041 3091 1198 3151; x_wconf 78' lang='lat' dir='ltr'><strong>excerptum</strong></span> <span class='ocrx_word' id='word_1_296' title='bbox 1216 3087 1318 3139; x_wconf 88' lang='lat' dir='ltr'><strong>aLiib-</strong></span> 
     </span>
     <span class='ocr_line' id='line_1_34' title="bbox 182 3158 891 3224; baseline 0.003 -14"><span class='ocrx_word' id='word_1_297' title='bbox 182 3169 188 3185; x_wconf 66' lang='grc'><strong>“</strong></span> <span class='ocrx_word' id='word_1_298' title='bbox 225 3162 345 3210; x_wconf 88' lang='lat' dir='ltr'><strong>mentem</strong></span> <span class='ocrx_word' id='word_1_299' title='bbox 361 3162 454 3211; x_wconf 84' lang='lat' dir='ltr'><strong>venire</strong></span> <span class='ocrx_word' id='word_1_300' title='bbox 471 3162 590 3224; x_wconf 89' lang='lat' dir='ltr'><strong>potuisse</strong></span> <span class='ocrx_word' id='word_1_301' title='bbox 612 3162 751 3212; x_wconf 84' lang='lat' dir='ltr'><strong>historiam</strong></span> <span class='ocrx_word' id='word_1_302' title='bbox 789 3163 862 3211; x_wconf 86' lang='lat' dir='ltr'><strong>trero.</strong></span> <span class='ocrx_word' id='word_1_303' title='bbox 889 3158 891 3162; x_wconf 77' lang='grc'>’</span> 
     </span>
    </p>

    <p class='ocr_par' dir='ltr' id='par_1_5' title="bbox 224 3237 1319 4272">
     <span class='ocr_line' id='line_1_35' title="bbox 224 3237 1306 3302; baseline 0.005 -19"><span class='ocrx_word' id='word_1_304' title='bbox 224 3247 317 3284; x_wconf 90' lang='lat' dir='ltr'><strong>rerum</strong></span> <span class='ocrx_word' id='word_1_305' title='bbox 342 3239 479 3298; x_wconf 81' lang='lat' dir='ltr'><strong>gestarum</strong></span> <span class='ocrx_word' id='word_1_306' title='bbox 504 3238 613 3299; x_wconf 76' lang='lat' dir='ltr'><strong>Augusti</strong></span> <span class='ocrx_word' id='word_1_307' title='bbox 638 3250 752 3300; x_wconf 90' lang='lat' dir='ltr'><strong>compo-</strong></span> <span class='ocrx_word' id='word_1_308' title='bbox 823 3238 862 3286; x_wconf 81' lang='lat' dir='ltr'><strong>ts.</strong></span> <span class='ocrx_word' id='word_1_309' title='bbox 880 3237 946 3286; x_wconf 85' lang='lat' dir='ltr'><strong>cotto</strong></span> <span class='ocrx_word' id='word_1_310' title='bbox 955 3237 1101 3302; x_wconf 66' lang='lat' dir='ltr'><strong>comodum]</strong></span> <span class='ocrx_word' id='word_1_311' title='bbox 1119 3238 1306 3301; x_wconf 85' lang='lat' dir='ltr'><strong>ScriptorCon</strong></span> 
     </span>
     <span class='ocr_line' id='line_1_36' title="bbox 225 3310 1318 3376; baseline 0.005 -19"><span class='ocrx_word' id='word_1_312' title='bbox 225 3321 308 3370; x_wconf 89' lang='lat' dir='ltr'><strong>nere,</strong></span> <span class='ocrx_word' id='word_1_313' title='bbox 334 3310 361 3358; x_wconf 90' lang='lat' dir='ltr'><strong>tn</strong></span> <span class='ocrx_word' id='word_1_314' title='bbox 382 3322 436 3373; x_wconf 85' lang='lat' dir='ltr'><strong>qua</strong></span> <span class='ocrx_word' id='word_1_315' title='bbox 452 3323 534 3360; x_wconf 71' lang='lat' dir='ltr'><strong>verax</strong></span> <span class='ocrx_word' id='word_1_316' title='bbox 551 3324 611 3361; x_wconf 89' lang='lat' dir='ltr'><strong>esse</strong></span> <span class='ocrx_word' id='word_1_317' title='bbox 629 3323 682 3361; x_wconf 90' lang='lat' dir='ltr'><strong>non</strong></span> <span class='ocrx_word' id='word_1_318' title='bbox 699 3323 751 3374; x_wconf 92' lang='lat' dir='ltr'><strong>po·</strong></span> <span class='ocrx_word' id='word_1_319' title='bbox 789 3311 865 3362; x_wconf 91' lang='lat' dir='ltr'><strong>solat.</strong></span> <span class='ocrx_word' id='word_1_320' title='bbox 886 3312 921 3362; x_wconf 86' lang='lat' dir='ltr'><strong>nd</strong></span> <span class='ocrx_word' id='word_1_321' title='bbox 941 3313 996 3363; x_wconf 86' lang='lat' dir='ltr'><strong>Liv.</strong></span> <span class='ocrx_word' id='word_1_322' title='bbox 1017 3314 1082 3376; x_wconf 74' lang='lat' dir='ltr'><strong>Aug.</strong></span> <span class='ocrx_word' id='word_1_323' title='bbox 1105 3313 1170 3362; x_wconf 75' lang='lat'>273:</span> <span class='ocrx_word' id='word_1_324' title='bbox 1188 3313 1318 3376; x_wconf 76' lang='lat' dir='ltr'><strong>Aspiciam</strong></span> 
     </span>
     <span class='ocr_line' id='line_1_37' title="bbox 225 3383 1318 3449; baseline 0.004 -15"><span class='ocrx_word' id='word_1_325' title='bbox 225 3386 310 3444; x_wconf 87' lang='lat' dir='ltr'><strong>terat,</strong></span> <span class='ocrx_word' id='word_1_326' title='bbox 338 3383 420 3436; x_wconf 89' lang='lat' dir='ltr'><strong>ialsus</strong></span> <span class='ocrx_word' id='word_1_327' title='bbox 437 3388 517 3449; x_wconf 85' lang='lat' dir='ltr'><strong>atque</strong></span> <span class='ocrx_word' id='word_1_328' title='bbox 535 3385 657 3436; x_wconf 88' lang='lat' dir='ltr'><strong>adulator</strong></span> <span class='ocrx_word' id='word_1_329' title='bbox 674 3399 751 3436; x_wconf 91' lang='lat' dir='ltr'><strong>oom—</strong></span> <span class='ocrx_word' id='word_1_330' title='bbox 789 3399 878 3449; x_wconf 79' lang='lat' dir='ltr'><strong>repom</strong></span> <span class='ocrx_word' id='word_1_331' title='bbox 897 3387 1000 3436; x_wconf 81' lang='lat' dir='ltr'><strong>liventia</strong></span> <span class='ocrx_word' id='word_1_332' title='bbox 1024 3388 1090 3436; x_wconf 76' lang='lat' dir='ltr'><strong>coto</strong></span> <span class='ocrx_word' id='word_1_333' title='bbox 1114 3389 1207 3437; x_wconf 72' lang='lat' dir='ltr'><strong>omanis</strong></span> <span class='ocrx_word' id='word_1_334' title='bbox 1224 3389 1318 3438; x_wconf 80' lang='lat' dir='ltr'><strong>Duro-</strong></span> 
     </span>
     <span class='ocr_line' id='line_1_38' title="bbox 224 3460 1318 3524; baseline 0.005 -16"><span class='ocrx_word' id='word_1_335' title='bbox 224 3473 320 3524; x_wconf 87' lang='lat' dir='ltr'><strong>parere</strong></span> <span class='ocrx_word' id='word_1_336' title='bbox 339 3462 411 3509; x_wconf 89' lang='lat' dir='ltr'><strong>certo</strong></span> <span class='ocrx_word' id='word_1_337' title='bbox 430 3460 545 3510; x_wconf 89' lang='lat' dir='ltr'><strong>nolebat.</strong></span> <span class='ocrx_word' id='word_1_338' title='bbox 578 3461 694 3524; x_wconf 85' lang='lat' dir='ltr'><strong>(Errasse</strong></span> <span class='ocrx_word' id='word_1_339' title='bbox 707 3475 751 3511; x_wconf 89' lang='lat' dir='ltr'><strong>me</strong></span> <span class='ocrx_word' id='word_1_340' title='bbox 789 3475 836 3522; x_wconf 80' lang='lat' dir='ltr'><strong>pue</strong></span> <span class='ocrx_word' id='word_1_341' title='bbox 856 3475 903 3522; x_wconf 84' lang='lat' dir='ltr'><strong>per</strong></span> <span class='ocrx_word' id='word_1_342' title='bbox 918 3474 1007 3511; x_wconf 78' lang='lat' dir='ltr'><strong>saevos</strong></span> <span class='ocrx_word' id='word_1_343' title='bbox 1022 3462 1125 3511; x_wconf 83' lang='lat' dir='ltr'><strong>uinculo</strong></span> <span class='ocrx_word' id='word_1_344' title='bbox 1140 3475 1209 3512; x_wconf 71' lang='lat' dir='ltr'><strong>aava</strong></span> <span class='ocrx_word' id='word_1_345' title='bbox 1223 3477 1318 3513; x_wconf 75' lang='lat' dir='ltr'><strong>monus</strong></span> 
     </span>
     <span class='ocr_line' id='line_1_39' title="bbox 226 3532 1318 3600; baseline 0.005 -19"><span class='ocrx_word' id='word_1_346' title='bbox 226 3533 253 3582; x_wconf 93' lang='lat' dir='ltr'><strong>in</strong></span> <span class='ocrx_word' id='word_1_347' title='bbox 266 3532 307 3582; x_wconf 93' lang='lat' dir='ltr'><strong>his</strong></span> <span class='ocrx_word' id='word_1_348' title='bbox 319 3536 395 3596; x_wconf 91' lang='lat' dir='ltr'><strong>putat</strong></span> <span class='ocrx_word' id='word_1_349' title='bbox 407 3533 602 3596; x_wconf 79' lang='lat' dir='ltr'><strong>Diltenburger,</strong></span> <span class='ocrx_word' id='word_1_350' title='bbox 621 3536 679 3598; x_wconf 88' lang='lat' dir='ltr'><strong>ipse</strong></span> <span class='ocrx_word' id='word_1_351' title='bbox 692 3548 754 3598; x_wconf 92' lang='lat' dir='ltr'><strong>pro-</strong></span> <span class='ocrx_word' id='word_1_352' title='bbox 789 3537 822 3585; x_wconf 82' lang='lat' dir='ltr'><strong>Et</strong></span> <span class='ocrx_word' id='word_1_353' title='bbox 846 3537 946 3585; x_wconf 68' lang='lat' dir='ltr'><strong>london</strong></span> <span class='ocrx_word' id='word_1_354' title='bbox 970 3537 1079 3598; x_wconf 80' lang='lat' dir='ltr'><strong>trepidos</strong></span> <span class='ocrx_word' id='word_1_355' title='bbox 1105 3537 1203 3586; x_wconf 83' lang='lat' dir='ltr'><strong>voltus:</strong></span> <span class='ocrx_word' id='word_1_356' title='bbox 1239 3539 1318 3600; x_wconf 78' lang='lat' dir='ltr'><strong>inqua</strong></span> 
     </span>
     <span class='ocr_line' id='line_1_40' title="bbox 226 3608 1318 3673; baseline 0.005 -17"><span class='ocrx_word' id='word_1_357' title='bbox 226 3609 286 3670; x_wconf 88' lang='lat' dir='ltr'><strong>pter</strong></span> <span class='ocrx_word' id='word_1_358' title='bbox 305 3608 414 3656; x_wconf 90' lang='lat' dir='ltr'><strong>nimiam</strong></span> <span class='ocrx_word' id='word_1_359' title='bbox 431 3609 544 3658; x_wconf 86' lang='lat' dir='ltr'><strong>tortasse</strong></span> <span class='ocrx_word' id='word_1_360' title='bbox 567 3610 647 3660; x_wconf 90' lang='lat' dir='ltr'><strong>animi</strong></span> <span class='ocrx_word' id='word_1_361' title='bbox 673 3611 753 3660; x_wconf 88' lang='lat' dir='ltr'><strong>boni·</strong></span> <span class='ocrx_word' id='word_1_362' title='bbox 788 3610 834 3659; x_wconf 87' lang='lat' dir='ltr'><strong>illo</strong></span> <span class='ocrx_word' id='word_1_363' title='bbox 849 3611 961 3673; x_wconf 69' lang='lat' dir='ltr'><strong>ferociae</strong></span> <span class='ocrx_word' id='word_1_364' title='bbox 976 3610 1193 3660; x_wconf 80' lang='lat' dir='ltr'><strong>lnoitietoorimos</strong></span> <span class='ocrx_word' id='word_1_365' title='bbox 1204 3612 1318 3662; x_wconf 77' lang='lat' dir='ltr'><strong>decidm</strong></span> 
     </span>
     <span class='ocr_line' id='line_1_41' title="bbox 226 3683 1319 3748; baseline 0.005 -18"><span class='ocrx_word' id='word_1_366' title='bbox 226 3683 451 3741; x_wconf 86' lang='lat' dir='ltr'><strong>tatemasserens,</strong></span> <span class='ocrx_word' id='word_1_367' title='bbox 465 3683 751 3735; x_wconf 73' lang='lat' dir='ltr'><strong>aMaecenateevere»</strong></span> <span class='ocrx_word' id='word_1_368' title='bbox 790 3699 838 3734; x_wconf 88' lang='lat' dir='ltr'><strong>oro</strong></span> <span class='ocrx_word' id='word_1_369' title='bbox 859 3687 937 3748; x_wconf 77' lang='lat' dir='ltr'><strong>penis.</strong></span> <span class='ocrx_word' id='word_1_370' title='bbox 973 3685 1084 3746; x_wconf 68' lang='lat' dir='ltr'><strong>Spiritus</strong></span> <span class='ocrx_word' id='word_1_371' title='bbox 1112 3683 1154 3734; x_wconf 83' lang='lat' dir='ltr'><strong>itte</strong></span> <span class='ocrx_word' id='word_1_372' title='bbox 1177 3687 1269 3735; x_wconf 73' lang='lat' dir='ltr'><strong>otim</strong></span> <span class='ocrx_word' id='word_1_373' title='bbox 1293 3693 1319 3736; x_wconf 87' lang='lat' dir='ltr'><strong>et</strong></span> 
     </span>
     <span class='ocr_line' id='line_1_42' title="bbox 226 3755 1319 3824; baseline 0.004 -18"><span class='ocrx_word' id='word_1_374' title='bbox 226 3757 318 3820; x_wconf 87' lang='lat' dir='ltr'><strong>utique</strong></span> <span class='ocrx_word' id='word_1_375' title='bbox 351 3756 471 3819; x_wconf 88' lang='lat' dir='ltr'><strong>potuisse</strong></span> <span class='ocrx_word' id='word_1_376' title='bbox 503 3755 584 3807; x_wconf 85' lang='lat' dir='ltr'><strong>scribi</strong></span> <span class='ocrx_word' id='word_1_377' title='bbox 617 3758 753 3809; x_wconf 87' lang='lat' dir='ltr'><strong>Octaviani</strong></span> <span class='ocrx_word' id='word_1_378' title='bbox 789 3761 869 3810; x_wconf 69' lang='lat' dir='ltr'><strong>nnat</strong></span> <span class='ocrx_word' id='word_1_379' title='bbox 890 3765 970 3808; x_wconf 76' lang='lat' dir='ltr'><strong>mmto</strong></span> <span class='ocrx_word' id='word_1_380' title='bbox 999 3759 1121 3821; x_wconf 72' lang='lat' dir='ltr'><strong>oeperbna</strong></span> <span class='ocrx_word' id='word_1_381' title='bbox 1145 3761 1265 3824; x_wconf 69' lang='lat' dir='ltr'><strong>Ccmiflci</strong></span> <span class='ocrx_word' id='word_1_382' title='bbox 1289 3763 1319 3810; x_wconf 79' lang='lat' dir='ltr'><strong>to</strong></span> 
     </span>
     <span class='ocr_line' id='line_1_43' title="bbox 226 3830 1318 3885; baseline 0.004 -4"><span class='ocrx_word' id='word_1_383' title='bbox 226 3832 375 3882; x_wconf 87' lang='lat' dir='ltr'><strong>historiam.</strong></span> <span class='ocrx_word' id='word_1_384' title='bbox 406 3830 506 3880; x_wconf 89' lang='lat' dir='ltr'><strong>Verum</strong></span> <span class='ocrx_word' id='word_1_385' title='bbox 519 3843 571 3881; x_wconf 92' lang='lat' dir='ltr'><strong>uon</strong></span> <span class='ocrx_word' id='word_1_386' title='bbox 584 3833 647 3883; x_wconf 88' lang='lat' dir='ltr'><strong>satis</strong></span> <span class='ocrx_word' id='word_1_387' title='bbox 659 3847 753 3884; x_wconf 87' lang='lat' dir='ltr'><strong>recor·</strong></span> <span class='ocrx_word' id='word_1_388' title='bbox 789 3834 1105 3885; x_wconf 76' lang='lat' dir='ltr'><strong>moestocoroeredoodns</strong></span> <span class='ocrx_word' id='word_1_389' title='bbox 1115 3834 1171 3884; x_wconf 79' lang='lat' dir='ltr'><strong>orit.</strong></span> <span class='ocrx_word' id='word_1_390' title='bbox 1187 3861 1214 3871; x_wconf 90' lang='lat'><em>-</em></span> <span class='ocrx_word' id='word_1_391' title='bbox 1233 3836 1318 3885; x_wconf 81' lang='lat' dir='ltr'><strong>mino·</strong></span> 
     </span>
     <span class='ocr_line' id='line_1_44' title="bbox 226 3903 1317 3973; baseline 0.007 -20"><span class='ocrx_word' id='word_1_392' title='bbox 226 3905 304 3955; x_wconf 90' lang='lat' dir='ltr'><strong>datus</strong></span> <span class='ocrx_word' id='word_1_393' title='bbox 322 3907 378 3965; x_wconf 88' lang='lat' dir='ltr'><strong>est,</strong></span> <span class='ocrx_word' id='word_1_394' title='bbox 398 3903 456 3953; x_wconf 88' lang='lat' dir='ltr'><strong>fieri</strong></span> <span class='ocrx_word' id='word_1_395' title='bbox 473 3903 544 3955; x_wconf 89' lang='lat' dir='ltr'><strong>nullo</strong></span> <span class='ocrx_word' id='word_1_396' title='bbox 556 3905 637 3956; x_wconf 91' lang='lat' dir='ltr'><strong>modo</strong></span> <span class='ocrx_word' id='word_1_397' title='bbox 649 3909 754 3970; x_wconf 91' lang='lat' dir='ltr'><strong>potuis-</strong></span> <span class='ocrx_word' id='word_1_398' title='bbox 788 3909 868 3973; x_wconf 68' lang='lat' dir='ltr'><strong>dnn]</strong></span> <span class='ocrx_word' id='word_1_399' title='bbox 896 3911 1056 3972; x_wconf 82' lang='lat' dir='ltr'><strong>«antequam</strong></span> <span class='ocrx_word' id='word_1_400' title='bbox 1081 3908 1178 3960; x_wconf 66' lang='lat' dir='ltr'><strong>uesieu</strong></span> <span class='ocrx_word' id='word_1_401' title='bbox 1196 3912 1317 3961; x_wconf 79' lang='lat' dir='ltr'><strong>essent.»</strong></span> 
     </span>
     <span class='ocr_line' id='line_1_45' title="bbox 228 3978 1319 4043; baseline 0.006 -15"><span class='ocrx_word' id='word_1_402' title='bbox 228 3991 267 4038; x_wconf 90' lang='lat' dir='ltr'><strong>se,</strong></span> <span class='ocrx_word' id='word_1_403' title='bbox 286 3981 316 4028; x_wconf 90' lang='lat' dir='ltr'><strong>ut</strong></span> <span class='ocrx_word' id='word_1_404' title='bbox 332 3978 416 4029; x_wconf 89' lang='lat' dir='ltr'><strong>tibere</strong></span> <span class='ocrx_word' id='word_1_405' title='bbox 434 3982 515 4043; x_wconf 80' lang='lat' dir='ltr'><strong>atquc</strong></span> <span class='ocrx_word' id='word_1_406' title='bbox 533 3980 636 4030; x_wconf 86' lang='lat' dir='ltr'><strong>sincere</strong></span> <span class='ocrx_word' id='word_1_407' title='bbox 649 3981 753 4033; x_wconf 88' lang='lat' dir='ltr'><strong>descri—</strong></span> <span class='ocrx_word' id='word_1_408' title='bbox 790 3986 889 4034; x_wconf 82' lang='lat' dir='ltr'><strong>Firmat</strong></span> <span class='ocrx_word' id='word_1_409' title='bbox 911 3985 993 4033; x_wconf 88' lang='lat' dir='ltr'><strong>etiam</strong></span> <span class='ocrx_word' id='word_1_410' title='bbox 1014 3984 1122 4033; x_wconf 82' lang='lat' dir='ltr'><strong>Servius</strong></span> <span class='ocrx_word' id='word_1_411' title='bbox 1139 3982 1157 4033; x_wconf 92' lang='lat' dir='ltr'><strong>l.</strong></span> <span class='ocrx_word' id='word_1_412' title='bbox 1175 3982 1192 4033; x_wconf 95' lang='lat' dir='ltr'><strong>l.</strong></span> <span class='ocrx_word' id='word_1_413' title='bbox 1210 3985 1319 4035; x_wconf 79' lang='lat' dir='ltr'><strong>Minoo-</strong></span> 
     </span>
     <span class='ocr_line' id='line_1_46' title="bbox 227 4050 1318 4123; baseline 0.009 -24"><span class='ocrx_word' id='word_1_414' title='bbox 227 4050 293 4100; x_wconf 89' lang='lat' dir='ltr'><strong>here</strong></span> <span class='ocrx_word' id='word_1_415' title='bbox 311 4065 342 4102; x_wconf 88' lang='lat' dir='ltr'><strong>ac</strong></span> <span class='ocrx_word' id='word_1_416' title='bbox 359 4055 453 4103; x_wconf 87' lang='lat' dir='ltr'><strong>notare</strong></span> <span class='ocrx_word' id='word_1_417' title='bbox 471 4055 616 4105; x_wconf 88' lang='lat' dir='ltr'><strong>Maecenati</strong></span> <span class='ocrx_word' id='word_1_418' title='bbox 639 4067 753 4106; x_wconf 87' lang='lat' dir='ltr'><strong>conces-</strong></span> <span class='ocrx_word' id='word_1_419' title='bbox 789 4058 852 4107; x_wconf 74' lang='lat' dir='ltr'><strong>nain</strong></span> <span class='ocrx_word' id='word_1_420' title='bbox 883 4071 968 4123; x_wconf 88' lang='lat' dir='ltr'><strong>propo</strong></span> <span class='ocrx_word' id='word_1_421' title='bbox 1002 4057 1151 4108; x_wconf 89' lang='lat' dir='ltr'><strong>absurdum</strong></span> <span class='ocrx_word' id='word_1_422' title='bbox 1179 4061 1254 4109; x_wconf 88' lang='lat' dir='ltr'><strong>esset</strong></span> <span class='ocrx_word' id='word_1_423' title='bbox 1281 4060 1318 4109; x_wconf 89' lang='lat' dir='ltr'><strong>de</strong></span> 
     </span>
     <span class='ocr_line' id='line_1_47' title="bbox 228 4130 1319 4196; baseline 0.006 -20"><span class='ocrx_word' id='word_1_424' title='bbox 228 4139 288 4176; x_wconf 88' lang='lat' dir='ltr'><strong>sum</strong></span> <span class='ocrx_word' id='word_1_425' title='bbox 314 4131 386 4179; x_wconf 87' lang='lat' dir='ltr'><strong>esset</strong></span> <span class='ocrx_word' id='word_1_426' title='bbox 410 4131 542 4182; x_wconf 85' lang='lat' dir='ltr'><strong>Octaviani</strong></span> <span class='ocrx_word' id='word_1_427' title='bbox 569 4130 753 4182; x_wconf 80' lang='lat' dir='ltr'><strong>infidelitatem</strong></span> <span class='ocrx_word' id='word_1_428' title='bbox 790 4133 899 4196; x_wconf 68' lang='lat' dir='ltr'><strong>regibus</strong></span> <span class='ocrx_word' id='word_1_429' title='bbox 915 4135 943 4184; x_wconf 92' lang='lat' dir='ltr'><strong>in</strong></span> <span class='ocrx_word' id='word_1_430' title='bbox 961 4131 1030 4183; x_wconf 90' lang='lat' dir='ltr'><strong>cotto</strong></span> <span class='ocrx_word' id='word_1_431' title='bbox 1041 4133 1171 4183; x_wconf 87' lang='lat' dir='ltr'><strong>catenatis</strong></span> <span class='ocrx_word' id='word_1_432' title='bbox 1182 4134 1264 4195; x_wconf 79' lang='lat' dir='ltr'><strong>atque</strong></span> <span class='ocrx_word' id='word_1_433' title='bbox 1277 4136 1319 4183; x_wconf 89' lang='lat' dir='ltr'><strong>sic</strong></span> 
     </span>
     <span class='ocr_line' id='line_1_48' title="bbox 228 4197 1315 4272; baseline 0.01 -23"><span class='ocrx_word' id='word_1_434' title='bbox 228 4197 358 4251; x_wconf 84' lang='lat' dir='ltr'><strong>advorsus</strong></span> <span class='ocrx_word' id='word_1_435' title='bbox 370 4205 497 4255; x_wconf 87' lang='lat' dir='ltr'><strong>Senatum</strong></span> <span class='ocrx_word' id='word_1_436' title='bbox 506 4206 663 4268; x_wconf 82' lang='lat' dir='ltr'><strong>itomanam,</strong></span> <span class='ocrx_word' id='word_1_437' title='bbox 677 4207 753 4256; x_wconf 88' lang='lat' dir='ltr'><strong>cuius</strong></span> <span class='ocrx_word' id='word_1_438' title='bbox 789 4209 816 4258; x_wconf 91' lang='lat' dir='ltr'><strong>in</strong></span> <span class='ocrx_word' id='word_1_439' title='bbox 828 4209 964 4272; x_wconf 87' lang='lat' dir='ltr'><strong>triumpho</strong></span> <span class='ocrx_word' id='word_1_440' title='bbox 975 4208 1071 4258; x_wconf 86' lang='lat' dir='ltr'><strong>ductis.</strong></span> <span class='ocrx_word' id='word_1_441' title='bbox 1090 4206 1143 4258; x_wconf 85' lang='lat' dir='ltr'><strong>Cir.</strong></span> <span class='ocrx_word' id='word_1_442' title='bbox 1154 4205 1315 4260; x_wconf 84' lang='lat' dir='ltr'><strong>Bentleium.</strong></span> 
     </span>
    </p>
   </div>
   <div class='ocr_carea' id='block_1_5' title="bbox 0 0 1474 4884">
    <p class='ocr_par' dir='ltr' id='par_1_6' title="bbox 0 0 1474 4884">
     <span class='ocr_line' id='line_1_49' title="bbox 0 0 1474 4884; baseline 0 0"><span class='ocrx_word' id='word_1_443' title='bbox 0 0 1474 4884; x_wconf 95' lang='lat' dir='ltr'><strong> </strong></span> 
     </span>
    </p>
   </div>
  </div>
 </body>
</html>
