2934 4884
502 385 559 434 Llli.
580 386 609 434 lli
646 387 675 434 G.
697 385 737 434 lli.

329 543 496 619 Quaerere
520 561 579 606 nec
603 538 747 626 trepides
769 541 800 604 in
822 561 918 606 usum

266 699 430 764 Poscentis
453 698 524 764 aevi
548 719 660 785 pauca.
706 699 799 784 Fugit
820 709 907 764 retro

265 819 357 884 levis
380 820 525 884 iuventas
548 828 581 884 et
602 818 720 894 decor,
744 819 836 884 arida

306 938 447 1006 Pellentc
470 938 607 1004 lascivos
630 960 761 1005 amoros

327 1061 450 1126 Canitie
472 1059 664 1148 facilemque
687 1083 846 1126 somnum.

263 1221 330 1282 Non
354 1240 485 1305 semper
508 1217 591 1283 idem
616 1215 749 1283 lloribns
772 1229 822 1283 est
844 1218 947 1284 bonor

265 1341 374 1405 l'emis
397 1361 504 1426 neque
528 1360 592 1403 uno
615 1341 704 1404 Luna
727 1339 848 1405 rubens
871 1341 949 1404 nitet
1142 1343 1181 1406 to

303 1459 415 1526 l'oltu:
439 1459 518 1548 quid
541 1461 681 1526 aeternis
703 1461 861 1526 minorem

325 1580 473 1648 Consiliis
496 1581 638 1646 animum
661 1581 798 1668 latigas‘?

156 1771 178 1820 o.
196 1771 274 1820 bonos
290 1771 344 1820 LCt
361 1781 423 1818 cum
440 1767 513 1818 Aldo.
537 1795 563 1804 -
583 1769 623 1817 to.
643 1783 687 1818 nuc
704 1769 730 1818 b.

99 1951 141 1998 gua
166 1951 196 1986 ex
219 1937 360 1986 hominum
384 1937 447 1986 tunc
469 1936 613 1986 viventium
652 1935 718 1984 beret
734 1938 811 1995 equis.
848 1937 960 1987 Pudoris
982 1941 1073 1988 contra
1095 1942 1178 2003 signi-

98 2013 223 2074 cpinione‚
243 2023 333 2073 neque
349 2009 463 2060 cavillari
481 2023 614 2060 nonnemo
653 2011 740 2059 ficatio
758 2012 828 2061 inest
844 2013 869 2060 in
887 2013 949 2060 tuna
966 2014 1067 2062 rubente
1084 2017 1135 2063 Sati
1151 2017 1175 2068 t.

98 2085 217 2136 debebat:
239 2086 292 2134 «Ex
310 2086 465 2148 praemissis
483 2085 539 2134 istis
558 2083 615 2134 coi·
652 2085 680 2142 8,
708 2085 748 2133 35.
784 2113 811 2120 -
844 2085 952 2135 «Variat
981 2086 1042 2135 iuna
1068 2101 1177 2150 semper

98 2159 221 2222 iigendum
234 2160 329 2219 luisse,
343 2172 410 2208 non:
430 2171 526 2220 «aergo
538 2159 614 2220 genio
652 2157 800 2206 crescendo
818 2162 844 2207 et
861 2159 1070 2209 decrescendo.»

98 2235 316 2297 indulgeamusnn,
342 2233 390 2282 sed
414 2245 510 2294 «aergo
532 2233 613 2281 vitam
685 2233 725 2280 tt.
748 2233 810 2291 quid
830 2233 945 2295 aeternis]
971 2234 1055 2292 «Quid
1072 2236 1100 2282 tu
1118 2236 1161 2283 nni

97 2321 196 2370 agamus
212 2305 387 2370 frugalem„
409 2306 461 2356 Cir.
478 2307 614 2368 egregium
651 2319 726 2355 mum
744 2307 852 2356 conticis
870 2306 1073 2369 cogitationibus
1092 2307 1177 2357 intini—

98 2381 182 2432 Manilii
193 2382 285 2432 locum
301 2380 330 2440 4,
344 2381 431 2432 4-80.
447 2381 480 2444 (v.
494 2383 521 2430 8:
541 2381 615 2430 θωπι-
650 2381 695 2439 iis‚
720 2380 755 2429 ad
775 2379 920 2443 longissimi
938 2382 1066 2444 temporis
1083 2394 1175 2431 curam

98 2469 139 2515 oue
153 2459 190 2504 rui
204 2469 302 2518 parvos
312 2467 372 2504 usur
383 2461 479 2504 notura
490 2461 612 2516 reposcat,
650 2455 858 2518 pertinentibus,
877 2455 975 2518 quibus
992 2469 1043 2520 par
1057 2468 1117 2505 esse
1130 2469 1177 2505 ne·

97 2531 223 2580 Mustium
240 2531 361 2580 nnumin
375 2543 484 2592 magnac
497 2535 614 2590 pervolo
650 2531 749 2592 queat‘i
781 2533 918 2592 tamquam
943 2531 966 2580 si
991 2529 1175 2580 immortalitas

97 2605 195 2668 nim.)
214 2631 244 2640 -
264 2605 390 2653 Ceterum
408 2605 453 2666 qui
468 2604 614 2653 construxit
650 2602 697 2652 tibi
723 2617 853 2653 concessu
879 2605 938 2654 sit.»
974 2606 1055 2655 Recte
1074 2602 1175 2654 Diilcn-

96 2681 191 2740 trepides
206 2679 273 2738 nevi,
294 2678 321 2728 id
338 2678 393 2736 est,
414 2678 610 2738 «sericeum»,
650 2676 750 2740 burger
758 2676 942 2742 duplicemhic
949 2679 1175 2728 constructionem

97 2753 119 2800 id
143 2753 212 2816 quod
242 2751 470 2815 simplicissimum
501 2753 559 2800 erat
586 2753 613 2800 in
649 2754 768 2801 statuere
785 2751 904 2801 ridetur:
933 2754 1041 2802 neumis
1067 2754 1177 2802 consitiis

96 2839 158 2876 ram
173 2829 242 2887 nevi,
268 2825 389 2876 consulto
410 2825 527 2876 noluisse
548 2837 613 2889 per·
647 2827 744 2890 sctipos
768 2829 808 2876 et:
834 2828 957 2876 minorem
982 2829 1090 2876 aeternis
1113 2841 1175 2876 con-

96 2903 188 2962 spicere
211 2899 328 2950 videtur.
363 2901 446 2950 Nimis
469 2913 533 2948 vero
555 2899 612 2950 iun·
648 2902 716 2950 siliis.
739 2929 767 2937 -
786 2901 839 2950 Cir.
858 2901 906 2950 od.
927 2903 954 2960 i,
975 2903 1019 2962 tt,
1043 2903 1072 2950 7:
1100 2902 1175 2962 Spem

96 2979 149 3034 guel
164 2975 254 3026 Wissii
272 2973 425 3023 coniectura
446 2975 473 3022 in
488 2987 544 3023 auu.
648 2975 758 3038 ionpcm.
790 2975 892 3024 Seneca
912 2974 946 3024 de
964 2976 1060 3038 Tranq.
1079 2988 1122 3024 an.
1142 2975 1171 3023 s:

122 3049 143 3096 6.
161 3049 241 3112 Lm]
261 3045 354 3108 «iria,
374 3046 504 3096 imberbis
521 3059 553 3096 ac
571 3047 612 3096 te-
647 3063 701 3112 spes
725 3051 861 3110 animatos
876 3075 891 3085 -
908 3053 931 3097 et
953 3049 1066 3098 ocimum
1088 3049 1115 3097 io
1130 3049 1174 3110 lis-

97 3135 176 3172 nenm·
195 3121 290 3173 Tibull.
311 3123 339 3179 i,
357 3121 386 3182 8,
406 3122 450 3170 3t:
476 3122 568 3172 Carior
578 3125 613 3171 est
648 3129 708 3174 turc
724 3123 870 3171 eminentem
891 3121 964 3170 dixit.
991 3149 1019 3157 -
1040 3122 1171 3185 minorem]

96 3207 268 3266 amima,
283 3205 569 3268 cuilmicsulpcntorc.
582 3233 609 3241 -
648 3203 677 3249 ut
694 3192 788 3262 ἥττων
803 3191 895 3256 τινός,
916 3195 1042 3258 «impar»

97 3281 168 3345 crida]
187 3293 275 3344 «quae
287 3293 319 3330 ex
336 3281 454 3330 siccitate
468 3281 610 3329 nascitur.»
682 3273 722 3322 43.
758 3271 810 3321 Cur
825 3269 884 3332 corr]
902 3269 1097 3318 Sententiarum
1113 3269 1174 3318 iun-

122 3356 142 3404 8.
165 3356 275 3406 Facilem
297 3367 421 3404 somnum
445 3352 509 3402 dixit
531 3353 611 3403 etiam
649 3351 722 3397 ctura
742 3347 809 3395 baec
827 3347 882 3393 est:
907 3344 1041 3392 «Tametsi
1059 3343 1112 3390 iam
1128 3355 1174 3390 re-

96 3429 135 3477 0d.
152 3429 179 3490 3,
198 3431 246 3488 2⁴,
266 3428 291 3479 l.
313 3427 351 3491 (et
367 3428 431 3476 leues
446 3440 544 3477 somnos
561 3427 608 3476 od.
648 3423 761 3473 stinctus
778 3420 805 3468 in
822 3417 899 3468 nobis
917 3419 959 3466 est
978 3415 1173 3466 adolescentiae

96 3503 115 3560 i,
132 3503 168 3564 to,
188 3502 250 3566 ⁴5·l³
271 3503 332 3565 «qui
349 3500 425 3551 iacile
444 3500 550 3564 obrepit
560 3513 611 3550 nec
649 3497 751 3553 iervor,
778 3497 869 3542 tamen
894 3490 1048 3540 etiamnunc
1071 3491 1099 3538 et
1123 3501 1174 3551 po-

95 3576 174 3637 n'giiiis
191 3577 422 3638 interrumpitur.»
647 3568 728 3619 tando
757 3570 784 3616 et
812 3565 928 3616 amando
960 3577 1010 3614 nos
1037 3562 1173 3613 oblectare

121 3651 241 3716 timor]
255 3649 437 3714 pulchritudo;
451 3649 610 3698 brevienim
647 3655 799 3707 possumus.
827 3641 909 3703 Ergo,
936 3639 1001 3688 dnm
1026 3638 1100 3698 iicet,
1127 3649 1173 3687 sa-

95 3729 262 3776 marcescunt.
299 3723 502 3783 «Membranue,
531 3724 608 3785 quot-
646 3719 751 3782 pienter
771 3716 825 3763 vita
847 3714 993 3764 truamur.»
1013 3712 1171 3776 -ptotuno1

94 3803 150 3860 quot
163 3801 231 3858 ridi,
250 3800 338 3848 bonor.
357 3799 453 3858 Recte,
472 3795 610 3846 uisitetur
646 3792 769 3856 peciolam
779 3787 916 3853 platanum
933 3787 999 3838 dixit
1014 3787 1088 3837 Ovid.
1108 3787 1170 3837 Met.

94 3872 175 3924 sibilus
192 3875 256 3934 iste,
274 3873 391 3937 norim,
410 3873 498 3932 bonos,
516 3871 607 3919 umis.
647 3868 691 3928 to,
710 3866 762 3925 95„
788 3865 850 3927 quia
874 3862 925 3913 sub
949 3864 1006 3913 eius
1027 3860 1124 3910 umbra
1141 3858 1173 3908 li·

93 3947 134 4004 Qui
150 3950 252 4011 primus
270 3947 396 4007 mutavit,
416 3946 440 3995 oi
458 3944 542 3994 detuit
561 3957 610 3992 au·
646 3941 743 3990 beuter
764 3939 842 4001 genio
862 3935 1035 3998 indulgebant
1050 3933 1170 3982 Romani.

92 4019 152 4071 rium
168 4021 323 4072 iudicium.»
342 4021 434 4070 Remi.
648 4041 676 4050 —
694 4014 733 4062 oei
749 4013 803 4076 boc]
828 4007 996 4074 Reprehendi
1013 4004 1082 4056 solet
1097 4017 1112 4054 a
1129 4003 1172 4054 iu-

120 4096 156 4145 i0.
182 4097 255 4145 Laeto
279 4093 382 4158 nunu]
409 4093 503 4143 liudem
528 4091 608 4140 etiam
646 4089 743 4139 dorum
758 4085 892 4148 magistris
909 4083 952 4131 bic
969 4079 1170 4137 versnsexitus;

92 4167 236 4231 Propertius
253 4168 319 4218 dixit
329 4168 363 4218 de
375 4167 454 4218 lunae
465 4163 608 4230 splendore
646 4163 722 4227 quasi
738 4175 804 4211 vero
820 4158 998 4224 peritissimus
1014 4152 1108 4203 artifex
1120 4153 1171 4202 bac

93 4241 116 4298 i,
135 4244 175 4304 to,
194 4245 229 4294 8:
249 4243 281 4292 Et
296 4241 385 4292 madiis
400 4241 469 4290 casio
482 4241 610 4290 Lunam-
645 4237 702 4300 ipsa
740 4246 836 4285 versus
875 4227 1084 4280 coniormationa
1117 4240 1171 4277 non
