2934 4884
686 356 812 406 ΗΟΒΑΤΙΙ
831 356 999 409 clamitant

469 513 533 576 Nos
554 511 713 583 convivia.
738 530 798 575 nos
819 509 943 596 proelia
966 511 1124 598 virginum

471 633 573 698 Sectis
596 633 627 696 in
650 631 784 697 iuvenes
806 631 969 718 unguibus
991 632 1112 696 acrium

471 754 641 819 Cantamus
664 753 778 828 vacui,
803 753 871 818 sive
894 752 973 839 quid
995 752 1133 826 urimur,

552 875 621 940 Non
643 884 773 962 practer
794 872 921 939 solitum
943 871 1042 939 leves,

367 1074 405 1122 ta.
426 1073 510 1137 Sectis]
529 1072 627 1122 Striclia
643 1071 726 1123 nenti.
747 1071 814 1123 coni.
835 1099 863 1107 -
886 1073 924 1122 ta.
945 1073 1011 1134 quod
1027 1073 1054 1122 L.
1157 1104 1163 1112 .

301 1252 398 1300 simum
411 1251 478 1300 inter
488 1247 616 1300 Achillem
628 1252 656 1298 et
666 1250 822 1300 Diomedem
860 1250 927 1299 coni.
946 1249 1037 1298 saiada
1053 1250 1143 1298 nescio
1160 1248 1224 1311 quid
1240 1248 1323 1298 hahet
1340 1249 1387 1298 lu-

302 1325 458 1384 mamorari,
481 1337 534 1373 non
557 1324 704 1385 cogitarunt
725 1336 822 1372 nomen
859 1322 923 1372 riala
949 1325 977 1372 at
1001 1325 1115 1386 agresta.
1155 1323 1255 1374 Vemm
1275 1324 1333 1388 ipsa
1356 1324 1387 1374 in

301 1476 388 1536 pcata.
418 1471 470 1520 Sed
482 1470 573 1520 conler
584 1471 665 1519 etiam
678 1470 735 1518 eius
747 1471 822 1532 quasi
859 1473 994 1534 ingenioso
1019 1484 1068 1522 suo
1093 1474 1196 1523 somnio
1223 1472 1386 1537 praetulisse

302 1541 449 1616 ἀριστείαν
475 1544 503 1595 ll.
531 1560 553 1606 a,
576 1545 616 1594 59.
649 1570 676 1580 —
706 1544 822 1595 Minerva
858 1546 972 1596 ridetur.
1018 1547 1138 1597 Muscam
1168 1549 1224 1598 crit.
1254 1547 1384 1598 cantabr.

302 1621 428 1671 adiutrice
453 1619 597 1671 Diomedes
622 1617 738 1684 δαίμονι
758 1614 823 1682 ἶσος
860 1619 933 1670 tati.
946 1621 965 1669 Ι.
979 1633 1005 1684 p.
1020 1619 1079 1670 liii:
1101 1621 1185 1670 «Ordo
1198 1624 1267 1682 est»,
1285 1623 1384 1684 inquit,

303 1695 381 1759 (iliad.
404 1710 426 1756 a,
449 1694 516 1756 884.)
551 1695 684 1745 Venerem
706 1697 732 1744 et
753 1696 823 1745 llar-
861 1696 979 1744 «mom
995 1696 1023 1744 ιἰι
1039 1696 1138 1744 invenes
1155 1695 1279 1759 emarcidas
1294 1698 1386 1746 sactis:

302 1774 356 1820 tam
372 1770 526 1820 vulneravit.
560 1769 632 1819 Iliad.
652 1784 674 1830 a,
693 1771 750 1820 335.
785 1771 823 1820 Ex
860 1783 940 1832 quam
957 1767 1090 1832 volgatam
1101 1768 1243 1819 lectionem
1254 1772 1387 1820 emenda-

302 1845 446 1907 posteriore
464 1842 552 1893 labala
570 1843 674 1894 Pindar.
690 1846 766 1894 Nam.
781 1845 820 1904 to,
859 1845 922 1893 tioni
938 1847 1044 1894 nostrae
1061 1845 1215 1909 praeierunt
1230 1858 1333 1905 omnes,
1353 1849 1387 1895 ut

301 1920 328 1966 7:
368 1913 514 1984 Διομήδεα
547 1910 695 1988 ἄμβροτον
728 1914 822 1982 ξανθά
859 1922 948 1970 narrat
964 1920 1102 1972 Massiua.»
1120 1919 1312 1970 Addit'editor:
1333 1923 1386 1971 «At

301 2007 370 2043 ποτε
385 1991 554 2054 Γλαυκῶπις
570 1984 660 2058 ἔθηκε
675 1989 755 2042 θεόν.
859 1993 914 2042 Tib.
923 1994 1146 2052 Hamsterhusiua
1159 1996 1226 2044 testo
1235 1995 1383 2056 Wagnero,

335 2068 374 2117 ii.
395 2068 433 2117 ta.
454 2067 561 2131 proelio]
585 2067 694 2118 «faciles
716 2071 744 2118 et
763 2066 822 2132 pla·
858 2067 968 2118 Bentleii
978 2064 1155 2139 κατόρθωμα
1166 2067 1384 2119 adolescentibus

300 2155 414 2206 rumque
426 2142 502 2192 fictas
513 2143 582 2193 rixas
594 2143 663 2193 inter
675 2145 821 2204 amantes»
859 2145 885 2192 in
907 2141 1058 2205 exemplum
1080 2146 1168 2193 certae
1190 2144 1294 2192 critices
1313 2157 1384 2206 pro-

301 2217 393 2280 quales
415 2218 543 2280 significat
564 2220 682 2283 Propert.
705 2219 728 2278 3,
748 2219 772 2279 8,
791 2220 820 2266 5:
858 2231 958 2281 ponere
980 2215 1111 2267 solebat.»
1150 2219 1274 2268 Ceterum
1299 2218 1383 2280 iunge

280 2283 336 2341 ΙΤιι
351 2306 410 2342 varo
426 2298 523 2342 nostros
539 2293 728 2344 audoainocdo
743 2294 824 2354 copti-
857 2292 985 2354 viratim
1011 2293 1039 2340 in
1063 2293 1161 2340 iooaaas
1188 2293 1286 2341 ocriwn
1309 2293 1385 2340 sactis

300 2368 349 2427 toa,
371 2367 404 2416 Et
423 2381 480 2432 noco
500 2367 615 2430 formosis
635 2367 760 2432 aanoldis
776 2381 824 2416 oro
860 2365 966 2429 (tamen)
983 2365 1116 2429 annom,
1137 2379 1198 2427 non,
1211 2368 1240 2415 ut
1252 2365 1381 2426 nonnulli,

301 2447 374 2500 ιιοιιι,Ι
393 2443 420 2490 et
436 2441 509 2490 ovid.
524 2444 581 2491 lm.
603 2443 626 2502 i,
645 2443 669 2500 5,
689 2444 732 2491 it:
752 2455 823 2491 aava·
858 2442 928 2489 tactis
944 2441 972 2488 in
990 2440 1097 2489 tonores.

301 2529 347 2578 qao
375 2517 412 2564 ita
434 2519 577 2578 pugnaret,
604 2521 733 2578 tamquam
759 2530 824 2578 ormo
892 2515 931 2564 49.
951 2515 1025 2565 «Siva
1042 2515 1120 2564 vacui
1131 2528 1224 2566 sumus
1238 2513 1272 2564 ab
1285 2528 1381 2568 amore

299 2592 398 2638 vincare
413 2590 494 2639 collat.
517 2617 543 2624 -
573 2590 657 2653 Sectis]
676 2592 704 2639 ul
721 2589 822 2654 puellas
858 2588 913 2638 siva
931 2602 1023 2640 amora
1041 2590 1193 2654 flagramus,
1214 2603 1246 2640 ax
1264 2604 1383 2642 consae-

301 2663 414 2713 mundas
432 2663 524 2722 decat3
543 2665 581 2712 sic
598 2667 687 2714 tamen
706 2665 822 2714 inermes
858 2664 948 2715 tudine
965 2665 1038 2716 omni
1055 2668 1174 2729 ampore
1186 2666 1237 2715 hac
1253 2667 1279 2715 in
1298 2678 1328 2714 re
1341 2667 1383 2715 in-

301 2751 332 2786 ac
350 2739 457 2787 minimo
471 2737 650 2788 formidandae
663 2739 822 2788 actiterun-
858 2742 1018 2801 constantes,
1038 2743 1175 2791 cantamus
1193 2743 1260 2790 cet.»
1286 2742 1381 2790 iocosa

301 2811 397 2874 guibus
418 2812 572 2862 minitantur
592 2813 660 2863 inter
680 2813 775 2876 pocula
795 2816 822 2863 et
857 2813 979 2863 affectata
997 2815 1048 2864 hac
1058 2814 1163 2864 levitate
1175 2816 1272 2878 optima
1290 2818 1378 2875 cavet,

301 2886 429 2936 ioculares
454 2887 533 2936 rixas.
568 2887 607 2936 Ad
627 2889 711 2937 tolum
729 2891 820 2938 autam
857 2901 891 2936 ne
904 2889 1016 2953 Agrippa
1034 2889 1141 2952 grandia
1159 2901 1190 2937 ac
1205 2889 1273 2938 seria
1284 2887 1318 2937 ab
1330 2889 1382 2939 ho-

300 2962 423 3011 carrninis
445 2960 582 3011 consilium
603 2962 755 3025 aptissimus
780 2964 822 3012 ast
858 2963 929 3012 mino
955 2963 1090 3014 amoribus
1112 2964 1189 3013 unice
1214 2963 1303 3012 dedito
1328 2975 1380 3013 ex-

300 3038 405 3087 iocosus
421 3036 464 3085 hic
482 3035 580 3094 exitus;
601 3033 710 3086 Bentleii
729 3039 821 3086 contra
856 3039 968 3101 spectat.
