<?xml version="1.0" encoding="UTF-8"?>
<!DOCTYPE html PUBLIC "-//W3C//DTD XHTML 1.0 Transitional//EN"
    "http://www.w3.org/TR/xhtml1/DTD/xhtml1-transitional.dtd">
<html xmlns="http://www.w3.org/1999/xhtml" xml:lang="en" lang="en">
 <head>
  <title>
</title>
<meta http-equiv="Content-Type" content="text/html;charset=utf-8" />
  <meta name='ocr-system' content='tesseract 3.04.00' />
  <meta name='ocr-capabilities' content='ocr_page ocr_carea ocr_par ocr_line ocrx_word'/>
</head>
<body>
  <div class='ocr_page' id='page_1' title='image "./qhoratiusflaccu04baitgoog/qhoratiusflaccu04baitgoog_0427.png"; bbox 0 0 2934 4884; ppageno 0'>
   <div class='ocr_carea' id='block_1_1' title="bbox 470 356 728 407">
    <p class='ocr_par' dir='ltr' id='par_1_1' title="bbox 470 356 728 407">
     <span class='ocr_line' id='line_1_1' title="bbox 470 356 728 407; baseline 0.008 -2"><span class='ocrx_word' id='word_1_1' title='bbox 470 356 529 407; x_wconf 72' lang='grc'><strong>144.</strong></span> <span class='ocrx_word' id='word_1_2' title='bbox 548 356 590 407; x_wconf 87' lang='grc'><strong>111.</strong></span> <span class='ocrx_word' id='word_1_3' title='bbox 626 358 656 406; x_wconf 90' lang='lat' dir='ltr'><strong>C.</strong></span> <span class='ocrx_word' id='word_1_4' title='bbox 675 358 728 407; x_wconf 85' lang='lat' dir='ltr'><strong>vu.</strong></span> 
     </span>
    </p>
   </div>
   <div class='ocr_carea' id='block_1_2' title="bbox 275 510 735 719">
    <p class='ocr_par' dir='ltr' id='par_1_2' title="bbox 275 510 735 719">
     <span class='ocr_line' id='line_1_2' title="bbox 275 510 702 577; baseline 0.007 -4"><span class='ocrx_word' id='word_1_5' title='bbox 275 511 393 577; x_wconf 86' lang='lat' dir='ltr'><strong>Noctes</strong></span> <span class='ocrx_word' id='word_1_6' title='bbox 416 530 479 576; x_wconf 92' lang='lat' dir='ltr'><strong>nou</strong></span> <span class='ocrx_word' id='word_1_7' title='bbox 502 510 572 576; x_wconf 89' lang='lat' dir='ltr'><strong>sine</strong></span> <span class='ocrx_word' id='word_1_8' title='bbox 594 510 702 577; x_wconf 89' lang='lat' dir='ltr'><strong>multis</strong></span> 
     </span>
     <span class='ocr_line' id='line_1_3' title="bbox 317 629 735 719; baseline 0 -24"><span class='ocrx_word' id='word_1_9' title='bbox 317 630 476 697; x_wconf 87' lang='lat' dir='ltr'><strong>lnsomnis</strong></span> <span class='ocrx_word' id='word_1_10' title='bbox 499 629 640 698; x_wconf 80' lang='lat' dir='ltr'><strong>lacrimis</strong></span> <span class='ocrx_word' id='word_1_11' title='bbox 662 634 735 719; x_wconf 84' lang='lat' dir='ltr'><strong>agit.</strong></span> 
     </span>
    </p>
   </div>
   <div class='ocr_carea' id='block_1_3' title="bbox 230 788 1148 1220">
    <p class='ocr_par' dir='ltr' id='par_1_3' title="bbox 230 788 1148 1220">
     <span class='ocr_line' id='line_1_4' title="bbox 230 788 841 878; baseline 0.003 -23"><span class='ocrx_word' id='word_1_12' title='bbox 230 789 325 877; x_wconf 75' lang='lat' dir='ltr'><strong>aiqm</strong></span> <span class='ocrx_word' id='word_1_13' title='bbox 347 788 504 855; x_wconf 78' lang='lat' dir='ltr'>sollicitae</span> <span class='ocrx_word' id='word_1_14' title='bbox 526 790 656 855; x_wconf 89' lang='lat' dir='ltr'><strong>nuntius</strong></span> <span class='ocrx_word' id='word_1_15' title='bbox 678 789 841 878; x_wconf 81' lang='lat' dir='ltr'><strong>hospitae,</strong></span> 
     </span>
     <span class='ocr_line' id='line_1_5' title="bbox 231 909 1148 997; baseline 0.001 -21"><span class='ocrx_word' id='word_1_16' title='bbox 231 909 403 997; x_wconf 88' lang='lat' dir='ltr'><strong>Suspirare</strong></span> <span class='ocrx_word' id='word_1_17' title='bbox 425 909 547 977; x_wconf 71' lang='lat' dir='ltr'><strong>Chloen</strong></span> <span class='ocrx_word' id='word_1_18' title='bbox 570 921 603 977; x_wconf 91' lang='lat' dir='ltr'><strong>et</strong></span> <span class='ocrx_word' id='word_1_19' title='bbox 624 910 777 979; x_wconf 83' lang='lat' dir='ltr'><strong>miseram</strong></span> <span class='ocrx_word' id='word_1_20' title='bbox 800 912 862 978; x_wconf 87' lang='lat' dir='ltr'><strong>tuis</strong></span> <span class='ocrx_word' id='word_1_21' title='bbox 1110 912 1148 977; x_wconf 86' lang='lat' dir='ltr'><strong>l0</strong></span> 
     </span>
     <span class='ocr_line' id='line_1_6' title="bbox 272 1030 630 1118; baseline 0.006 -23"><span class='ocrx_word' id='word_1_22' title='bbox 272 1030 391 1097; x_wconf 86' lang='lat' dir='ltr'><strong>Dicens</strong></span> <span class='ocrx_word' id='word_1_23' title='bbox 414 1030 542 1118; x_wconf 83' lang='lat' dir='ltr'><strong>ignibus</strong></span> <span class='ocrx_word' id='word_1_24' title='bbox 565 1032 630 1109; x_wconf 91' lang='lat' dir='ltr'><strong>uri,</strong></span> 
     </span>
     <span class='ocr_line' id='line_1_7' title="bbox 317 1152 784 1220; baseline 0.002 -3"><span class='ocrx_word' id='word_1_25' title='bbox 317 1154 430 1217; x_wconf 89' lang='lat' dir='ltr'><strong>Tentat</strong></span> <span class='ocrx_word' id='word_1_26' title='bbox 450 1152 536 1219; x_wconf 91' lang='lat' dir='ltr'><strong>mille</strong></span> <span class='ocrx_word' id='word_1_27' title='bbox 559 1153 648 1219; x_wconf 85' lang='lat' dir='ltr'><strong>valer</strong></span> <span class='ocrx_word' id='word_1_28' title='bbox 669 1152 784 1220; x_wconf 89' lang='lat' dir='ltr'><strong>modis.</strong></span> 
     </span>
    </p>
   </div>
   <div class='ocr_carea' id='block_1_4' title="bbox 232 1290 919 1733">
    <p class='ocr_par' dir='ltr' id='par_1_4' title="bbox 232 1290 919 1733">
     <span class='ocr_line' id='line_1_8' title="bbox 232 1290 919 1378; baseline 0 -19"><span class='ocrx_word' id='word_1_29' title='bbox 232 1292 272 1359; x_wconf 90' lang='lat' dir='ltr'><strong>Ut</strong></span> <span class='ocrx_word' id='word_1_30' title='bbox 292 1293 444 1359; x_wconf 82' lang='lat' dir='ltr'><strong>Proetum</strong></span> <span class='ocrx_word' id='word_1_31' title='bbox 466 1290 582 1359; x_wconf 86' lang='lat' dir='ltr'><strong>mulier</strong></span> <span class='ocrx_word' id='word_1_32' title='bbox 604 1291 730 1378; x_wconf 88' lang='lat' dir='ltr'><strong>perfida</strong></span> <span class='ocrx_word' id='word_1_33' title='bbox 751 1292 919 1360; x_wconf 85' lang='lat' dir='ltr'><strong>credulum</strong></span> 
     </span>
     <span class='ocr_line' id='line_1_9' title="bbox 236 1412 871 1500; baseline 0.003 -23"><span class='ocrx_word' id='word_1_34' title='bbox 236 1412 339 1479; x_wconf 85' lang='lat' dir='ltr'><strong>Falsis</strong></span> <span class='ocrx_word' id='word_1_35' title='bbox 362 1412 525 1500; x_wconf 90' lang='lat' dir='ltr'><strong>impulerit</strong></span> <span class='ocrx_word' id='word_1_36' title='bbox 545 1412 752 1489; x_wconf 84' lang='lat' dir='ltr'><strong>criminibus,</strong></span> <span class='ocrx_word' id='word_1_37' title='bbox 776 1414 871 1480; x_wconf 90' lang='lat' dir='ltr'><strong>nimis</strong></span> 
     </span>
     <span class='ocr_line' id='line_1_10' title="bbox 276 1533 635 1622; baseline 0 -22"><span class='ocrx_word' id='word_1_38' title='bbox 276 1534 373 1600; x_wconf 85' lang='lat' dir='ltr'><strong>Casto</strong></span> <span class='ocrx_word' id='word_1_39' title='bbox 395 1533 635 1622; x_wconf 81' lang='lat' dir='ltr'><strong>Bellerophonti</strong></span> 
     </span>
     <span class='ocr_line' id='line_1_11' title="bbox 321 1656 766 1733; baseline 0 -12"><span class='ocrx_word' id='word_1_40' title='bbox 321 1656 481 1723; x_wconf 83' lang='lat' dir='ltr'><strong>Maturare</strong></span> <span class='ocrx_word' id='word_1_41' title='bbox 503 1676 635 1733; x_wconf 88' lang='lat' dir='ltr'><strong>necem,</strong></span> <span class='ocrx_word' id='word_1_42' title='bbox 659 1656 766 1723; x_wconf 81' lang='lat' dir='ltr'><strong>refert.</strong></span> 
     </span>
    </p>
   </div>
   <div class='ocr_carea' id='block_1_5' title="bbox 233 1794 900 1883">
    <p class='ocr_par' dir='ltr' id='par_1_5' title="bbox 233 1794 900 1883">
     <span class='ocr_line' id='line_1_12' title="bbox 233 1794 900 1883; baseline 0.004 -22"><span class='ocrx_word' id='word_1_43' title='bbox 233 1798 348 1862; x_wconf 86' lang='lat' dir='ltr'><strong>Narrat</strong></span> <span class='ocrx_word' id='word_1_44' title='bbox 368 1816 474 1883; x_wconf 88' lang='lat' dir='ltr'><strong>paene</strong></span> <span class='ocrx_word' id='word_1_45' title='bbox 496 1794 606 1863; x_wconf 83' lang='lat' dir='ltr'><strong>datum</strong></span> <span class='ocrx_word' id='word_1_46' title='bbox 628 1796 726 1867; x_wconf 89' lang='lat' dir='ltr'><strong>Pelea</strong></span> <span class='ocrx_word' id='word_1_47' title='bbox 749 1798 900 1873; x_wconf 80' lang='lat' dir='ltr'><strong>Tartaro,</strong></span> 
     </span>
    </p>
   </div>
   <div class='ocr_carea' id='block_1_6' title="bbox 100 1936 1119 2169">
    <p class='ocr_par' dir='ltr' id='par_1_6' title="bbox 100 1936 1119 2169">
     <span class='ocr_line' id='line_1_13' title="bbox 130 1936 1114 2005; baseline 0.005 -19"><span class='ocrx_word' id='word_1_48' title='bbox 130 1940 153 1987; x_wconf 83' lang='grc'><strong>1.</strong></span> <span class='ocrx_word' id='word_1_49' title='bbox 171 1938 234 1989; x_wconf 84' lang='lat' dir='ltr'><strong>Post</strong></span> <span class='ocrx_word' id='word_1_50' title='bbox 244 1937 316 1988; x_wconf 83' lang='lat' dir='ltr'><strong>hanc</strong></span> <span class='ocrx_word' id='word_1_51' title='bbox 327 1950 351 1985; x_wconf 90' lang='lat' dir='ltr'><strong>v.</strong></span> <span class='ocrx_word' id='word_1_52' title='bbox 366 1936 456 1987; x_wconf 85' lang='lat' dir='ltr'><strong>deficit</strong></span> <span class='ocrx_word' id='word_1_53' title='bbox 467 1938 557 1989; x_wconf 83' lang='lat' dir='ltr'><strong>Codex</strong></span> <span class='ocrx_word' id='word_1_54' title='bbox 569 1937 587 1988; x_wconf 91' lang='lat' dir='ltr'><strong>d</strong></span> <span class='ocrx_word' id='word_1_55' title='bbox 598 1950 683 2002; x_wconf 84' lang='lat' dir='ltr'><strong>usque</strong></span> <span class='ocrx_word' id='word_1_56' title='bbox 695 1938 729 1988; x_wconf 91' lang='lat' dir='ltr'><strong>ad</strong></span> <span class='ocrx_word' id='word_1_57' title='bbox 742 1939 831 1989; x_wconf 87' lang='lat' dir='ltr'><strong>Carm.</strong></span> <span class='ocrx_word' id='word_1_58' title='bbox 845 1939 874 1997; x_wconf 87' lang='grc'><strong>9,</strong></span> <span class='ocrx_word' id='word_1_59' title='bbox 888 1940 928 1989; x_wconf 85' lang='grc'><strong>41.</strong></span> <span class='ocrx_word' id='word_1_60' title='bbox 944 1968 971 1978; x_wconf 94' lang='grc'><strong>-</strong></span> <span class='ocrx_word' id='word_1_61' title='bbox 985 1943 1010 1992; x_wconf 81' lang='lat' dir='ltr'><strong>a.</strong></span> <span class='ocrx_word' id='word_1_62' title='bbox 1022 1944 1114 2005; x_wconf 71' lang='grc'><strong>,444444</strong></span> 
     </span>
     <span class='ocr_line' id='line_1_14' title="bbox 100 2011 1119 2076; baseline 0.008 -15"><span class='ocrx_word' id='word_1_63' title='bbox 100 2014 126 2062; x_wconf 83' lang='lat' dir='ltr'><strong>L.</strong></span> <span class='ocrx_word' id='word_1_64' title='bbox 139 2040 163 2049; x_wconf 90' lang='lat'>-</span> <span class='ocrx_word' id='word_1_65' title='bbox 178 2014 218 2063; x_wconf 81' lang='lat' dir='ltr'><strong>ts.</strong></span> <span class='ocrx_word' id='word_1_66' title='bbox 234 2012 394 2073; x_wconf 72' lang='lat' dir='ltr'><strong>Tsaiptatills</strong></span> <span class='ocrx_word' id='word_1_67' title='bbox 407 2012 436 2061; x_wconf 83' lang='lat' dir='ltr'><strong>T.</strong></span> <span class='ocrx_word' id='word_1_68' title='bbox 457 2040 479 2047; x_wconf 97' lang='lat'><em>-</em></span> <span class='ocrx_word' id='word_1_69' title='bbox 499 2011 540 2065; x_wconf 84' lang='grc'><strong>44.</strong></span> <span class='ocrx_word' id='word_1_70' title='bbox 553 2013 698 2075; x_wconf 79' lang='lat' dir='ltr'><strong>caaapalsril</strong></span> <span class='ocrx_word' id='word_1_71' title='bbox 709 2013 738 2062; x_wconf 82' lang='grc'><strong>1.</strong></span> <span class='ocrx_word' id='word_1_72' title='bbox 758 2013 969 2076; x_wconf 78' lang='grc'><strong>1444111484)-</strong></span> <span class='ocrx_word' id='word_1_73' title='bbox 988 2017 1029 2067; x_wconf 81' lang='lat' dir='ltr'><strong>ta.</strong></span> <span class='ocrx_word' id='word_1_74' title='bbox 1048 2017 1119 2068; x_wconf 83' lang='grc'><strong>44444-</strong></span> 
     </span>
     <span class='ocr_line' id='line_1_15' title="bbox 101 2086 581 2169; baseline 0.002 -34"><span class='ocrx_word' id='word_1_75' title='bbox 101 2088 218 2151; x_wconf 75' lang='lat' dir='ltr'><strong>raptante</strong></span> <span class='ocrx_word' id='word_1_76' title='bbox 235 2088 255 2137; x_wconf 92' lang='grc' dir='ltr'>Τ</span> <span class='ocrx_word' id='word_1_77' title='bbox 271 2087 315 2139; x_wconf 88' lang='grc'><strong>1444</strong></span> <span class='ocrx_word' id='word_1_78' title='bbox 333 2088 360 2137; x_wconf 89' lang='grc'><strong>44</strong></span> <span class='ocrx_word' id='word_1_79' title='bbox 377 2086 425 2137; x_wconf 92' lang='grc'><strong>04.</strong></span> <span class='ocrx_word' id='word_1_80' title='bbox 445 2086 473 2147; x_wconf 87' lang='grc'><strong>3,</strong></span> <span class='ocrx_word' id='word_1_81' title='bbox 494 2088 538 2169; x_wconf 64' lang='lat' dir='ltr'><strong>li,</strong></span> <span class='ocrx_word' id='word_1_82' title='bbox 557 2087 581 2137; x_wconf 86' lang='lat'><strong>8.</strong></span> 
     </span>
    </p>
   </div>
   <div class='ocr_carea' id='block_1_7' title="bbox 74 2202 1157 4277">
    <p class='ocr_par' dir='ltr' id='par_1_7' title="bbox 74 2202 1157 4277">
     <span class='ocr_line' id='line_1_16' title="bbox 75 2202 1148 2272; baseline 0.007 -17"><span class='ocrx_word' id='word_1_83' title='bbox 75 2208 98 2266; x_wconf 89' lang='grc'><strong>4,</strong></span> <span class='ocrx_word' id='word_1_84' title='bbox 120 2208 182 2258; x_wconf 69' lang='lat' dir='ltr'><strong>itt:</strong></span> <span class='ocrx_word' id='word_1_85' title='bbox 212 2208 290 2258; x_wconf 85' lang='lat' dir='ltr'><strong>Libra</strong></span> <span class='ocrx_word' id='word_1_86' title='bbox 310 2210 350 2259; x_wconf 85' lang='lat' dir='ltr'><strong>dis</strong></span> <span class='ocrx_word' id='word_1_87' title='bbox 369 2209 497 2270; x_wconf 77' lang='grc'><strong>4444444444</strong></span> <span class='ocrx_word' id='word_1_88' title='bbox 512 2202 590 2272; x_wconf 61' lang='lat' dir='ltr'><strong>paces</strong></span> <span class='ocrx_word' id='word_1_89' title='bbox 627 2208 677 2258; x_wconf 74' lang='lat' dir='ltr'><strong>aad</strong></span> <span class='ocrx_word' id='word_1_90' title='bbox 693 2220 815 2258; x_wconf 87' lang='lat' dir='ltr'><strong>amorem</strong></span> <span class='ocrx_word' id='word_1_91' title='bbox 832 2206 956 2272; x_wconf 78' lang='lat' dir='ltr'><strong>pellicit.»</strong></span> <span class='ocrx_word' id='word_1_92' title='bbox 979 2208 1032 2260; x_wconf 84' lang='lat' dir='ltr'><strong>Cir.</strong></span> <span class='ocrx_word' id='word_1_93' title='bbox 1047 2212 1148 2262; x_wconf 77' lang='grc'><strong>14444444.</strong></span> 
     </span>
     <span class='ocr_line' id='line_1_17' title="bbox 74 2280 868 2347; baseline 0.005 -18"><span class='ocrx_word' id='word_1_94' title='bbox 74 2280 216 2345; x_wconf 75' lang='grc'><strong>4444444441</strong></span> <span class='ocrx_word' id='word_1_95' title='bbox 242 2282 327 2333; x_wconf 81' lang='lat' dir='ltr'><strong>boras.</strong></span> <span class='ocrx_word' id='word_1_96' title='bbox 364 2284 437 2345; x_wconf 86' lang='grc'><strong>(444.</strong></span> <span class='ocrx_word' id='word_1_97' title='bbox 465 2282 494 2343; x_wconf 95' lang='grc'><strong>4,</strong></span> <span class='ocrx_word' id='word_1_98' title='bbox 524 2284 585 2334; x_wconf 68' lang='grc'><strong>4364</strong></span> <span class='ocrx_word' id='word_1_99' title='bbox 626 2282 743 2333; x_wconf 82' lang='grc'><strong>4414444.</strong></span> <span class='ocrx_word' id='word_1_100' title='bbox 763 2296 789 2347; x_wconf 87' lang='lat' dir='ltr'><strong>p.</strong></span> <span class='ocrx_word' id='word_1_101' title='bbox 808 2283 868 2333; x_wconf 78' lang='grc'><strong>444.</strong></span> 
     </span>
     <span class='ocr_line' id='line_1_18' title="bbox 75 2355 1148 2422; baseline 0.007 -19"><span class='ocrx_word' id='word_1_102' title='bbox 75 2355 173 2406; x_wconf 68' lang='lat' dir='ltr'><strong>Hatera</strong></span> <span class='ocrx_word' id='word_1_103' title='bbox 197 2356 369 2419; x_wconf 73' lang='lat' dir='ltr'><strong>laetitiamque</strong></span> <span class='ocrx_word' id='word_1_104' title='bbox 393 2358 437 2407; x_wconf 86' lang='lat' dir='ltr'><strong>dii.</strong></span> <span class='ocrx_word' id='word_1_105' title='bbox 472 2358 502 2407; x_wconf 87' lang='lat' dir='ltr'><strong>V.</strong></span> <span class='ocrx_word' id='word_1_106' title='bbox 523 2358 589 2408; x_wconf 89' lang='lat' dir='ltr'><strong>Wa-</strong></span> <span class='ocrx_word' id='word_1_107' title='bbox 659 2358 748 2408; x_wconf 85' lang='grc'><strong>43-46.</strong></span> <span class='ocrx_word' id='word_1_108' title='bbox 766 2358 892 2422; x_wconf 66' lang='lat' dir='ltr'><strong>aalma]</strong></span> <span class='ocrx_word' id='word_1_109' title='bbox 910 2371 1003 2422; x_wconf 73' lang='lat' dir='ltr'><strong>regem</strong></span> <span class='ocrx_word' id='word_1_110' title='bbox 1013 2360 1148 2421; x_wconf 78' lang='lat' dir='ltr'><strong>Argivom.</strong></span> 
     </span>
     <span class='ocr_line' id='line_1_19' title="bbox 75 2426 1150 2498; baseline 0.005 -19"><span class='ocrx_word' id='word_1_111' title='bbox 75 2440 138 2490; x_wconf 75' lang='lat' dir='ltr'><strong>gaer.</strong></span> <span class='ocrx_word' id='word_1_112' title='bbox 158 2426 589 2493; x_wconf 74' lang='grc'><strong>01464119,4444414414414141</strong></span> <span class='ocrx_word' id='word_1_113' title='bbox 629 2458 656 2468; x_wconf 97' lang='grc'>-</span> <span class='ocrx_word' id='word_1_114' title='bbox 680 2432 772 2482; x_wconf 72' lang='lat' dir='ltr'><strong>audiar</strong></span> <span class='ocrx_word' id='word_1_115' title='bbox 789 2432 897 2498; x_wconf 67' lang='lat' dir='ltr'><strong>perfida]</strong></span> <span class='ocrx_word' id='word_1_116' title='bbox 917 2436 1001 2483; x_wconf 84' lang='grc'><strong>444444</strong></span> <span class='ocrx_word' id='word_1_117' title='bbox 1024 2434 1150 2495; x_wconf 80' lang='lat' dir='ltr'><strong>Homero,</strong></span> 
     </span>
     <span class='ocr_line' id='line_1_20' title="bbox 75 2500 1152 2573; baseline 0.009 -24"><span class='ocrx_word' id='word_1_118' title='bbox 75 2502 103 2552; x_wconf 87' lang='lat' dir='ltr'><strong>ad</strong></span> <span class='ocrx_word' id='word_1_119' title='bbox 118 2504 170 2554; x_wconf 80' lang='lat' dir='ltr'><strong>liv.</strong></span> <span class='ocrx_word' id='word_1_120' title='bbox 190 2506 220 2565; x_wconf 80' lang='lat' dir='ltr'><strong>s,</strong></span> <span class='ocrx_word' id='word_1_121' title='bbox 240 2500 285 2555; x_wconf 72' lang='lat' dir='ltr'><strong>li:</strong></span> <span class='ocrx_word' id='word_1_122' title='bbox 309 2506 445 2555; x_wconf 76' lang='grc'><strong>4444444444</strong></span> <span class='ocrx_word' id='word_1_123' title='bbox 457 2504 590 2570; x_wconf 70' lang='lat' dir='ltr'><strong>penicis.)</strong></span> <span class='ocrx_word' id='word_1_124' title='bbox 628 2506 684 2557; x_wconf 90' lang='grc'><strong>41444</strong></span> <span class='ocrx_word' id='word_1_125' title='bbox 709 2507 887 2559; x_wconf 82' lang='lat' dir='ltr'><strong>Stheneboea.</strong></span> <span class='ocrx_word' id='word_1_126' title='bbox 923 2508 1065 2559; x_wconf 78' lang='lat' dir='ltr'><strong>Historiam</strong></span> <span class='ocrx_word' id='word_1_127' title='bbox 1093 2508 1152 2573; x_wconf 82' lang='lat' dir='ltr'><strong>lege</strong></span> 
     </span>
     <span class='ocr_line' id='line_1_21' title="bbox 101 2578 1151 2646; baseline 0.007 -19"><span class='ocrx_word' id='word_1_128' title='bbox 101 2579 122 2627; x_wconf 82' lang='grc'><strong>4.</strong></span> <span class='ocrx_word' id='word_1_129' title='bbox 140 2580 164 2629; x_wconf 86' lang='grc'><strong>6.</strong></span> <span class='ocrx_word' id='word_1_130' title='bbox 184 2578 295 2643; x_wconf 67' lang='lat' dir='ltr'><strong>onaan]</strong></span> <span class='ocrx_word' id='word_1_131' title='bbox 307 2583 414 2644; x_wconf 92' lang='lat' dir='ltr'><strong>portum</strong></span> <span class='ocrx_word' id='word_1_132' title='bbox 427 2583 453 2629; x_wconf 90' lang='lat' dir='ltr'><strong>et</strong></span> <span class='ocrx_word' id='word_1_133' title='bbox 462 2581 590 2644; x_wconf 89' lang='lat' dir='ltr'><strong>oppidum</strong></span> <span class='ocrx_word' id='word_1_134' title='bbox 628 2581 699 2632; x_wconf 87' lang='lat' dir='ltr'><strong>iliad.</strong></span> <span class='ocrx_word' id='word_1_135' title='bbox 710 2583 733 2644; x_wconf 84' lang='grc' dir='ltr'><strong>ζ,</strong></span> <span class='ocrx_word' id='word_1_136' title='bbox 747 2581 844 2646; x_wconf 73' lang='grc'><strong>45544.</strong></span> <span class='ocrx_word' id='word_1_137' title='bbox 856 2583 1026 2633; x_wconf 69' lang='lat' dir='ltr'><strong>tractaverat</strong></span> <span class='ocrx_word' id='word_1_138' title='bbox 1035 2582 1151 2634; x_wconf 79' lang='lat' dir='ltr'><strong>fabulam</strong></span> 
     </span>
     <span class='ocr_line' id='line_1_22' title="bbox 76 2651 1154 2722; baseline 0.007 -22"><span class='ocrx_word' id='word_1_139' title='bbox 76 2651 134 2714; x_wconf 82' lang='lat' dir='ltr'><strong>Epiri</strong></span> <span class='ocrx_word' id='word_1_140' title='bbox 151 2654 178 2702; x_wconf 94' lang='lat' dir='ltr'><strong>in</strong></span> <span class='ocrx_word' id='word_1_141' title='bbox 205 2653 313 2703; x_wconf 83' lang='grc'><strong>4444441444</strong></span> <span class='ocrx_word' id='word_1_142' title='bbox 338 2654 413 2704; x_wconf 88' lang='lat' dir='ltr'><strong>sinus</strong></span> <span class='ocrx_word' id='word_1_143' title='bbox 438 2653 590 2715; x_wconf 81' lang='lat' dir='ltr'><strong>Hadriatici,</strong></span> <span class='ocrx_word' id='word_1_144' title='bbox 628 2655 775 2720; x_wconf 88' lang='lat' dir='ltr'><strong>Sophocles</strong></span> <span class='ocrx_word' id='word_1_145' title='bbox 787 2658 813 2706; x_wconf 93' lang='lat' dir='ltr'><strong>in</strong></span> <span class='ocrx_word' id='word_1_146' title='bbox 825 2654 930 2716; x_wconf 85' lang='lat' dir='ltr'><strong>lobata,</strong></span> <span class='ocrx_word' id='word_1_147' title='bbox 947 2658 993 2721; x_wconf 87' lang='lat' dir='ltr'><strong>qul</strong></span> <span class='ocrx_word' id='word_1_148' title='bbox 1007 2660 1084 2722; x_wconf 86' lang='lat' dir='ltr'><strong>pater</strong></span> <span class='ocrx_word' id='word_1_149' title='bbox 1096 2661 1154 2708; x_wconf 89' lang='lat' dir='ltr'><strong>erat</strong></span> 
     </span>
     <span class='ocr_line' id='line_1_23' title="bbox 76 2724 1154 2797; baseline 0.008 -24"><span class='ocrx_word' id='word_1_150' title='bbox 76 2724 144 2776; x_wconf 85' lang='lat' dir='ltr'><strong>bodio</strong></span> <span class='ocrx_word' id='word_1_151' title='bbox 169 2726 272 2777; x_wconf 77' lang='grc'><strong>1444444.</strong></span> <span class='ocrx_word' id='word_1_152' title='bbox 300 2754 327 2763; x_wconf 94' lang='grc'>-</span> <span class='ocrx_word' id='word_1_153' title='bbox 351 2728 453 2792; x_wconf 80' lang='grc'><strong>444444]</strong></span> <span class='ocrx_word' id='word_1_154' title='bbox 479 2727 591 2779; x_wconf 78' lang='lat' dir='ltr'><strong>«multos</strong></span> <span class='ocrx_word' id='word_1_155' title='bbox 628 2729 827 2791; x_wconf 82' lang='lat' dir='ltr'><strong>Stheneboeae,</strong></span> <span class='ocrx_word' id='word_1_156' title='bbox 846 2729 987 2797; x_wconf 80' lang='lat' dir='ltr'><strong>Euripides</strong></span> <span class='ocrx_word' id='word_1_157' title='bbox 998 2732 1024 2781; x_wconf 89' lang='lat' dir='ltr'><strong>in</strong></span> <span class='ocrx_word' id='word_1_158' title='bbox 1036 2730 1154 2782; x_wconf 83' lang='lat' dir='ltr'><strong>Bellero·</strong></span> 
     </span>
     <span class='ocr_line' id='line_1_24' title="bbox 76 2798 1154 2867; baseline 0.009 -20"><span class='ocrx_word' id='word_1_159' title='bbox 76 2798 166 2851; x_wconf 84' lang='lat' dir='ltr'><strong>imbres</strong></span> <span class='ocrx_word' id='word_1_160' title='bbox 180 2814 212 2851; x_wconf 87' lang='lat' dir='ltr'><strong>ac</strong></span> <span class='ocrx_word' id='word_1_161' title='bbox 224 2799 355 2864; x_wconf 87' lang='lat' dir='ltr'><strong>procellas</strong></span> <span class='ocrx_word' id='word_1_162' title='bbox 369 2802 589 2853; x_wconf 74' lang='lat' dir='ltr'><strong>concitantia»-</strong></span> <span class='ocrx_word' id='word_1_163' title='bbox 628 2804 728 2867; x_wconf 88' lang='lat' dir='ltr'><strong>phonte</strong></span> <span class='ocrx_word' id='word_1_164' title='bbox 741 2806 769 2854; x_wconf 87' lang='lat' dir='ltr'><strong>et</strong></span> <span class='ocrx_word' id='word_1_165' title='bbox 778 2806 804 2855; x_wconf 90' lang='lat' dir='ltr'><strong>in</strong></span> <span class='ocrx_word' id='word_1_166' title='bbox 817 2806 995 2856; x_wconf 85' lang='lat' dir='ltr'><strong>stheneboea.</strong></span> <span class='ocrx_word' id='word_1_167' title='bbox 1015 2806 1154 2857; x_wconf 74' lang='grc'><strong>43144441-</strong></span> 
     </span>
     <span class='ocr_line' id='line_1_25' title="bbox 75 2875 1151 2945; baseline 0.005 -21"><span class='ocrx_word' id='word_1_168' title='bbox 75 2875 258 2945; x_wconf 72' lang='lat' dir='ltr'><strong>Post-capras</strong></span> <span class='ocrx_word' id='word_1_169' title='bbox 277 2876 376 2941; x_wconf 78' lang='lat' dir='ltr'><strong>sidera]</strong></span> <span class='ocrx_word' id='word_1_170' title='bbox 397 2876 496 2939; x_wconf 86' lang='grc'><strong>44444,</strong></span> <span class='ocrx_word' id='word_1_171' title='bbox 516 2878 593 2942; x_wconf 75' lang='lat' dir='ltr'><strong>apost</strong></span> <span class='ocrx_word' id='word_1_172' title='bbox 629 2880 694 2929; x_wconf 88' lang='grc'><strong>41444</strong></span> <span class='ocrx_word' id='word_1_173' title='bbox 716 2892 757 2942; x_wconf 79' lang='lat' dir='ltr'><strong>pr.</strong></span> <span class='ocrx_word' id='word_1_174' title='bbox 779 2880 930 2943; x_wconf 63' lang='lat' dir='ltr'><strong>Tragoedias</strong></span> <span class='ocrx_word' id='word_1_175' title='bbox 954 2882 974 2930; x_wconf 92' lang='lat'><strong>1.</strong></span> <span class='ocrx_word' id='word_1_176' title='bbox 992 2894 1020 2945; x_wconf 91' lang='lat' dir='ltr'><strong>p.</strong></span> <span class='ocrx_word' id='word_1_177' title='bbox 1039 2880 1096 2932; x_wconf 83' lang='grc'><strong>447.</strong></span> <span class='ocrx_word' id='word_1_178' title='bbox 1124 2908 1151 2915; x_wconf 82' lang='lat'>—</span> 
     </span>
     <span class='ocr_line' id='line_1_26' title="bbox 76 2949 1155 3017; baseline 0.006 -20"><span class='ocrx_word' id='word_1_179' title='bbox 76 2949 167 3012; x_wconf 85' lang='lat' dir='ltr'><strong>Caprae</strong></span> <span class='ocrx_word' id='word_1_180' title='bbox 177 2952 293 3000; x_wconf 77' lang='lat' dir='ltr'><strong>ortum.»</strong></span> <span class='ocrx_word' id='word_1_181' title='bbox 311 2950 495 3013; x_wconf 82' lang='lat' dir='ltr'><strong>Gapraaulem</strong></span> <span class='ocrx_word' id='word_1_182' title='bbox 505 2952 592 3014; x_wconf 82' lang='grc'><strong>144444</strong></span> <span class='ocrx_word' id='word_1_183' title='bbox 628 2952 773 3017; x_wconf 72' lang='grc'><strong>4444444444]</strong></span> <span class='ocrx_word' id='word_1_184' title='bbox 793 2952 994 3004; x_wconf 76' lang='lat' dir='ltr'><strong>«accelerare»</strong></span> <span class='ocrx_word' id='word_1_185' title='bbox 1028 2954 1155 3016; x_wconf 72' lang='lat' dir='ltr'><strong>inpellere</strong></span> 
     </span>
     <span class='ocr_line' id='line_1_27' title="bbox 76 3018 1153 3090; baseline 0.007 -19"><span class='ocrx_word' id='word_1_186' title='bbox 76 3018 592 3090; x_wconf 70' lang='grc' dir='ltr'><strong>4114Ὠλεν4η44ξ,44444141444.),4444</strong></span> <span class='ocrx_word' id='word_1_187' title='bbox 630 3028 658 3077; x_wconf 88' lang='lat' dir='ltr'><strong>at</strong></span> <span class='ocrx_word' id='word_1_188' title='bbox 675 3027 814 3089; x_wconf 69' lang='lat' dir='ltr'><strong>perpellere</strong></span> <span class='ocrx_word' id='word_1_189' title='bbox 836 3040 898 3077; x_wconf 91' lang='lat' dir='ltr'><strong>cum</strong></span> <span class='ocrx_word' id='word_1_190' title='bbox 920 3028 1049 3077; x_wconf 81' lang='lat' dir='ltr'><strong>infinitivo</strong></span> <span class='ocrx_word' id='word_1_191' title='bbox 1072 3030 1153 3079; x_wconf 88' lang='lat' dir='ltr'><strong>etiam</strong></span> 
     </span>
     <span class='ocr_line' id='line_1_28' title="bbox 76 3098 1090 3161; baseline 0.007 -17"><span class='ocrx_word' id='word_1_192' title='bbox 76 3098 156 3149; x_wconf 87' lang='lat' dir='ltr'><strong>lovem</strong></span> <span class='ocrx_word' id='word_1_193' title='bbox 174 3098 303 3150; x_wconf 87' lang='lat' dir='ltr'><strong>inlentem</strong></span> <span class='ocrx_word' id='word_1_194' title='bbox 321 3098 389 3149; x_wconf 87' lang='lat' dir='ltr'><strong>lacte</strong></span> <span class='ocrx_word' id='word_1_195' title='bbox 403 3101 547 3161; x_wconf 83' lang='lat' dir='ltr'><strong>nutrierat,</strong></span> <span class='ocrx_word' id='word_1_196' title='bbox 565 3101 592 3151; x_wconf 88' lang='lat' dir='ltr'><strong>in</strong></span> <span class='ocrx_word' id='word_1_197' title='bbox 630 3102 710 3151; x_wconf 87' lang='lat' dir='ltr'><strong>Tacit.</strong></span> <span class='ocrx_word' id='word_1_198' title='bbox 729 3102 797 3149; x_wconf 78' lang='lat' dir='ltr'><strong>Anu.</strong></span> <span class='ocrx_word' id='word_1_199' title='bbox 817 3100 861 3159; x_wconf 85' lang='grc'><strong>43,</strong></span> <span class='ocrx_word' id='word_1_200' title='bbox 880 3098 920 3151; x_wconf 83' lang='grc'><strong>44.</strong></span> <span class='ocrx_word' id='word_1_201' title='bbox 940 3102 969 3150; x_wconf 90' lang='grc'><strong>44</strong></span> <span class='ocrx_word' id='word_1_202' title='bbox 985 3100 1030 3158; x_wconf 81' lang='lat' dir='ltr'><strong>ll,</strong></span> <span class='ocrx_word' id='word_1_203' title='bbox 1049 3101 1090 3151; x_wconf 86' lang='grc'><strong>641.</strong></span> 
     </span>
     <span class='ocr_line' id='line_1_29' title="bbox 76 3171 1156 3238; baseline 0.006 -18"><span class='ocrx_word' id='word_1_204' title='bbox 76 3171 154 3223; x_wconf 86' lang='lat' dir='ltr'><strong>sidera</strong></span> <span class='ocrx_word' id='word_1_205' title='bbox 178 3171 261 3223; x_wconf 82' lang='lat' dir='ltr'><strong>relata</strong></span> <span class='ocrx_word' id='word_1_206' title='bbox 286 3187 339 3223; x_wconf 92' lang='lat' dir='ltr'><strong>una</strong></span> <span class='ocrx_word' id='word_1_207' title='bbox 362 3187 423 3224; x_wconf 92' lang='lat' dir='ltr'><strong>cum</strong></span> <span class='ocrx_word' id='word_1_208' title='bbox 442 3174 595 3236; x_wconf 68' lang='lat' dir='ltr'><strong>pluvialibus</strong></span> <span class='ocrx_word' id='word_1_209' title='bbox 664 3175 704 3223; x_wconf 85' lang='grc'><strong>41.</strong></span> <span class='ocrx_word' id='word_1_210' title='bbox 735 3174 817 3236; x_wconf 66' lang='lat' dir='ltr'><strong>Heba]</strong></span> <span class='ocrx_word' id='word_1_211' title='bbox 835 3172 978 3237; x_wconf 80' lang='lat' dir='ltr'><strong>Hippolyte</strong></span> <span class='ocrx_word' id='word_1_212' title='bbox 997 3171 1156 3238; x_wconf 67' lang='grc'><strong>(4141444444-</strong></span> 
     </span>
     <span class='ocr_line' id='line_1_30' title="bbox 78 3242 1153 3311; baseline 0.002 -16"><span class='ocrx_word' id='word_1_213' title='bbox 78 3245 159 3297; x_wconf 80' lang='lat' dir='ltr'><strong>ilaerlis</strong></span> <span class='ocrx_word' id='word_1_214' title='bbox 181 3248 260 3311; x_wconf 69' lang='lat' dir='ltr'><strong>[ling.</strong></span> <span class='ocrx_word' id='word_1_215' title='bbox 281 3249 345 3298; x_wconf 87' lang='grc'><strong>4444.</strong></span> <span class='ocrx_word' id='word_1_216' title='bbox 365 3248 394 3309; x_wconf 84' lang='grc'><strong>9,</strong></span> <span class='ocrx_word' id='word_1_217' title='bbox 416 3248 484 3311; x_wconf 80' lang='grc'><strong>468.)</strong></span> <span class='ocrx_word' id='word_1_218' title='bbox 511 3250 595 3299; x_wconf 83' lang='lat' dir='ltr'><strong>oritur</strong></span> <span class='ocrx_word' id='word_1_219' title='bbox 631 3248 747 3311; x_wconf 82' lang='lat' dir='ltr'><strong>demta),</strong></span> <span class='ocrx_word' id='word_1_220' title='bbox 766 3250 867 3308; x_wconf 87' lang='grc'><strong>444444,</strong></span> <span class='ocrx_word' id='word_1_221' title='bbox 886 3242 957 3310; x_wconf 81' lang='lat' dir='ltr'><strong>&#39;regis</strong></span> <span class='ocrx_word' id='word_1_222' title='bbox 973 3246 1049 3309; x_wconf 90' lang='grc'><strong>14144,</strong></span> <span class='ocrx_word' id='word_1_223' title='bbox 1073 3262 1153 3308; x_wconf 82' lang='lat' dir='ltr'><strong>uxor,</strong></span> 
     </span>
     <span class='ocr_line' id='line_1_31' title="bbox 77 3319 1154 3384; baseline 0.004 -17"><span class='ocrx_word' id='word_1_224' title='bbox 77 3319 112 3369; x_wconf 83' lang='lat' dir='ltr'><strong>lv.</strong></span> <span class='ocrx_word' id='word_1_225' title='bbox 129 3320 184 3372; x_wconf 83' lang='grc'><strong>1441.</strong></span> <span class='ocrx_word' id='word_1_226' title='bbox 204 3320 330 3381; x_wconf 72' lang='lat' dir='ltr'><strong>Octobr,</strong></span> <span class='ocrx_word' id='word_1_227' title='bbox 349 3322 448 3372; x_wconf 89' lang='lat' dir='ltr'><strong>occidit</strong></span> <span class='ocrx_word' id='word_1_228' title='bbox 463 3322 517 3372; x_wconf 84' lang='lat' dir='ltr'><strong>Kal.</strong></span> <span class='ocrx_word' id='word_1_229' title='bbox 537 3324 591 3373; x_wconf 89' lang='lat' dir='ltr'><strong>lan.</strong></span> <span class='ocrx_word' id='word_1_230' title='bbox 631 3322 701 3373; x_wconf 88' lang='lat' dir='ltr'><strong>Pelei</strong></span> <span class='ocrx_word' id='word_1_231' title='bbox 719 3334 812 3372; x_wconf 88' lang='lat' dir='ltr'><strong>amore</strong></span> <span class='ocrx_word' id='word_1_232' title='bbox 830 3324 920 3384; x_wconf 87' lang='lat' dir='ltr'><strong>capta,</strong></span> <span class='ocrx_word' id='word_1_233' title='bbox 945 3334 1008 3371; x_wconf 86' lang='lat' dir='ltr'><strong>cum</strong></span> <span class='ocrx_word' id='word_1_234' title='bbox 1030 3321 1103 3370; x_wconf 88' lang='lat' dir='ltr'><strong>bunc</strong></span> <span class='ocrx_word' id='word_1_235' title='bbox 1120 3320 1154 3371; x_wconf 87' lang='lat' dir='ltr'><strong>ad</strong></span> 
     </span>
     <span class='ocr_line' id='line_1_32' title="bbox 104 3395 1155 3461; baseline -0.002 -16"><span class='ocrx_word' id='word_1_236' title='bbox 104 3396 126 3445; x_wconf 82' lang='lat'><strong>8.</strong></span> <span class='ocrx_word' id='word_1_237' title='bbox 138 3398 162 3446; x_wconf 87' lang='grc'><strong>9.</strong></span> <span class='ocrx_word' id='word_1_238' title='bbox 176 3396 298 3460; x_wconf 77' lang='grc'><strong>4444444444]</strong></span> <span class='ocrx_word' id='word_1_239' title='bbox 311 3398 473 3461; x_wconf 72' lang='lat' dir='ltr'><strong>«propterte</strong></span> <span class='ocrx_word' id='word_1_240' title='bbox 487 3398 592 3456; x_wconf 69' lang='lat' dir='ltr'><strong>effusis,</strong></span> <span class='ocrx_word' id='word_1_241' title='bbox 631 3399 754 3461; x_wconf 85' lang='lat' dir='ltr'><strong>stuprum</strong></span> <span class='ocrx_word' id='word_1_242' title='bbox 771 3395 939 3447; x_wconf 86' lang='lat' dir='ltr'><strong>sollicitasset</strong></span> <span class='ocrx_word' id='word_1_243' title='bbox 954 3407 1043 3457; x_wconf 91' lang='lat' dir='ltr'><strong>neque</strong></span> <span class='ocrx_word' id='word_1_244' title='bbox 1055 3395 1079 3443; x_wconf 91' lang='grc'><strong>44</strong></span> <span class='ocrx_word' id='word_1_245' title='bbox 1090 3407 1155 3459; x_wconf 88' lang='lat' dir='ltr'><strong>per-</strong></span> 
     </span>
     <span class='ocr_line' id='line_1_33' title="bbox 76 3467 1153 3535; baseline 0 -18"><span class='ocrx_word' id='word_1_246' title='bbox 76 3470 117 3519; x_wconf 87' lang='lat' dir='ltr'><strong>elsi</strong></span> <span class='ocrx_word' id='word_1_247' title='bbox 133 3484 197 3521; x_wconf 87' lang='lat' dir='ltr'><strong>eum</strong></span> <span class='ocrx_word' id='word_1_248' title='bbox 211 3484 263 3535; x_wconf 89' lang='lat' dir='ltr'><strong>per</strong></span> <span class='ocrx_word' id='word_1_249' title='bbox 274 3470 400 3521; x_wconf 86' lang='lat' dir='ltr'><strong>callidum</strong></span> <span class='ocrx_word' id='word_1_250' title='bbox 410 3472 527 3521; x_wconf 77' lang='grc'><strong>44444444</strong></span> <span class='ocrx_word' id='word_1_251' title='bbox 537 3473 593 3522; x_wconf 88' lang='lat' dir='ltr'><strong>sive</strong></span> <span class='ocrx_word' id='word_1_252' title='bbox 631 3471 746 3521; x_wconf 85' lang='lat' dir='ltr'><strong>suadere</strong></span> <span class='ocrx_word' id='word_1_253' title='bbox 763 3472 905 3534; x_wconf 83' lang='lat' dir='ltr'><strong>potuisset,</strong></span> <span class='ocrx_word' id='word_1_254' title='bbox 929 3467 1021 3519; x_wconf 88' lang='lat' dir='ltr'><strong>dolore</strong></span> <span class='ocrx_word' id='word_1_255' title='bbox 1039 3468 1153 3531; x_wconf 81' lang='lat' dir='ltr'><strong>odioque</strong></span> 
     </span>
     <span class='ocr_line' id='line_1_34' title="bbox 77 3543 1157 3610; baseline 0.001 -19"><span class='ocrx_word' id='word_1_256' title='bbox 77 3544 243 3610; x_wconf 87' lang='lat' dir='ltr'><strong>interpretem</strong></span> <span class='ocrx_word' id='word_1_257' title='bbox 269 3548 354 3595; x_wconf 85' lang='lat' dir='ltr'><strong>tentat</strong></span> <span class='ocrx_word' id='word_1_258' title='bbox 377 3546 496 3609; x_wconf 86' lang='lat' dir='ltr'><strong>hospita,</strong></span> <span class='ocrx_word' id='word_1_259' title='bbox 523 3546 594 3610; x_wconf 89' lang='lat' dir='ltr'><strong>apud</strong></span> <span class='ocrx_word' id='word_1_260' title='bbox 631 3547 739 3595; x_wconf 90' lang='lat' dir='ltr'><strong>incensa</strong></span> <span class='ocrx_word' id='word_1_261' title='bbox 757 3557 819 3594; x_wconf 90' lang='lat' dir='ltr'><strong>eum</strong></span> <span class='ocrx_word' id='word_1_262' title='bbox 837 3543 909 3607; x_wconf 90' lang='lat' dir='ltr'><strong>apud</strong></span> <span class='ocrx_word' id='word_1_263' title='bbox 925 3543 1051 3594; x_wconf 85' lang='lat' dir='ltr'><strong>maritum</strong></span> <span class='ocrx_word' id='word_1_264' title='bbox 1068 3543 1157 3592; x_wconf 84' lang='lat' dir='ltr'><strong>crimi-</strong></span> 
     </span>
     <span class='ocr_line' id='line_1_35' title="bbox 76 3617 1154 3679; baseline -0.003 -9"><span class='ocrx_word' id='word_1_265' title='bbox 76 3620 144 3670; x_wconf 78' lang='lat' dir='ltr'><strong>eaius</strong></span> <span class='ocrx_word' id='word_1_266' title='bbox 159 3620 289 3670; x_wconf 88' lang='lat' dir='ltr'><strong>maritum</strong></span> <span class='ocrx_word' id='word_1_267' title='bbox 306 3620 480 3670; x_wconf 79' lang='lat' dir='ltr'><strong>devertitur.»</strong></span> <span class='ocrx_word' id='word_1_268' title='bbox 631 3622 692 3670; x_wconf 87' lang='lat' dir='ltr'><strong>nala</strong></span> <span class='ocrx_word' id='word_1_269' title='bbox 710 3620 764 3679; x_wconf 88' lang='lat' dir='ltr'><strong>est,</strong></span> <span class='ocrx_word' id='word_1_270' title='bbox 782 3621 813 3668; x_wconf 91' lang='lat' dir='ltr'><strong>ut</strong></span> <span class='ocrx_word' id='word_1_271' title='bbox 828 3619 883 3668; x_wconf 88' lang='lat' dir='ltr'><strong>vim</strong></span> <span class='ocrx_word' id='word_1_272' title='bbox 900 3617 951 3669; x_wconf 88' lang='lat' dir='ltr'><strong>sibi</strong></span> <span class='ocrx_word' id='word_1_273' title='bbox 962 3617 1061 3668; x_wconf 81' lang='lat' dir='ltr'><strong>inferre</strong></span> <span class='ocrx_word' id='word_1_274' title='bbox 1072 3629 1154 3667; x_wconf 88' lang='lat' dir='ltr'><strong>cona-</strong></span> 
     </span>
     <span class='ocr_line' id='line_1_36' title="bbox 104 3691 1156 3759; baseline 0 -18"><span class='ocrx_word' id='word_1_275' title='bbox 104 3693 141 3743; x_wconf 82' lang='lat' dir='ltr'><strong>to.</strong></span> <span class='ocrx_word' id='word_1_276' title='bbox 153 3693 393 3759; x_wconf 78' lang='lat' dir='ltr'><strong>tt.tats·lpaibas]</strong></span> <span class='ocrx_word' id='word_1_277' title='bbox 403 3697 500 3758; x_wconf 78' lang='lat' dir='ltr'><strong>«Gyge,</strong></span> <span class='ocrx_word' id='word_1_278' title='bbox 512 3706 593 3757; x_wconf 86' lang='lat' dir='ltr'><strong>quem</strong></span> <span class='ocrx_word' id='word_1_279' title='bbox 631 3698 697 3745; x_wconf 90' lang='lat' dir='ltr'><strong>tum.</strong></span> <span class='ocrx_word' id='word_1_280' title='bbox 732 3691 778 3743; x_wconf 90' lang='grc'><strong>1114</strong></span> <span class='ocrx_word' id='word_1_281' title='bbox 801 3695 891 3743; x_wconf 89' lang='lat' dir='ltr'><strong>autam</strong></span> <span class='ocrx_word' id='word_1_282' title='bbox 912 3692 954 3743; x_wconf 90' lang='lat' dir='ltr'><strong>bia</strong></span> <span class='ocrx_word' id='word_1_283' title='bbox 975 3692 1071 3743; x_wconf 88' lang='lat' dir='ltr'><strong>auditis</strong></span> <span class='ocrx_word' id='word_1_284' title='bbox 1092 3704 1156 3742; x_wconf 91' lang='lat' dir='ltr'><strong>eum</strong></span> 
     </span>
     <span class='ocr_line' id='line_1_37' title="bbox 76 3766 1157 3829; baseline 0.002 -17"><span class='ocrx_word' id='word_1_285' title='bbox 76 3768 100 3814; x_wconf 93' lang='lat' dir='ltr'><strong>tu</strong></span> <span class='ocrx_word' id='word_1_286' title='bbox 117 3768 245 3818; x_wconf 88' lang='lat' dir='ltr'><strong>ardenter</strong></span> <span class='ocrx_word' id='word_1_287' title='bbox 262 3780 364 3818; x_wconf 69' lang='lat' dir='ltr'><strong>amas.»</strong></span> <span class='ocrx_word' id='word_1_288' title='bbox 383 3768 594 3829; x_wconf 72' lang='lat' dir='ltr'><strong>«QuandoDclia</strong></span> <span class='ocrx_word' id='word_1_289' title='bbox 631 3770 657 3818; x_wconf 94' lang='lat' dir='ltr'><strong>in</strong></span> <span class='ocrx_word' id='word_1_290' title='bbox 683 3766 747 3818; x_wconf 92' lang='lat' dir='ltr'><strong>Pelii</strong></span> <span class='ocrx_word' id='word_1_291' title='bbox 774 3769 873 3818; x_wconf 89' lang='lat' dir='ltr'><strong>montis</strong></span> <span class='ocrx_word' id='word_1_292' title='bbox 900 3766 1056 3818; x_wconf 88' lang='lat' dir='ltr'><strong>solitudines</strong></span> <span class='ocrx_word' id='word_1_293' title='bbox 1080 3766 1157 3829; x_wconf 88' lang='lat' dir='ltr'><strong>quasi</strong></span> 
     </span>
     <span class='ocr_line' id='line_1_38' title="bbox 75 3840 1157 3906; baseline 0 -18"><span class='ocrx_word' id='word_1_294' title='bbox 75 3841 139 3903; x_wconf 88' lang='lat' dir='ltr'><strong>apud</strong></span> <span class='ocrx_word' id='word_1_295' title='bbox 166 3842 321 3892; x_wconf 75' lang='lat' dir='ltr'><strong>lividam.</strong></span> <span class='ocrx_word' id='word_1_296' title='bbox 341 3842 369 3902; x_wconf 86' lang='grc'><strong>3,</strong></span> <span class='ocrx_word' id='word_1_297' title='bbox 394 3842 422 3901; x_wconf 78' lang='lat' dir='ltr'><strong>H,</strong></span> <span class='ocrx_word' id='word_1_298' title='bbox 447 3844 487 3892; x_wconf 83' lang='lat'><strong>56.</strong></span> <span class='ocrx_word' id='word_1_299' title='bbox 515 3842 593 3893; x_wconf 90' lang='lat' dir='ltr'><strong>dicit:</strong></span> <span class='ocrx_word' id='word_1_300' title='bbox 632 3841 702 3893; x_wconf 87' lang='lat' dir='ltr'><strong>aliud</strong></span> <span class='ocrx_word' id='word_1_301' title='bbox 726 3855 808 3906; x_wconf 78' lang='lat' dir='ltr'><strong>agens</strong></span> <span class='ocrx_word' id='word_1_302' title='bbox 831 3841 952 3900; x_wconf 69' lang='lat' dir='ltr'><strong>deduxit,</strong></span> <span class='ocrx_word' id='word_1_303' title='bbox 979 3854 1033 3903; x_wconf 87' lang='lat' dir='ltr'><strong>quo</strong></span> <span class='ocrx_word' id='word_1_304' title='bbox 1055 3840 1157 3889; x_wconf 88' lang='lat' dir='ltr'><strong>dormi-</strong></span> 
     </span>
     <span class='ocr_line' id='line_1_39' title="bbox 74 3911 1157 3979; baseline -0.002 -15"><span class='ocrx_word' id='word_1_305' title='bbox 74 3916 166 3977; x_wconf 78' lang='grc'><strong>4444444,</strong></span> <span class='ocrx_word' id='word_1_306' title='bbox 191 3917 251 3965; x_wconf 76' lang='lat' dir='ltr'><strong>dina</strong></span> <span class='ocrx_word' id='word_1_307' title='bbox 273 3920 331 3965; x_wconf 83' lang='grc'><strong>4444</strong></span> <span class='ocrx_word' id='word_1_308' title='bbox 347 3917 412 3979; x_wconf 79' lang='lat' dir='ltr'><strong>ipsis</strong></span> <span class='ocrx_word' id='word_1_309' title='bbox 428 3929 512 3978; x_wconf 77' lang='grc'><strong>44444,</strong></span> <span class='ocrx_word' id='word_1_310' title='bbox 539 3922 596 3966; x_wconf 82' lang='lat' dir='ltr'><strong>taes</strong></span> <span class='ocrx_word' id='word_1_311' title='bbox 632 3919 694 3967; x_wconf 88' lang='lat' dir='ltr'><strong>ente</strong></span> <span class='ocrx_word' id='word_1_312' title='bbox 720 3917 790 3966; x_wconf 86' lang='lat' dir='ltr'><strong>inter</strong></span> <span class='ocrx_word' id='word_1_313' title='bbox 816 3918 964 3970; x_wconf 79' lang='lat' dir='ltr'><strong>Centauros</strong></span> <span class='ocrx_word' id='word_1_314' title='bbox 990 3912 1081 3963; x_wconf 90' lang='lat' dir='ltr'><strong>relicto</strong></span> <span class='ocrx_word' id='word_1_315' title='bbox 1107 3911 1157 3963; x_wconf 89' lang='lat' dir='ltr'><strong>do·</strong></span> 
     </span>
     <span class='ocr_line' id='line_1_40' title="bbox 75 3987 1156 4055; baseline 0 -18"><span class='ocrx_word' id='word_1_316' title='bbox 75 3988 135 4049; x_wconf 80' lang='lat' dir='ltr'><strong>tpais</strong></span> <span class='ocrx_word' id='word_1_317' title='bbox 156 4002 209 4039; x_wconf 93' lang='lat' dir='ltr'><strong>non</strong></span> <span class='ocrx_word' id='word_1_318' title='bbox 235 3992 278 4041; x_wconf 88' lang='lat' dir='ltr'><strong>est</strong></span> <span class='ocrx_word' id='word_1_319' title='bbox 302 3989 433 4049; x_wconf 84' lang='lat' dir='ltr'><strong>Tibullus,</strong></span> <span class='ocrx_word' id='word_1_320' title='bbox 464 3992 512 4041; x_wconf 88' lang='lat' dir='ltr'><strong>sed</strong></span> <span class='ocrx_word' id='word_1_321' title='bbox 538 3992 595 4055; x_wconf 87' lang='lat' dir='ltr'><strong>ipsa</strong></span> <span class='ocrx_word' id='word_1_322' title='bbox 632 4003 707 4042; x_wconf 89' lang='lat' dir='ltr'><strong>mum</strong></span> <span class='ocrx_word' id='word_1_323' title='bbox 725 4003 851 4041; x_wconf 84' lang='lat' dir='ltr'><strong>reversus</strong></span> <span class='ocrx_word' id='word_1_324' title='bbox 869 3990 918 4039; x_wconf 88' lang='lat' dir='ltr'><strong>est.</strong></span> <span class='ocrx_word' id='word_1_325' title='bbox 938 3990 1072 4039; x_wconf 86' lang='lat' dir='ltr'><strong>Dlautem</strong></span> <span class='ocrx_word' id='word_1_326' title='bbox 1085 3987 1156 4038; x_wconf 85' lang='lat' dir='ltr'><strong>Pelei</strong></span> 
     </span>
     <span class='ocr_line' id='line_1_41' title="bbox 75 4062 1157 4127; baseline 0.001 -16"><span class='ocrx_word' id='word_1_327' title='bbox 75 4062 152 4113; x_wconf 82' lang='lat' dir='ltr'><strong>Delia.</strong></span> <span class='ocrx_word' id='word_1_328' title='bbox 188 4066 231 4114; x_wconf 87' lang='lat' dir='ltr'><strong>Sic</strong></span> <span class='ocrx_word' id='word_1_329' title='bbox 248 4065 330 4115; x_wconf 84' lang='lat' dir='ltr'><strong>etiam</strong></span> <span class='ocrx_word' id='word_1_330' title='bbox 347 4064 404 4115; x_wconf 91' lang='grc'><strong>14.1.</strong></span> <span class='ocrx_word' id='word_1_331' title='bbox 419 4067 476 4115; x_wconf 85' lang='lat' dir='ltr'><strong>Non</strong></span> <span class='ocrx_word' id='word_1_332' title='bbox 494 4066 595 4127; x_wconf 80' lang='lat' dir='ltr'><strong>estigi-</strong></span> <span class='ocrx_word' id='word_1_333' title='bbox 633 4066 736 4117; x_wconf 87' lang='lat' dir='ltr'><strong>miserti</strong></span> <span class='ocrx_word' id='word_1_334' title='bbox 760 4063 908 4115; x_wconf 87' lang='lat' dir='ltr'><strong>Volcanum</strong></span> <span class='ocrx_word' id='word_1_335' title='bbox 930 4063 964 4112; x_wconf 87' lang='lat' dir='ltr'><strong>ad</strong></span> <span class='ocrx_word' id='word_1_336' title='bbox 988 4074 1051 4112; x_wconf 91' lang='lat' dir='ltr'><strong>eum</strong></span> <span class='ocrx_word' id='word_1_337' title='bbox 1074 4062 1157 4113; x_wconf 90' lang='lat' dir='ltr'><strong>mise-</strong></span> 
     </span>
     <span class='ocr_line' id='line_1_42' title="bbox 74 4135 1157 4201; baseline 0.001 -17"><span class='ocrx_word' id='word_1_338' title='bbox 74 4138 126 4195; x_wconf 86' lang='lat' dir='ltr'><strong>tur,</strong></span> <span class='ocrx_word' id='word_1_339' title='bbox 150 4139 222 4201; x_wconf 85' lang='lat' dir='ltr'><strong>quod</strong></span> <span class='ocrx_word' id='word_1_340' title='bbox 246 4152 309 4189; x_wconf 92' lang='lat' dir='ltr'><strong>cum</strong></span> <span class='ocrx_word' id='word_1_341' title='bbox 333 4141 383 4191; x_wconf 87' lang='grc' dir='ltr'><strong>ΗΡ.</strong></span> <span class='ocrx_word' id='word_1_342' title='bbox 403 4138 595 4190; x_wconf 82' lang='lat' dir='ltr'><strong>substituamus</strong></span> <span class='ocrx_word' id='word_1_343' title='bbox 633 4143 702 4190; x_wconf 86' lang='lat' dir='ltr'><strong>runt.</strong></span> <span class='ocrx_word' id='word_1_344' title='bbox 735 4140 782 4191; x_wconf 89' lang='lat' dir='ltr'><strong>Hic</strong></span> <span class='ocrx_word' id='word_1_345' title='bbox 799 4140 823 4189; x_wconf 89' lang='lat' dir='ltr'><strong>ei</strong></span> <span class='ocrx_word' id='word_1_346' title='bbox 835 4138 951 4201; x_wconf 77' lang='lat' dir='ltr'><strong>gladium</strong></span> <span class='ocrx_word' id='word_1_347' title='bbox 963 4135 1083 4196; x_wconf 89' lang='lat' dir='ltr'><strong>donavit,</strong></span> <span class='ocrx_word' id='word_1_348' title='bbox 1103 4148 1157 4199; x_wconf 82' lang='lat' dir='ltr'><strong>quo</strong></span> 
     </span>
     <span class='ocr_line' id='line_1_43' title="bbox 75 4211 1157 4277; baseline 0.002 -18"><span class='ocrx_word' id='word_1_349' title='bbox 75 4211 249 4276; x_wconf 68' lang='lat' dir='ltr'><strong>irai-ipsiius.»</strong></span> <span class='ocrx_word' id='word_1_350' title='bbox 298 4236 325 4249; x_wconf 89' lang='lat'>-</span> <span class='ocrx_word' id='word_1_351' title='bbox 352 4214 474 4263; x_wconf 82' lang='grc'><strong>11444444.</strong></span> <span class='ocrx_word' id='word_1_352' title='bbox 502 4214 595 4277; x_wconf 70' lang='lat' dir='ltr'><strong>lentat]</strong></span> <span class='ocrx_word' id='word_1_353' title='bbox 634 4215 782 4265; x_wconf 79' lang='lat' dir='ltr'><strong>Centamos</strong></span> <span class='ocrx_word' id='word_1_354' title='bbox 804 4214 830 4263; x_wconf 90' lang='lat' dir='ltr'><strong>in</strong></span> <span class='ocrx_word' id='word_1_355' title='bbox 848 4226 878 4262; x_wconf 87' lang='lat' dir='ltr'><strong>aa</strong></span> <span class='ocrx_word' id='word_1_356' title='bbox 899 4212 1031 4262; x_wconf 86' lang='grc'><strong>4444444444</strong></span> <span class='ocrx_word' id='word_1_357' title='bbox 1046 4211 1157 4262; x_wconf 87' lang='lat' dir='ltr'><strong>interle-</strong></span> 
     </span>
    </p>
   </div>
   <div class='ocr_carea' id='block_1_8' title="bbox 0 0 1474 4884">
    <p class='ocr_par' dir='ltr' id='par_1_8' title="bbox 0 0 1474 4884">
     <span class='ocr_line' id='line_1_44' title="bbox 0 0 1474 4884; baseline 0 0"><span class='ocrx_word' id='word_1_358' title='bbox 0 0 1474 4884; x_wconf 95' lang='lat' dir='ltr'><strong> </strong></span> 
     </span>
    </p>
   </div>
  </div>
 </body>
</html>
