2934 4884
465 357 523 407 ΗΒ.
544 358 573 407 ll.
610 359 638 407 C.
659 359 722 408 lllll.

340 511 458 580 Aeoliis
481 511 601 580 fidibus
625 523 818 600 querentem
867 594 871 602 Ι

258 652 386 740 Sappho
409 651 526 740 puellis
548 651 590 718 de
613 651 844 739 popularibus,

256 775 293 840 Et
315 785 345 840 te
368 785 537 840 sonantem
559 773 687 860 plenius
709 793 832 849 aureo,

299 895 430 974 lineae,
454 896 579 983 plectro
602 895 684 960 dura
707 897 814 973 navis,

339 1019 427 1084 Dura
449 1017 543 1104 fugae
567 1016 666 1094 mala,
694 1016 776 1083 dura
797 1017 892 1084 belli!

255 1158 431 1244 Utrumque
454 1177 548 1224 sacro
572 1157 669 1244 digna
691 1156 819 1223 silentio

255 1279 407 1344 Mirantur
427 1277 564 1346 umbrae
586 1277 718 1358 dicere3
743 1277 802 1344 sed
824 1280 928 1366 magis
1133 1283 1174 1346 30

80 1465 224 1518 Ἀπόλλων
258 1463 463 1533 ἑπτάγλωσσον
495 1467 609 1536 χρυσέῳ
646 1465 796 1530 alloquitur.
843 1466 898 1517 Alc.
928 1468 969 1517 Fr.
999 1467 1039 1519 tl.
1069 1469 1172 1532 Bergk:

83 1541 217 1612 πλάκτρῳ
228 1539 348 1592 διώκων.
367 1543 456 1606 Eurip.
470 1541 547 1590 Herc.
559 1540 608 1590 tur.
643 1535 765 1600 ’λόπλοχ’
783 1533 858 1607 ἅγνα
874 1538 1074 1606 μελλιχόμειδε
1092 1540 1173 1594 Σάπ-

84 1621 147 1668 35l:
174 1617 336 1680 Φοῖβος--
353 1613 406 1666 τάν
430 1614 610 1680 καλλίφλογ-
646 1629 714 1676 φοι,
742 1614 822 1666 Θέλω
846 1629 874 1664 τι
891 1614 1009 1681 Faunine,
1036 1612 1110 1668 ἀλλά
1135 1633 1174 1684 με

83 1709 134 1758 γον
158 1689 284 1762 κιθάραν
316 1687 443 1742 ἐλαύνων
476 1687 609 1760 πλήκτρῳ
645 1688 749 1739 κωλύει
782 1687 877 1751 αἴδως.
919 1693 1018 1756 Suppli.
1054 1695 1094 1743 Fr.
1130 1693 1171 1744 32.

84 1769 206 1836 χρυσέῳ.
645 1765 730 1826 Bergk
748 1777 774 1827 p.
795 1766 852 1814 607.
880 1766 920 1814 Fr.
944 1767 985 1816 λθ.
1006 1767 1171 1817 Schneidaw.

114 1843 215 1892 ²128.
244 1843 310 1890 Nota
333 1839 497 1890 versiculum
521 1841 610 1890 minus
648 1865 675 1874 *
694 1839 722 1887 in
749 1838 961 1889 eeiebmtissimo
986 1853 1050 1892 vase
1076 1842 1174 1891 Panet·

85 1915 193 1979 politum
205 1929 210 1964 :
224 1915 424 1977 aameptectro
440 1912 515 1970 idarci
527 1916 607 1964 nauis.
646 1913 748 1961 tierano
765 1912 838 1976 (Bait.
858 1915 913 1961 dett’
930 1915 989 1964 Inst.
1009 1917 1078 1964 aret.
1098 1916 1172 1966 ⁴838.

86 1992 128 2039 «ln
145 2003 177 2039 eo
195 2003 324 2039 versuum
347 1991 508 2051 systemate,
536 1989 609 2051 qnod
644 1999 670 2049 p.
701 1987 751 2048 ti.)
787 1987 893 2050 Sappho
920 1991 947 2036 et
971 1989 1084 2039 Alcaeus
1111 2002 1174 2039 cum

86 2065 189 2113 Horatio
200 2077 267 2128 prae
279 2065 375 2114 ceteris
391 2063 521 2127 placuisse
533 2063 609 2112 vide·
644 2061 749 2110 Baccho
768 2062 849 2123 atque
868 2059 950 2131 Μέθῃ
969 2064 1171 2120 consociantur;

85 2151 155 2196 mus,
178 2138 257 2188 colon
276 2139 384 2188 tertium
405 2139 467 2201 post
487 2138 608 2199 quintam
645 2135 702 2184 sine
728 2134 785 2183 aliis
810 2135 901 2195 figuris
924 2139 1003 2198 poeta
1027 2140 1054 2185 et
1070 2136 1174 2200 poetria

86 2212 211 2275 syllabam
232 2226 265 2263 ea
290 2213 446 2262 condicione
476 2211 606 2272 inciditur,
645 2222 659 2258 e
687 2209 794 2271 regione
820 2207 870 2257 sibi
896 2210 997 2260 stantes
1022 2207 1095 2271 lyras
1112 2209 1173 2272 pul-

86 2288 113 2335 nt
128 2291 200 2337 sexta
218 2288 311 2337 teneat
325 2285 487 2336 vocabulum
513 2299 609 2336 mono-
645 2284 705 2332 sant
716 2282 788 2346 apud
797 2281 928 2345 Millingen
941 2285 1010 2332 Μαι.
1024 2285 1043 2333 l.
1054 2282 1118 2333 Tali.
1130 2284 1170 2334 33.

86 2360 227 2422 syllabam,
249 2362 299 2411 hoc
312 2361 410 2410 modo:
429 2361 535 2422 Excepit
546 2361 610 2410 ictus
645 2361 673 2408 et
684 2357 741 2416 3λ.,
761 2371 794 2406 ex
806 2356 923 2420 quadam
935 2359 1011 2420 quasi
1031 2359 1170 2422 utriusque

89 2433 148 2498 ipra!
171 2436 280 2498 pudicis.
323 2436 378 2484 Hoc
404 2435 430 2484 in
458 2435 608 2486 cultissimis
644 2427 817 2483 ἀποθεώσει.
839 2459 867 2468 -
885 2433 1101 2497 sacro-silentio]
1120 2435 1173 2484 Ac-

87 2509 245 2560 carminibus
271 2511 381 2559 secutus
408 2511 463 2570 est,
494 2508 610 2572 neglexit
646 2507 713 2558 cedo
726 2520 797 2557 nunc
809 2504 913 2556 Halmio
925 2507 959 2556 ita
971 2509 1171 2571 interpretanti:

88 2583 111 2631 in
137 2583 314 2642 quibusdam,
352 2595 420 2646 quae
446 2596 495 2632 cur
520 2584 608 2633 omnia
646 2581 731 2632 «Talia
757 2595 804 2632 ens
831 2582 960 2631 cecinisse
984 2583 1074 2645 fingit,
1102 2595 1172 2646 quaa

88 2658 168 2719 primo
186 2659 212 2706 et
230 2656 352 2707 secunda
369 2655 436 2706 libro
456 2658 607 2718 inseruerit,
645 2657 722 2719 digna
736 2660 839 2716 essent,
859 2660 896 2717 ut,
915 2655 1068 2720 ubicunque
1081 2656 1174 2708 audie-

89 2731 357 2781 animaduersurum
382 2735 449 2794 App.
473 2730 507 2780 ad
527 2733 609 2780 Fran·
644 2731 755 2790 bantur,
785 2745 859 2781 sacro
882 2732 980 2782 silentio
1014 2734 1174 2797 exciperen-

88 2805 155 2855 irium
170 2820 230 2870 pag.
250 2805 308 2855 238.
330 2831 357 2840 -
375 2805 463 2869 stagna]
484 2806 608 2856 aexsilii.»
646 2806 700 2864 tur,
737 2806 813 2868 quasi
845 2819 888 2856 res
915 2806 1004 2856 divina
1037 2810 1170 2870 ageretur.

96 2907 115 2914 κ
132 2879 196 2944 betti]
216 2880 269 2930 Cir.
289 2878 324 2928 ad
342 2878 389 2927 Od.
408 2880 437 2940 2,
456 2881 484 2940 7,
506 2880 545 2929 ⁴0.
573 2879 610 2929 lo-
646 2880 707 2927 Erat
724 2880 796 2928 enim
814 2884 908 2929 cantus
926 2883 981 2930 tam
998 2881 1119 2942 divinus,
1143 2884 1174 2930 ut

89 2969 146 3005 cnm
158 2955 320 3014 iterodotiti,
334 2955 375 3004 95.
395 2953 609 3005 Alcaeusssoruit
645 2953 679 3003 ab
705 2955 764 3018 ipso
794 2955 930 3005 Musarum
962 2969 1008 3005 ora
1037 2957 1173 3020 proiectus

78 3030 152 3096 circa
170 3029 274 3094 Olymp.
293 3029 368 3078 XLII.
395 3043 420 3078 a.
448 3029 510 3079 Chr.
535 3031 606 3091 titi,
644 3029 810 3078 videretur.»

90 3103 200 3166 aequalis
226 3105 357 3168 Sapphus.
389 3105 533 3167 Praecipue
552 3105 608 3154 eius
677 3101 717 3152 30.
737 3101 777 3150 34.
795 3103 878 3164 magis
887 3103 994 3166 manas]
1014 3103 1173 3154 «Multitudi-

90 3178 165 3228 iirtus
190 3180 284 3228 enituit
307 3179 333 3227 iu
358 3179 545 3242 impugnandis
568 3181 609 3242 tp·
644 3189 706 3225 nem
733 3175 817 3237 magis
843 3173 948 3225 allicere
975 3176 1001 3224 et
1035 3176 1172 3227 delectare

91 3255 185 3314 raunis,
228 3253 272 3316 qui
311 3251 439 3316 deinceps
467 3252 608 3315 Mytilenas
644 3249 730 3300 solent
750 3244 787 3298 τὰ
811 3245 989 3298 ainamma
1005 3247 1173 3314 καλούμενα

90 3327 158 3386 potiti
174 3329 262 3387 erant,
281 3325 403 3389 Myrsilo,
429 3326 606 3390 Megaiagyro,
644 3322 696 3374 τοῦ
727 3318 857 3374 Ἀλκαίου
893 3320 1044 3388 ποιήματα
1073 3324 1171 3387 (strab.

91 3397 150 3448 aliis.
182 3403 248 3452 Nam
267 3414 330 3452 cum
348 3401 427 3450 tratre
440 3403 607 3452 Antimenide
645 3399 685 3460 ts,
697 3400 764 3461 647.)
777 3412 858 3462 quam
871 3401 979 3448 tenerae
992 3399 1091 3446 amoris
1103 3411 1174 3461 que-

92 3475 217 3526 exsnlibus
246 3475 411 3538 Mytilenaeis
440 3477 555 3539 praefuit
583 3479 609 3526 et
644 3474 773 3523 rimoniae
800 3487 832 3522 ac
858 3475 953 3522 tenues
972 3470 1030 3522 illae
1049 3473 1171 3536 Sapphus

93 3548 123 3594 ita
146 3550 214 3601 cives
241 3551 361 3612 vexavit,
388 3553 418 3600 ut
433 3551 461 3599 hi
478 3552 608 3602 Pittacum
644 3546 760 3618 χάριτες
780 3544 854 3612 μετὰ
876 3543 1081 3618 σωφροσύνης.
1117 3547 1171 3596 De·

10 3661 11 3684 ,
92 3621 180 3675 ducem
205 3629 297 3676 contra
324 3624 380 3676 illes
404 3629 535 3675 crearent.
571 3627 609 3675 ita
645 3625 723 3673 metr.
751 3620 821 3672 Phal.
850 3622 884 3672 de
909 3623 981 3673 Elec.
1009 3622 1033 3686 g.
1054 3623 1118 3673 ⁴67:
1139 3613 1177 3670 Ἡ

10 3757 11 3770 ¹
92 3697 211 3749 Pittacum
229 3713 337 3763 quoque
356 3703 383 3749 et
400 3701 481 3750 armis
500 3701 527 3749 et
544 3713 609 3750 con·
645 3692 757 3758 Σαπφώ
775 3698 838 3767 περὶ
854 3697 908 3762 μὲν
933 3695 1059 3762 κάλλους
1083 3691 1174 3765 ᾄδον-

10 3775 11 3788 ’
92 3771 158 3822 viciis
181 3787 323 3838 aggressus
349 3777 407 3832 est;
437 3787 529 3838 aquo
547 3788 609 3825 eum
645 3788 685 3822 σα
695 3769 850 3837 καλλιεπὴς
861 3773 923 3823 ἐστι
940 3775 990 3824 καὶ
1005 3768 1104 3839 ἡδεῖα·
1122 3771 1175 3821 καὶ

91 3843 224 3909 aliquando
242 3852 367 3912 captum,
392 3849 440 3900 sed
458 3847 608 3900 incolumen
646 3847 709 3917 περὶ
721 3843 835 3916 ἐρώτων
844 3845 876 3897 dt
890 3848 941 3898 καὶ
951 3843 1039 3918 ἔαρος
1050 3847 1099 3896 καὶ
1110 3845 1175 3914 περὶ

91 3919 238 3984 dimissum,
266 3926 422 3974 narraverat
451 3923 607 3975 Heraclitus.
645 3917 803 3983 ἁλκυόνος·
820 3923 870 3972 καὶ
885 3915 963 3971 ἅπαν
976 3917 1067 3972 καλὸν
1078 3912 1174 3982 ὄνομα

10 4019 11 4030 ¹
91 3995 139 4044 Cir.
156 3999 201 4048 0d.
221 4000 250 4060 t,
270 3999 316 4060 λλ,
335 4001 376 4049 tt.v
646 3993 805 4058 ἐνύφανται
822 3990 914 4062 αὐτῆς
930 3993 966 4066 τῇ
985 3991 1116 4058 ποιήσει·
1137 3988 1174 4042 τὰ

10 4131 11 4138 ἵ
136 4072 173 4121 aa.
210 4074 360 4138 Utramque]
386 4075 496 4124 Exstant
512 4074 608 4124 etiam·
646 4070 676 4122 aa
699 4073 750 4121 καὶ
766 4065 841 4136 αὐτὴ
859 4067 1022 4140 εἰργάσατο.
1053 4066 1128 4117 0vid.
1147 4068 1174 4118 iu

90 4157 156 4194 nuuc
165 4150 312 4198 carminum
324 4149 461 4213 reliquiae,
475 4150 500 4199 in
510 4147 608 4212 quibus
647 4148 769 4212 Sapphus
786 4147 867 4211 Epist.
887 4147 949 4195 ller.
963 4144 1008 4205 ta,
1027 4144 1074 4193 27:
1097 4143 1175 4207 Pega-

91 4217 195 4270 alcaeus
220 4223 408 4286 Sapphonem,
439 4223 507 4274 haec
535 4221 608 4272 ilium
647 4224 709 4271 sides
723 4219 1012 4271 blandissimacanaiaa
1022 4219 1175 4280 dictam--
