2934 4884
275 346 337 412 5¹l8
530 349 658 398 llOliATll
676 347 846 400 conmitti!
873 348 922 398 tin
940 349 982 398 lll.
1002 349 1031 398 C.
1049 349 1125 398 XXX.

358 503 540 570 Deduxisse
563 501 687 568 modos.
732 503 831 568 Sume
852 501 1041 589 superbiam

359 623 546 704 Quaesitum
569 621 692 688 meritis
714 632 748 688 et
768 620 845 688 milri
868 619 1025 708 Delphica
1325 626 1361 690 45

358 746 463 811 Lauro
486 743 580 828 cinge
602 741 731 820 voleus,
755 741 977 829 Melpomene,
1000 763 1137 812 comam.

338 944 378 992 444.
397 941 504 1003 Deiplrte
521 938 537 988 δ
555 953 597 1003 ap.
616 939 721 990 Kirohn.
742 939 817 999 RQ.
832 939 990 1004 liutpert.

273 1120 313 1169 est
324 1119 487 1169 constructio
507 1131 594 1182 nuper
610 1129 625 1167 a
640 1117 732 1167 neseio
744 1129 798 1178 quo
839 1115 982 1179 Horatius.)
1010 1143 1038 1153 -
1065 1117 1154 1181 Serre]
1180 1121 1362 1178 «assumes

275 1192 460 1244 commendate
473 1208 479 1242 :
493 1206 545 1254 qrto
555 1193 800 1256 roystonensem,
838 1190 913 1240 Musa
928 1201 1003 1250 mea,
1029 1189 1205 1254 (tiemone,
1224 1195 1256 1242 ut
1271 1193 1320 1242 0d.
1337 1193 1361 1246 4,

275 1281 308 1318 ev
324 1268 411 1317 tremiti
424 1271 514 1330 potera
526 1267 688 1330 populor-unt.
838 1263 867 1324 3,
882 1263 915 1325 4.)
933 1263 1042 1326 spiritus
1054 1265 1153 1325 iustos,
1173 1266 1275 1330 quippe
1292 1267 1363 1329 iuge·

309 1339 348 1390 tl.
367 1339 516 1404 numme]
537 1337 729 1401 atranetutiase,
748 1339 802 1403 pri·
837 1337 881 1387 nio
898 1349 961 1387 meo
977 1339 1182 1398 eonvenientee‚
1202 1343 1227 1388 et
1243 1341 1362 1402 Delphico

275 1427 350 1464 mum
368 1427 465 1465 nusum
483 1427 544 1464 esse
567 1415 593 1464 in
614 1415 690 1478 poesi
710 1414 801 1464 Latina
838 1412 924 1472 eet»,
951 1410 978 1460 id
1004 1413 1060 1473 est,
1094 1411 1203 1476 dempta
1230 1414 1361 1477 imagine:

275 1488 311 1538 uti
323 1485 413 1550 lyricis
422 1491 586 1538 Graecorum
598 1487 716 1538 metris.»
736 1490 803 1537 Pau·
839 1484 917 1546 «fac,
943 1486 974 1534 ut
989 1497 1087 1535 omnes
1107 1485 1262 1537 facultatem
1279 1491 1364 1552 poeti-

274 1561 389 1612 ciseimis
407 1563 478 1612 enim
496 1563 520 1612 ei
537 1560 618 1610 veluti
634 1559 803 1624 praeluserat
838 1571 913 1618 enm,
932 1558 1008 1608 cinus
1020 1559 1085 1609 mihi
1096 1561 1221 1610 conscius
1232 1575 1310 1623 sum,
1327 1561 1363 1611 ul

274 1634 402 1686 Catullus.
433 1634 499 1698 (Noli
522 1637 613 1685 autem
636 1635 799 1698 nescioquo
838 1633 879 1683 tro
896 1635 1068 1696 agnoscent.»

274 1721 402 1772 perversa
420 1709 571 1759 inversione
585 1707 731 1772 explicare,
748 1707 800 1770 vel,
872 1707 912 1757 444.
931 1707 971 1756 te.
992 1706 1114 1769 Delpltteo
1126 1707 1221 1773 Lauro]
1234 1707 1364 1770 Apotttno-

276 1781 348 1845 quod
371 1781 451 1832 etiam
473 1782 551 1846 peius
569 1784 625 1843 est,
653 1783 803 1846 transposi-
837 1795 892 1831 rem
908 1781 973 1830 dicit
983 1781 1031 1831 Od.
1054 1781 1083 1842 4,
1104 1783 1135 1842 t,
1156 1783 1181 1830 e.
1210 1809 1238 1819 -
1267 1783 1363 1848 votens]

276 1856 376 1905 tionem
401 1868 553 1920 proponere
586 1857 802 1918 (Zimmermanni
837 1855 958 1905 Verbum
972 1853 1284 1920 sollemneinprecibus.
1302 1858 1364 1906 Ser·

274 1929 389 1980 lemur.
419 1929 492 1980 4840.
519 1943 546 1994 p.
573 1931 674 1994 tottii:
706 1931 803 1981 Aeolios
838 1929 1020 1980 viusadlten.
1042 1931 1073 1990 i,
1094 1929 1160 1980 73⁴:
1181 1931 1362 1980 Staminarii-

274 2003 479 2054 moderamen
496 2005 530 2053 oct
545 2003 645 2054 Italum.
681 2005 734 2054 Sed
750 2007 801 2065 eat,
838 2009 912 2054 eunt:
950 2002 1062 2054 «volens
1087 2005 1273 2068 propitiusque
1299 2006 1361 2055 sis.-

274 2077 374 2128 Latinie
398 2076 488 2128 verbis
522 2077 557 2127 itu
586 2079 683 2130 imitari
716 2081 802 2128 metra
840 2077 906 2128 Cato
931 2079 960 2128 li.
980 2079 1013 2128 u.
1041 2077 1103 2128 tlt:
1128 2079 1201 2128 Mara
1222 2083 1317 2141 poter,
1341 2085 1364 2128 te

275 2153 439 2202 Graecorum
476 2149 573 2214 lyrico,
611 2155 641 2202 ui
668 2165 802 2216 nusquam
835 2165 928 2214 precor
955 2163 1110 2214 quaeroque,
1143 2153 1182 2201 uti
1209 2153 1258 2202 sier
1281 2153 1363 2202 velers

274 2223 401 2286 violetur,
421 2225 469 2276 sed
486 2228 619 2290 perpetuo
637 2227 727 2278 Latine
746 2225 802 2289 syl·
836 2226 962 2290 propitius
972 2226 1047 2286 miri,
1071 2227 1156 2287 donno,
1177 2227 1294 2289 semime
1310 2229 1359 2276 oet.

274 2298 398 2350 labarum
415 2301 548 2364 quantitas
574 2313 690 2362 vocum,
721 2303 802 2364 atque
838 2301 893 2350 Liv.
916 2301 945 2358 7,
965 2300 1012 2348 26:
1030 2299 1150 2349 Precatio
1165 2301 1267 2358 Made.
1286 2302 1308 2350 si
1324 2302 1362 2350 ot·

276 2373 302 2422 in
319 2374 444 2425 omnibus
461 2375 565 2427 elucere
583 2377 690 2426 Latinae
712 2375 802 2439 poesis
837 2389 897 2434 urta,
923 2375 945 2422 si
961 2374 1020 2423 diuo
1036 2379 1110 2435 erret,
1133 2375 1177 2435 qut
1193 2375 1240 2424 stet
1253 2389 1360 2438 praepe-

276 2451 399 2498 servetur
421 2448 540 2511 indoles,
569 2449 595 2498 id
614 2449 687 2511 quod
714 2449 803 2499 effecit
839 2453 888 2499 tem
897 2447 1015 2508 minuet,
1032 2448 1117 2498 volens
1125 2450 1251 2511 propritim
1261 2451 1359 2499 edeam.
