2934 4884
514 355 572 404 Llll.
594 355 634 402 lV.
655 355 683 404 (ἒ.
704 353 722 404 l.

234 508 350 585 Paulli,
376 508 549 596 purpureis
572 507 639 574 alcs
662 506 822 582 oloribus,

195 628 418 696 comissabere
441 629 581 704 Maximi,

234 751 267 816 Si
290 761 416 816 torrere
439 751 530 817 iecur
552 743 683 836 curreris
705 749 873 816 idoneum:

190 909 335 994 Namque
358 917 391 974 el
413 905 530 974 nobilis
554 915 586 971 et
608 905 729 972 decens

234 1028 272 1092 El
294 1047 354 1114 pro
376 1024 521 1092 sollicitis
544 1047 608 1092 non
631 1027 747 1094 tacitus
768 1027 834 1092 reis

192 1149 230 1214 lll
251 1157 381 1214 centum
404 1167 488 1234 puer
510 1147 626 1212 artium

233 1269 310 1335 Late
332 1261 433 1356 signe
446 1267 526 1334 leret
548 1267 679 1336 militiae
701 1279 791 1346 tuae,

171 1487 211 1535 40.
228 1485 378 1547 perpluere
393 1483 536 1546 Cruqulns.

107 1679 182 1730 vnlde
209 1679 342 1742 gratiosus
368 1679 478 1740 (Seneca
504 1677 629 1727 controv.
669 1677 756 1728 uione.
775 1677 829 1728 Cir.
842 1678 890 1728 Od.
905 1679 928 1739 4,
943 1679 987 1741 43,
1001 1678 1033 1731 l:
1049 1681 1198 1731 Forum--

106 1755 137 1813 2,
155 1753 206 1814 42.)
243 1753 271 1801 el
295 1749 389 1801 consul
415 1763 439 1800 e.
458 1763 485 1800 u.
505 1765 529 1801 c.
553 1749 628 1810 243,
668 1751 745 1802 lectur.
761 1752 894 1815 (Aeschyl.
909 1753 1103 1817 (1404444272
1117 1746 1198 1827 ἧπαρ

96 1829 229 1891 ,tempore
255 1825 347 1888 igilur,
374 1837 428 1888 quo
452 1825 504 1874 hcc
521 1837 631 1876 carmen
668 1822 800 1895 θερμόν.)
817 1826 1013 1887 onerum.
1031 1829 1193 1893 Epp.l,lll,

107 1901 287 1965 compositum
310 1901 365 1958 est,
392 1899 499 1948 circiter
514 1899 632 1962 quodra-
669 1900 709 1950 72.
741 1925 771 1937 -
808 1903 1055 1964 merere-quaene]
1081 1904 1139 1953 vid.
1161 1904 1197 1956 ed

24 2019 27 2026 .
107 1976 239 2038 generice.
259 1973 389 2036 Equidem
407 1986 470 2023 reor
490 1973 631 2036 significari
669 1972 716 2021 Od.
737 1973 766 2034 3,
786 1973 831 2033 24,
853 1974 893 2023 27.
922 1975 968 2022 «Sl
991 1974 1039 2025 libi
1054 1975 1120 2026 llhet
1136 1980 1196 2028 enl-

109 2051 165 2099 eius
187 2046 285 2106 fillum,
304 2059 385 2109 quem
403 2050 432 2097 ul
448 2045 632 2098 fidelissimum
669 2059 745 2096 mum
769 2044 949 2097 adolescentis
981 2046 1111 2109 alicuius,
1151 2053 1197 2114 qui

110 2123 160 2172 sibl
172 2123 254 2172 eliam
267 2121 293 2170 ln
305 2119 395 2172 exsilio
406 2121 523 2171 amicum
536 2121 632 2171 crebro
669 2121 754 2170 emori
777 2121 856 2182 aptus
877 2122 913 2170 sil
932 2133 965 2169 ec
985 2121 1062 2171 lecile
1080 2121 1128 2172 uhi
1146 2123 1197 2174 ob·

108 2194 199 2246 laudat
224 2195 340 2245 ovidius.
360 2195 413 2246 Cir.
432 2195 557 2244 Bienconl
574 2197 632 2246 Let-
669 2194 814 2255 sequetur,
833 2205 925 2242 umore
938 2194 1114 2245 accendere.»
1140 2196 1197 2247 unu

107 2276 158 2320 lere
181 2283 261 2331 sopra
286 2269 354 2319 Celso
379 2281 406 2332 p.
426 2269 482 2318 423,
512 2293 539 2304 -
566 2281 632 2331 pur-
670 2266 983 2318 construerecumeliie:
1001 2269 1198 2328 eiqucerirldc-

103 2344 199 2408 percle]
214 2355 373 2406 mci-m
384 2355 576 2406 nonnunquam
588 2357 634 2408 ep-
668 2353 743 2390 mum
753 2345 850 2390 torrere
867 2341 948 2403 (quod
966 2343 1077 2405 torreas)
1094 2345 1174 2394 iecur.

107 2419 222 2482 pellatur
248 2417 322 2482 quod
347 2417 444 2467 candel
472 2416 631 2481 splendore,
703 2415 744 2464 43.
771 2413 812 2464 44.
838 2414 937 2478 millis]
958 2416 999 2466 Ad
1016 2416 1087 2466 hunc
1104 2420 1195 2481 ipsum

106 2497 134 2544 ul
160 2505 225 2543 cum
250 2491 322 2542 Pedo
345 2490 526 2542 Albinovanus
542 2492 571 2551 2,
590 2493 631 2542 62.
671 2487 796 2549 Fabium,
823 2490 853 2538 ut
876 2489 999 2548 videtur,
1029 2490 1138 2541 Ovidius
1164 2506 1197 2542 ex

106 2569 188 2618 nm
196 2577 366 2628 meream,
379 2565 635 2615 anlenl.dePhoe-
671 2563 755 2612 Ponto
773 2563 801 2624 4,
818 2564 848 2624 2,
868 2563 879 2612 4
894 2577 901 2612 :
924 2563 1054 2625 ummo,
1073 2565 1116 2626 cui
1133 2567 1198 2616 mnu

106 2643 166 2692 nice
185 2639 226 2691 74.
252 2642 328 2704 poree
343 2644 445 2688 commo
461 2640 527 2688 ocris
542 2640 635 2689 loom
670 2649 816 2686 mensuram
837 2638 946 2687 amnicis
961 2639 1049 2700 inspice
1070 2640 1104 2688 144
1122 2641 1199 2702 penei·

108 2717 224 2766 mosmos
240 2715 354 2770 vocenl;
381 2714 409 2763 el
433 2713 544 2777 figurale
562 2714 632 2776 Virg.
670 2725 718 2760 nce
740 2712 826 2768 ,minei
858 2712 987 2762 mbililale
1020 2726 1113 2777 penum·
1150 2715 1199 2775 (lul

107 2791 175 2840 Aen.
205 2789 235 2847 4,
259 2788 325 2837 590:
363 2787 494 2848 lunrcnquo
520 2787 635 2836 luriculae
671 2786 741 2834 nasci
765 2791 794 2835 ul
815 2799 916 2848 posses,
951 2788 1067 2847 cucumis
1090 2789 1200 2838 cecidere

106 2866 275 2926 Purpureum.
309 2863 351 2912 Sic
377 2862 458 2912 eliam
483 2862 576 2911 Graeci
600 2861 634 2910 de
672 2860 792 2921 tremi,
820 2862 878 2910 Non
894 2875 978 2911 omnes
993 2862 1084 2912 Fabios
1099 2861 1200 2913 4444444444

108 2939 205 3002 quovis
217 2937 303 2986 nitore
315 2937 453 2998 usurpent.
472 2935 633 2986 Pinchm.
671 2947 725 2984 unc
743 2935 803 2984 dics.
824 2963 851 2970 -
871 2935 965 2999 dem]
986 2935 1197 2987 «formosus»-

108 3015 151 3071 44,
180 3011 230 3061 28ε
264 3007 296 3060 ἐν
322 3009 497 3080 πορφυρέοις
524 3003 635 3080 ἔρνεσιν
671 3022 723 3058 non
748 3007 853 3070 meu]
880 3007 1026 3071 «eloquens
1056 3023 1198 3061 caumrum

108 3083 238 3149 (ἐλαίας).
274 3083 386 3134 Condere
410 3085 475 3133 ilem
501 3083 534 3134 de
553 3097 635 3135 cocco
671 3084 831 3146 petronus»,
849 3083 880 3130 ul
896 3081 978 3132 Pollio
995 3082 1043 3133 0d.
1062 3084 1092 3145 2,
1107 3084 1197 3144 4,43;

107 3162 159 3210 Set.
188 3161 218 3219 2,
247 3159 277 3216 6,
304 3159 370 3207 4021
399 3157 477 3206 nubre
497 3158 541 3208 ool
561 3171 635 3209 cocco
672 3157 771 3218 lusique
786 3155 888 3204 maceda
900 3156 1059 3216 praesidium
1074 3157 1132 3206 reis.

109 3233 196 3284 Tincta
221 3247 297 3295 super
321 3232 394 3282 lectos
424 3233 541 3282 canderet
563 3235 637 3283 vestis
706 3229 747 3278 43.
773 3232 872 3278 centum
885 3242 952 3289 puer
967 3230 1076 3293 crtum]
1101 3243 1198 3292 «quam

107 3309 222 3358 mmor.
243 3306 290 3368 (Cl.
308 3307 393 3356 Lucas
409 3308 518 3368 0434444.
537 3308 587 3357 lec.
606 3321 633 3371 p.
672 3301 794 3367 plurimis
819 3301 898 3351 bonis
923 3301 1025 3352 ortibus
1053 3304 1199 3353 instructus

107 3383 176 3444 203.)
188 3408 217 3418 -
236 3380 296 3444 cler]
313 3379 376 3430 Alae
393 3393 446 3430 non
464 3381 515 3444 ipsi
525 3382 636 3445 quidem
673 3377 786 3434 iuvenis.
800 3372 985 3438 πάντεκνος.»
998 3376 1053 3426 Cic.
1062 3390 1112 3441 pro
1120 3378 1197 3427 llosc.

108 3457 206 3507 Veneri
231 3455 400 3516 tribuuntur,
433 3455 481 3505 sed
508 3457 636 3520 quadriga
673 3453 731 3502 dm.
749 3451 791 3502 44.
809 3450 871 3501 κατ’
884 3451 1048 3520 εἰρωνείαν
1067 3452 1201 3501 interm

107 3529 201 3580 ellium
221 3528 342 3592 (olorum)
361 3543 411 3592 per
422 3535 514 3580 aerem
526 3530 576 3580 dee
588 3543 637 3580 ve·
674 3529 786 3578 munium
809 3527 957 3577 wicrammi
984 3532 1058 3589 morte
1086 3529 1201 3577 munium

108 3605 189 3655 luitur.
213 3605 252 3654 Cf.
267 3603 415 3665 0d.³‚2o‚
429 3607 470 3654 45.
675 3603 771 3653 artium
783 3603 912 3664 poenam.
943 3601 1036 3653 Celull.
1056 3603 1146 3661 42,8;
1165 3602 1199 3652 de

140 3677 183 3728 ll.
203 3679 243 3727 42.
271 3678 451 3741 Cmnlssoberc]
476 3691 537 3728 cum
555 3679 637 3742 Cupi·
674 3676 791 3728 Pollione
828 3675 1044 3727 adolescentulo:
1088 3677 1202 3738 leporum

108 3754 203 3803 diuum
221 3754 358 3802 comitatu.
385 3753 462 3812 Quod
479 3753 579 3803 faciunt
597 3755 638 3804 iu·
674 3752 789 3801 Diserlus
801 3765 867 3814 perer
882 3757 906 3802 el
921 3752 1081 3814 [medanum
1105 3751 1201 3813 Viginti

107 3839 193 3877 venes
210 3839 304 3877 amore
321 3827 434 3887 lnollell,
454 3827 498 3876 hic
510 3826 577 3877 dene
591 3829 638 3877 tri-
675 3826 782 3875 circiter
813 3838 945 3875 annorum
970 3822 1200 3876 adolescentulum

107 3901 210 3951 buitur.
247 3901 384 3960 (Ceterum
401 3893 531 3950 corusci-i
547 3902 574 3950 in
592 3903 637 3950 do-
675 3903 738 3950 tunc
762 3900 842 3950 luisse
864 3899 1009 3949 arbitratur
1025 3897 1202 3948 Wel‘clreneer

107 3989 177 4026 mm
203 3975 231 4024 in
248 3987 329 4038 prosa
347 3986 386 4022 or,
405 3975 565 4024 cornusclum
588 3977 636 4024 irc.
675 3975 705 4023 ll.
726 3987 788 4038 pag.
802 3974 859 4025 334.
886 3973 927 4022 Ad
945 3971 1086 4024 lormulem
1103 3978 1202 4022 ceolum

109 4050 163 4098 Liv.
177 4048 225 4108 444,
239 4049 268 4096 7:
288 4048 525 4109 Omncmrussclum
537 4049 560 4110 le
573 4061 639 4098 con·
676 4048 723 4098 clr.
748 4047 830 4097 Pleul.
850 4046 947 4097 Pseud.
966 4048 995 4106 2,
1017 4047 1046 4107 3,
1068 4047 1116 4096 42;
1142 4061 1201 4096 ceie-

108 4124 189 4185 vluio)
209 4125 244 4173 ad
259 4124 367 4186 fratrom
383 4121 479 4186 44144444)
506 4149 532 4158 -
559 4122 637 4185 iecur]
676 4128 728 4172 lum
745 4123 848 4171 doctum
869 4121 997 4170 loomim
1016 4121 1128 4170 consilia.

109 4198 192 4248 sedes
211 4199 311 4248 umoris
330 4209 362 4247 ex
384 4199 555 4261 antiquorum
580 4199 638 4260 cpi·
710 4196 750 4245 46,
769 4197 831 4246 Loto
846 4193 928 4259 deno]
956 4193 1025 4245 «suh
1043 4197 1069 4244 lc
1087 4193 1201 4246 milliens
