2934 4884
687 365 815 416 tronelli
834 363 962 416 Eronos

593 520 960 580 EXCURSUS
1002 523 1026 576 Ι.

759 635 870 684 novi.

342 757 473 819 perquam
492 754 666 805 memorabile
692 756 735 804 est
756 754 782 804 in
803 754 879 818 po'esi
897 753 1129 806 Gallo-Brittaniea
1148 755 1252 804 mediae
1270 757 1368 805 aetatis

275 837 416 888 ,lbaelardi
442 836 576 888 lleloisam
602 838 816 888 transformatam
843 851 904 888 esse
930 837 1043 889 alteram
1074 840 1099 888 in
1125 839 1272 889 Canidiam.
1311 840 1366 889 Cir.

275 921 525 982 Horror-lireio,
547 932 601 982 par
626 921 661 970 nl.
683 921 723 969 Tlr.
743 921 847 970 Horsurt
864 923 894 970 de
910 923 936 970 to
956 923 1137 984 Villernnrpue,
1161 921 1209 972 Ed.
1227 923 1272 972 111.
1293 924 1368 972 Paris

275 1003 348 1056 lato.
369 1005 394 1054 ln
410 1005 517 1052 loumol
536 1005 578 1053 des
599 1005 709 1054 Senarus
726 1002 798 1054 tull.
818 1017 844 1067 p.
863 1005 928 1054 268:
955 1007 983 1055 ‚le
999 1007 1051 1056 mir
1066 1019 1116 1056 une
1131 1007 1241 1056 rhamon
1257 1007 1369 1069 pulsati

273 1088 360 1150 fradra
383 1088 417 1136 ter
441 1088 530 1147 emur,
558 1087 690 1137 treuoillir
710 1087 738 1136 lo
760 1089 856 1151 prande
872 1101 927 1137 mer
943 1093 966 1138 rt
983 1091 1100 1140 tremblei-
1115 1091 1143 1139 lu
1159 1095 1233 1140 terre.
1269 1091 1299 1138 Je
1315 1093 1369 1138 sais

274 1175 328 1219 tout
350 1183 378 1218 re
402 1170 478 1230 qu'oo
499 1175 560 1232 peut
584 1171 668 1219 sorroir
693 1183 723 1219 en
739 1183 767 1220 ce
782 1171 884 1230 mondo,
912 1177 965 1222 tout
981 1187 1009 1223 oe
1025 1175 1067 1234 qui
1085 1187 1149 1223 sero.
1186 1175 1225 1223 ta
1238 1175 1368 1235 premiere

274 1256 370 1317 dropue
391 1267 439 1315 pare
457 1255 486 1315 je
508 1255 540 1318 fir
563 1267 624 1302 ovea
645 1267 704 1303 mon
725 1253 790 1302 clerc
808 1253 948 1318 (Aboilerd)
970 1257 1010 1320 sut
1025 1258 1089 1319 [aila
1105 1271 1165 1308 uvae
1182 1257 1250 1308 l'oeil
1266 1259 1368 1322 purete

274 1339 335 1386 d'un
350 1337 459 1386 corbeon
474 1341 499 1386 et
514 1339 537 1388 lo
552 1351 628 1388 roem
643 1339 704 1388 d'uo
718 1341 834 1398 crupuud
850 1346 901 1392 etc.

744 1479 886 1488 -----ι.

592 1585 956 1646 EXGURSUS
995 1585 1038 1640 ΙΙ.

743 1698 883 1748 ΔΝΜ.

340 1820 430 1870 «llaec
445 1831 509 1869 vara
528 1831 589 1870 esse
606 1818 713 1868 videtur
728 1817 880 1882 explicatio,
907 1820 936 1868 ut
957 1819 1104 1867 statuamus
1122 1817 1208 1879 ipsam
1227 1816 1367 1866 Canidiam

274 1903 300 1952 ln
317 1905 376 1954 vico
398 1902 502 1952 Subura
519 1901 639 1952 habitare
657 1915 772 1965 eamque
789 1901 893 1966 precari
911 1914 926 1949 a
944 1900 1011 1962 diis,
1042 1901 1072 1949 ut
1089 1912 1172 1949 senex
1200 1899 1281 1962 (quod
1299 1899 1367 1948 ridi-

274 1985 364 2036 culum
383 1985 508 2036 omnibus
520 1986 658 2047 rideatur,
677 1986 726 2036 sed
745 1987 826 2050 ipsius
845 1987 933 2035 tamen
945 1983 1070 2034 ellectum
1088 1985 1130 2034 est
1141 1981 1253 2044 artibus)
1271 1995 1365 2032 amore

275 2071 391 2134 flagrans
417 2071 452 2119 od
475 2084 501 2119 se
518 2070 605 2121 media
624 2073 702 2120 nocte
719 2071 746 2119 r'n
763 2069 890 2119 Suburam
906 2069 1007 2128 ueniat,
1036 2068 1147 2129 eiusque
1166 2067 1300 2117 adrentus
1316 2079 1367 2130 per

273 2151 407 2205 silentium
433 2156 517 2206 noctis
535 2168 632 2205 canum
649 2153 745 2203 latratu
771 2151 943 2215 significetur.
974 2151 1034 2214 (Clr.
1063 2150 1133 2212 Virg.
1160 2149 1215 2200 Eel.
1243 2150 1274 2209 8,
1298 2151 1363 2199 lot:

272 2237 360 2297 leup
384 2239 412 2287 tn
436 2238 520 2288 limine
545 2238 643 2302 lotrot.)
678 2239 772 2301 Sperat
793 2238 902 2296 autem,
930 2249 992 2285 oum
1014 2235 1047 2284 ad
1072 2247 1101 2284 se
1124 2233 1271 2284 adductum
1289 2235 1319 2282 iri
1339 2235 1365 2281 ri

273 2323 484 2382 venenatarum,
503 2334 571 2384 quas
588 2333 694 2372 summa
711 2323 768 2370 arte
786 2320 811 2369 ei
828 2321 979 2382 paraverit,
998 2318 1158 2378 herbarum,
1169 2328 1266 2384 'eoque
1283 2330 1364 2368 sensu

273 2403 348 2453 addit
372 2404 456 2453 verba
481 2405 728 2454 Nurdo--rnonur¹
764 2402 889 2452 Similiter
913 2403 980 2452 inlra
1005 2415 1030 2452 v.
1058 2401 1098 2450 69.
1126 2407 1205 2450 renuo
1221 2401 1286 2450 dicit
1304 2402 1363 2450 Vari

272 2487 367 2536 rubida
382 2488 502 2537 oblivione
518 2488 629 2537 omnium
644 2487 785 2548 pellicum.»
804 2487 898 2536 Brenn.
913 2511 940 2521 -
955 2486 1056 2534 Verum
1070 2486 1131 2534 huic
1152 2485 1363 2548 interpretationi

273 2583 306 2619 ox
331 2584 394 2621 meo
420 2571 530 2634 quidem
555 2584 636 2621 sensu
662 2583 714 2621 non
740 2571 803 2621 satis
822 2571 982 2619 conveniunt
998 2583 1040 2618 vv.
1060 2569 1126 2630 pund
1143 2581 1227 2617 omnes
1244 2569 1362 2628 mont,

273 2655 400 2718 quoniam
426 2655 461 2704 ita
487 2667 539 2704 non
564 2656 649 2717 magis
667 2654 771 2704 derisus
789 2655 862 2704 esset
879 2653 964 2702 Varus
982 2665 1064 2716 quarn
1082 2664 1145 2714 saga
1170 2652 1247 2714 ipsa,
1274 2665 1362 2716 neque

273 2737 300 2786 in
317 2739 399 2787 nardo
416 2752 441 2786 v.
460 2737 501 2786 58.
528 2738 566 2787 sic
592 2735 747 2801 simpliciter
772 2737 858 2802 posito
884 2736 1033 2800 quidquam
1049 2734 1174 2784 venenati
1192 2735 1249 2784 sire
1267 2736 1363 2798 magici

274 2821 364 2870 inesse
381 2821 478 2884 potest.

744 2963 888 2972 -——-·.--...-

575 3069 944 3128 EXGURSUS
983 3071 1045 3126 ΙΙΙ.

737 3183 877 3232 nortl.

337 3303 471 3366 Quotquot
495 3303 548 3352 vidi
573 3303 734 3365 lnterpretes
761 3304 872 3368 excepto
898 3303 1034 3354 Visconllo
1060 3305 1087 3354 et
1112 3306 1176 3362 l'ea,
1204 3305 1251 3368 qui
1268 3318 1364 3355 ameno

272 3389 365 3451 putant
381 3399 441 3436 esse
467 3387 618 3436 vocativum
645 3386 679 3448 (id
702 3387 775 3450 quod
799 3387 862 3437 mihi
888 3398 967 3438 secus
984 3388 1107 3448 ridetur,
1134 3389 1184 3438 etsi
1210 3389 1362 3454 comparari

271 3471 385 3534 possunt
400 3468 510 3530 similia,
529 3471 621 3531 ecelin,
636 3472 807 3532 propudium,
823 3470 974 3537 probrum),
994 3475 1021 3521 et
1038 3469 1171 3535 Gargallo,
1193 3472 1360 3536 quiquidem

269 3553 310 3616 fus
325 3553 445 3616 notaeque
462 3553 639 3604 nominativos
657 3567 717 3604 esse
735 3556 808 3605 ratus
826 3556 881 3614 est,
907 3555 955 3604 sed
974 3554 1067 3606 lolsam
1085 3557 1247 3606 sententiam
1265 3559 1360 3622 poetae

270 3637 401 3688 obstruit:
426 3637 465 3686 Ne
481 3638 637 3697 innocema,
663 3635 694 3686 ne*
710 3638 797 3700 culpo,
826 3652 840 3686 ο
861 3639 999 3702 Veneficio,
1026 3640 1079 3688 Pud
1095 3640 1125 3690 de
1141 3640 1234 3688 l’uomo
1252 3640 1281 3689 io
1296 3645 1362 3690 sorio

270 3720 396 3782 propior:
425 3733 449 3767 v.
468 3732 565 3768 oemio
580 3719 684 3770 habent
699 3734 749 3783 pro
766 3720 902 3781 subiecto,
931 3734 980 3785 pro
998 3722 1103 3773 obiecto
1120 3737 1244 3787 mopnurn
1259 3725 1301 3786 fus
1316 3737 1361 3774 ne·

268 3805 372 3864 susque,
392 3801 466 3866 quod
483 3805 576 3852 contra
588 3804 638 3852 eat.
673 3804 739 3852 ilinc
756 3805 829 3853 ortae
846 3804 936 3853 variae
955 3803 1161 3868 explicationes:
1181 3807 1204 3868 t)
1224 3807 1278 3856 aEx
1290 3809 1359 3858 vitoe

270 3885 403 3936 humanae
421 3886 578 3936 condicione
595 3899 610 3934 a
627 3885 669 3937 dis
686 3885 770 3936 semel
788 3888 929 3937 constitute
948 3889 1076 3938 veneficia
1094 3902 1147 3938 non
1164 3889 1256 3940 valant
1281 3904 1360 3940 ever·

269 3969 326 4016 tere
351 3967 425 4032 leges
450 3971 588 4029 aeternas,
617 3969 714 4032 quihus
740 3968 779 4020 tes
807 3969 936 4034 nefasque
962 3971 1154 4034 distinguitur..
1199 3971 1359 4034 (aTalionem

270 4050 340 4098 vitea
366 4052 516 4113 humanae,
542 4051 667 4103 videlicet
683 4054 713 4102 ut
730 4051 769 4102 las
786 4055 953 4117 praemium,
981 4056 1056 4105 nelas
1073 4067 1189 4118 poenam
1207 4060 1357 4119 exspectet,

270 4144 373 4180 venena
399 4135 501 4196 magica
528 4139 631 4186 mutare
660 4149 712 4186 non
738 4136 827 4186 valent
852 4151 940 4201 ireque
958 4137 1081 4198 allicere,
1108 4141 1137 4187 ul
1154 4137 1228 4189 nolas
1246 4137 1358 4188 inultum

271 4217 404 4263 maneat.»
423 4219 539 4278 Manen.)
575 4219 598 4280 tl
618 4219 769 4270 «Veneficio
795 4233 847 4270 non
870 4220 957 4271 valent
983 4225 1137 4284 pervertere
1156 4221 1195 4270 las
1213 4222 1355 4285 nefasque.
