2934 4884
283 376 344 443 ipo
665 376 793 428 nomm
812 374 982 428 cirmuuu

492 535 601 620 Teque
622 532 749 620 piacula
770 529 856 598 nulla
879 528 1048 597 resolvent.

325 657 527 743 Quamquam
547 652 690 731 festinas,
713 674 778 719 non
800 663 849 720 est
871 672 961 719 mora
982 650 1093 739 longa;
1117 648 1225 717 licebit
1322 651 1367 714 35

493 774 612 841 iniecto
635 784 685 839 ter
705 772 840 860 pulvere
863 792 984 839 curras.

347 972 388 1021 36,
406 972 525 1021 tuocum
541 972 569 1020 T.

282 1150 383 1199 inultus.
407 1146 463 1198 Val.
478 1145 562 1197 Fiacc.
578 1146 610 1207 i,
629 1146 673 1197 ti:
691 1148 806 1196 nectes·
842 1148 918 1196 tuum
942 1147 1069 1212 prosequi
1096 1146 1221 1209 poteris.»
1257 1146 1366 1207 Quintil.

283 1228 323 1273 too
344 1225 450 1288 ponitus
467 1223 596 1284 potiano
611 1222 709 1271 induor.
729 1220 803 1271 Ouid.
842 1219 960 1271 Deolam.
984 1222 1017 1281 o,
1045 1220 1074 1270 6:
1101 1220 1165 1269 iiiuc
1189 1224 1212 1269 et
1236 1218 1277 1269 tto
1297 1222 1370 1269 uenit

283 1298 344 1348 biet.
364 1296 392 1358 i,
418 1296 482 1347 teo:
507 1295 550 1344 Ntt
568 1296 661 1357 poterit
679 1296 741 1345 Iuno
757 1295 806 1344 otri
844 1296 961 1357 affectis,
993 1294 1059 1356 qood
1086 1294 1176 1357 ipnotis
1201 1294 1371 1344 coduooibus

285 1374 376 1423 inuitos
391 1375 451 1438 piore
467 1373 589 1423 dotores.»
606 1372 697 1421 Basra.
843 1370 945 1419 imnum
972 1369 1141 1432 crepemus·
1169 1372 1192 1417 et
1216 1368 1371 1430 ineptum

319 1482 807 1553 si.a1uspuaoa,aeaoappoi‚see
843 1443 1371 1580 {fffflrffim‘fflffimffl

285 1556 350 1620 iere,
368 1572 422 1622 qno
438 1558 548 1608 coeca
565 1570 671 1616 somus,
689 1570 739 1609 nos
756 1556 806 1607 roi-
844 1593 965 1653 mque
986 1556 1120 1641 νηποινί
1139 1596 1250 1655 ΜΒΝ.
1272 1618 1298 1627 -
1318 1592 1369 1655 m]

285 1638 355 1683 m
845 1680 877 1717 er
895 1664 971 1717 solito
988 1679 1101 1717 numero
1115 1678 1200 1717 sacro.
1214 1666 1283 1727 Virg.
1296 1666 1368 1714 Aen.

318 1743 358 1793 35.
377 1744 418 1793 36.
443 1744 523 1793 licebit
539 1770 553 1779 -
569 1770 585 1780 -
601 1742 704 1807 corros]
727 1744 809 1793 «Post
845 1742 874 1803 6,
893 1739 1105 1791 taediosos:
1124 1754 1219 1805 mopso
1234 1740 1372 1790 Moneta

286 1817 397 1868 brevem
414 1817 560 1883 sepeliendi
578 1830 682 1868 moram
699 1830 808 1867 cursum
843 1828 903 1867 coeo
918 1817 1015 1866 oococi.

646 2291 1009 2350 BXGURSUS

720 2442 933 2493 documii.

353 2620 510 2669 criticorum
532 2620 669 2684 opiniones
691 2618 725 2669 de
748 2615 845 2669 diiiicili
868 2619 920 2669 boc
938 2620 1055 2669 carmine
1073 2620 1099 2668 in
1117 2618 1183 2669 duas
1199 2618 1372 2683 potissimum

287 2706 376 2769 partes
397 2716 506 2766 prorsus
527 2703 661 2767 oppositas
684 2700 793 2751 abeunt.
835 2704 900 2752 Sunt
923 2703 995 2753 enirn
1013 2704 1129 2766 primum
1146 2705 1242 2753 nostris
1259 2715 1372 2765 quoque

288 2786 465 2851 temporibus,
490 2782 537 2848 ‘qui
562 2786 678 2836 statuant
703 2798 764 2835 esse
790 2784 923 2848 dialogum
944 2786 1013 2835 inter
1034 2789 1143 2836 nautam
1164 2785 1224 2836 titus
1241 2786 1372 2837 Matinum

288 2870 427 2920 radentem
444 2870 472 2919 et
487 2868 618 2930 Archytae
636 2870 682 2918 aut
697 2870 771 2918 tenui
788 2868 889 2919 tumulo
908 2869 1006 2919 conditi
1022 2872 1068 2920 aut
1085 2872 1229 2921 etiamtunc
1246 2868 1373 2933 insepulti

288 2954 421 3005 umbram.
464 2954 563 3003 Verum
588 2964 680 3002 rursus
702 2953 729 3001 bi
751 2954 821 3002 inter
843 2966 872 3003 se
897 2952 1044 3017 delitigaut,
1072 2952 1206 3019 quomodo
1229 2954 1373 3015 utriusque

288 3040 377 3102 portes
395 3036 592 3088 distribuendae
609 3037 669 3087 siut.
704 3038 809 3087 Etenim
825 3036 945 3101 plerique
962 3036 1025 3087 oiim
1041 3050 1084 3087 vv.
1104 3037 1159 3086 t-o.
1173 3036 1288 3087 tribuere
1301 3035 1375 3087 sole-

289 3122 354 3171 bant
378 3124 487 3181 uautoc,
514 3120 614 3184 reliqua
641 3120 702 3171 inde
719 3134 736 3171 a
753 3134 779 3171 v.
799 3122 823 3171 7.
842 3121 988 3184 Archytae,
1016 3120 1243 3185 quemadmodum
1269 3119 1373 3171 iactum

289 3218 349 3257 esse
365 3204 445 3255 video
461 3206 515 3255 iam
532 3218 548 3254 a
564 3205 680 3255 Laudine
699 3204 790 3268 (tiss.)
809 3206 837 3254 et
853 3204 993 3255 Frederioo
1008 3205 1106 3257 Ceruto
1117 3205 1263 3255 Veronensi
1275 3204 1372 3269 (⁴585.)

289 3302 321 3339 ac
338 3289 434 3340 nostris
450 3287 615 3353 temporibus
627 3302 642 3337 a
654 3288 681 3337 F.
694 3288 724 3337 A.
738 3286 844 3338 Wottio.
880 3288 977 3337 Contra
990 3286 1174 3351 Diiienburger
1185 3290 1279 3338 nautae
1292 3286 1374 3338 sedo-

289 3374 341 3424 cim
357 3374 461 3437 priores
477 3384 585 3432 versus,
602 3372 736 3433 Archytae
753 3370 883 3434 reliquam
900 3374 1005 3436 partem
1022 3372 1083 3423 inde
1101 3386 1116 3422 a
1131 3386 1157 3423 v.
1172 3374 1211 3423 ⁴7.
1224 3371 1375 3423 attribuen-

288 3458 352 3509 dam
369 3470 430 3508 esse
447 3458 552 3515 censet,
571 3454 643 3518 quod
660 3468 708 3503 cur
718 3454 891 3506 reiiciendum
902 3454 1036 3516 videatur,
1055 3456 1091 3505 ibi
1103 3456 1256 3520 significavi.
1282 3456 1372 3506 Tertia

289 3543 355 3591 ratio
373 3543 414 3591 est
430 3539 594 3598 Buttmanni,
613 3538 658 3602 qui
674 3541 771 3588 nautae
789 3540 906 3601 assignat
921 3552 964 3589 vv.
983 3540 1024 3589 ao.
1043 3540 1162 3604 priores,
1186 3538 1302 3602 reliquos
1317 3541 1373 3588 tr-

290 3625 399 3687 chytoe;
419 3626 498 3675 etinm
516 3623 588 3673 buno
603 3620 694 3686 plures
711 3622 890 3672 recentiorum
907 3624 992 3673 secuti
1009 3625 1080 3673 sunt.

356 3707 482 3766 Quartam
503 3707 618 3769 donique
639 3718 746 3755 mecum
764 3707 968 3757 communicavit
984 3708 1135 3770 ingeniosus
1152 3720 1184 3756 ac
1201 3705 1374 3758 doctissimus

290 3790 405 3848 amicus,
430 3791 506 3841 cuius
522 3802 615 3841 carum
632 3801 731 3839 nomen
747 3788 808 3839 ideo
826 3790 916 3851 tacco,
942 3804 989 3851 ne,
1014 3793 1043 3841 ut
1059 3790 1123 3840 mihi
1141 3789 1236 3840 accidit
1251 3789 1374 3840 accidet-

291 3886 343 3936 que
360 3886 465 3934 rursus,
483 3876 595 3937 propter
610 3874 662 3923 boo
678 3886 788 3924 carmen
804 3875 909 3925 rusticis
928 3872 1067 3938 strdtisque
1086 3874 1210 3925 conviciis
1227 3873 1261 3924 ab
1273 3874 1374 3937 ineptis

290 3954 442 4007 bominibus
458 3955 603 4006 iaceretur:
1044 3944 1047 3951 '

356 4039 490 4090 «Horatius
505 4041 537 4089 ist
552 4041 598 4090 mit
613 4040 658 4090 der
673 4041 770 4091 ndbem
788 4040 929 4106 [impetrata
945 4042 1022 4092 seinos
1039 4042 1210 4093 Gebotsm
1224 4054 1308 4106 potas
1327 4040 1373 4091 be-

290 4124 368 4175 kannt
383 4125 436 4175 mid
451 4122 546 4185 erfredi
560 4138 609 4174 von
626 4124 673 4173 don
689 4123 814 4175 ltebticben
830 4126 882 4175 mod
899 4125 945 4174 den
955 4126 1046 4175 wttden
1057 4126 1158 4177 bitom
1169 4126 1249 4177 diem
1260 4128 1371 4190 Gepood.

295 4210 373 4273 Verpt.
393 4210 437 4259 Od.
456 4208 486 4269 3,
504 4206 533 4267 i,
552 4206 576 4255 9.
610 4207 640 4256 io
656 4208 721 4260 diosc
738 4208 848 4271 Gopend,
867 4210 915 4259 wic
930 4210 1004 4259 scion
1019 4225 1043 4259 o.
1063 4210 1103 4260 26.
1123 4210 1273 4261 Venusinae
1285 4207 1371 4261 siivae
