2934 4884
20 4281 22 4372 l

20 4375 22 4466 l

481 408 541 458 bis.
560 408 602 458 lll.
638 408 668 458 C.
687 409 728 486 ΙΙΙ..

262 564 365 628 Sucos
388 572 421 627 et
442 561 582 628 adscribi
606 561 725 649 quietis

306 681 484 749 Ordinibus
506 683 610 769 patiar
632 683 778 749 deorum.

220 842 305 906 Dum
327 839 442 927 longus
465 839 547 905 inter
569 840 692 906 saeviat
714 838 793 906 Ilion

219 965 419 1048 Romamque
441 971 576 1048 pontus,
601 959 747 1048 qualibet
767 961 898 1027 exsules

264 1085 300 1147 ln
322 1093 413 1168 parte
436 1091 590 1169 regnanto
613 1081 715 1157 beati;

281 1223 283 1226 ·
305 1204 390 1268 Dum
412 1203 529 1268 Priami
551 1201 743 1290 Paridisque
764 1203 861 1270 busto
1140 1208 1182 1272 to

222 1359 355 1426 insultet
376 1370 557 1426 armentum
578 1371 610 1426 ct
631 1359 756 1427 catulos
778 1361 865 1428 ierac

161 1557 200 1608 at.
219 1559 298 1607 Sooos
313 1555 378 1608 bSc:
397 1558 477 1608 Sacas
494 1558 525 1618 T,
545 1559 636 1607 Socem
651 1559 676 1609 H
694 1571 757 1608 cum
774 1558 840 1608 Edd.
859 1557 1003 1626 plerisque.

99 1733 621 1797 quiverbidoccrcsignilicatiouembuic
691 1734 732 1786 38.
759 1735 800 1785 39,
830 1736 939 1801 semla]
965 1740 1110 1800 «Romani,
1138 1742 1183 1803 qui

98 1807 154 1859 loco
170 1809 249 1858 unice
267 1809 358 1872 aptam
374 1809 536 1870 ignorarent.
658 1821 743 1871 genus
768 1810 902 1862 duxeruut
917 1825 933 1861 a
949 1813 1067 1877 profugis
1093 1815 1185 1865 Troia-

129 1883 167 1932 35.
186 1883 229 1932 36.
254 1887 279 1931 ct
294 1881 412 1945 adscribi]
428 1885 457 1932 ln
475 1882 517 1932 his
535 1881 619 1933 semel
650 1883 726 1948 nis.»
762 1885 877 1947 (Dictum
903 1898 968 1936 sana
993 1888 1100 1938 videtur
1121 1901 1185 1939 cum

99 1955 264 2006 desideratur
286 1955 312 2004 in
335 1955 473 2018 iungendis
491 1955 621 2006 membris
657 1955 710 2007 leui
739 1958 856 2020 quadam
885 1958 1074 2022 despicientia,
1103 1961 1185 2012 deam

98 2029 252 2093 aequalitas,
283 2028 399 2092 alioquin
427 2031 523 2080 usitata
549 2030 620 2096 apud
659 2032 796 2092 ceteroqui
808 2033 908 2094 optime
921 2032 1094 2097 decente.)-
1109 2034 1182 2099 boati]

99 2104 242 2154 Horatium.
263 2103 350 2166 Haupt
361 2103 439 2154 0bss.
453 2105 523 2154 criti.
537 2117 563 2167 p.
577 2105 618 2154 at.
659 2103 800 2154 «omuibus
814 2104 913 2168 opibus
930 2106 1097 2158 attinentes.»

99 2179 221 2228 Ceterum
241 2177 350 2226 odsembi
372 2191 404 2227 ex
422 2178 535 2230 iormula
551 2178 621 2228 mili-
691 2176 731 2226 to.
760 2178 971 2243 hianti—bruto]
1002 2181 1088 2231 littam
1116 2182 1185 2233 baec

98 2253 143 2302 tari
158 2265 209 2316 pro
227 2264 271 2302 vv.
290 2253 397 2314 omnini,
418 2254 486 2303 addi.
507 2281 534 2290 ·—
553 2254 621 2314 quie
658 2262 794 2300 nonnemo
821 2250 997 2304 calumniatus
1025 2257 1074 2305 est.
1116 2257 1185 2307 Saue

97 2327 126 2375 tie
147 2325 292 2389 munina]
310 2326 423 2378 Philetas
447 2327 535 2377 Bachii
558 2340 618 2391 pag.
659 2325 779 2375 Priamus
796 2339 829 2374 ex
842 2324 942 2389 volgari
960 2327 1185 2393 lamaaHeopto-

100 2400 140 2450 36:
159 2394 337 2465 (Ἀθάνατοι)
355 2399 387 2450 ot
403 2402 427 2450 τ’
445 2399 476 2452 ἐν
490 2395 621 2467 Ὀλύμπῳ
658 2397 729 2448 lamo
752 2402 814 2449 anta
837 2413 913 2450 aram
935 2402 1003 2452 loris
1019 2402 1115 2453 Hercei
1132 2404 1184 2454 ob·

95 2469 252 2526 ’Βκιοοθεν
268 2472 403 2534 χαλεπῶν
414 2468 509 2534 ἀχέων
521 2473 622 2538 οἴκους
660 2473 797 2524 truncatus
818 2473 972 2525 auctoribus
994 2474 1099 2540 Virgilio
1116 2479 1183 2530 Aen.

100 2545 251 2613 ἐκάμοντο.
272 2551 324 2598 Sat.
344 2551 371 2608 t,
390 2551 418 2611 5,
438 2551 498 2600 issi:
517 2551 623 2600 decadi·
658 2547 688 2606 ἢ,
712 2547 770 2596 557.
797 2549 825 2597 et
846 2549 943 2608 Quinto
964 2551 1113 2613 Smyrnaeo
1136 2553 1182 2614 ld,

99 2625 143 2674 diei
158 2637 363 2686 secwmnopare
373 2637 471 2672 oaorem
490 2622 566 2674 Silius
579 2625 619 2682 m,
659 2620 716 2672 att.
736 2635 790 2672 nou
812 2623 905 2673 babuit
927 2623 1052 2688 bustum,
1079 2627 1130 2676 sod
1145 2628 1186 2678 ia·

98 2699 139 2747 57:
167 2699 251 2760 Atque
273 2697 339 2746 idern
363 2697 467 2761 (deus),
491 2699 623 2760 comptor
659 2696 714 2746 cuit
735 2697 822 2760 inam
842 2697 915 2748 litore
935 2700 1185 2752 macedoniam-

98 2773 154 2822 tatia
167 2771 320 2822 mortalibus
342 2771 411 2832 aovi,
435 2772 623 2834 Intporturbata
659 2781 706 2830 quc
730 2770 839 2820 toneris
863 2778 941 2834 capot
965 2777 988 2824 et
1013 2774 1065 2824 sina
1085 2777 1186 2828 nemim

96 2847 206 2906 placidus
231 2850 296 2894 witot
318 2845 370 2895 otio
391 2851 480 2895 manu.
514 2847 622 2909 Neque·
658 2857 763 2906 coepto,
794 2845 964 2898 nibilominus
989 2847 1103 2912 lyricus,
1132 2851 1184 2904 boc

98 2933 174 2983 quam
190 2932 273 2980 vero,
291 2921 321 2970 ut
336 2917 391 2968 volt
403 2919 521 2981 Liiblmr,
540 2933 623 2984 oppo-
657 2919 817 2981 praesertim
837 2920 864 2968 iu
886 2923 1079 2974 sententiarum
1100 2936 1181 2987 nexu,

99 2995 164 3044 uitur
179 2993 342 3044 seditionibus
357 3007 384 3043 v.
404 2994 444 3043 ts.
659 2993 717 3041 sine
740 2991 793 3040 ulla
810 2991 888 3055 culpa
905 3007 1057 3047 memorare
1079 3001 1186 3061 poterat

126 3069 166 3118 37.
186 3066 264 3131 Dran]
284 3067 450 3118 :Dummodo
466 3081 540 3118 mare
554 3071 623 3120 tem-
659 3066 716 3114 eius
729 3064 895 3128 sepulcrum,
914 3068 1003 3129 idest,
1015 3069 1114 3132 locum,
1130 3085 1183 3136 quo

97 3142 243 3205 panonia
253 3154 363 3206 semper
372 3144 534 3194 concitatum
541 3156 621 3194 omne
659 3140 717 3188 eius
729 3151 828 3202 corpus
845 3141 996 3202 proiectum
1007 3151 1182 3198 remanserat.

97 3217 161 3268 inter
178 3220 326 3279 utrumque
343 3216 474 3281 populum
489 3229 623 3268 commen
658 3217 746 3276 Atque
769 3211 816 3262 cir.
835 3225 901 3276 prae
925 3213 1051 3266 omnibus
1067 3220 1181 3283 Antipat.

97 3293 163 3342 dum
173 3291 305 3356 impediat
313 3293 393 3354 atque
402 3293 534 3356 rumpat.»
548 3293 621 3342 Haac
659 3287 712 3338 Sid.
723 3285 863 3337 inaniunt.
874 3286 955 3337 Pali.
967 3302 994 3351 p.
1004 3283 1185 3361 341ιιἫρωος

97 3367 194 3423 omnia,
214 3367 244 3412 ut
262 3367 472 3416 consentaneum
485 3367 539 3426 est,
558 3369 623 3429 poii·
658 3357 794 3430 Πριάμου
820 3355 907 3421 βαιὸς
928 3360 1057 3425 τάφος,
1084 3366 1184 3430 quippe

96 3441 144 3489 tice
162 3437 336 3501 accipienda,
363 3438 497 3501 siquidem
520 3439 620 3502 optime
659 3435 693 3485 ab
711 3434 833 3486 hostibus
856 3433 949 3485 metus.
970 3461 998 3472 -
1015 3435 1102 3488 Nolim
1117 3453 1184 3491 vero

96 3512 305 3564 noratHoraiius
316 3511 350 3560 ab
363 3511 408 3563 Hic
420 3525 489 3562 novo
499 3515 620 3574 Homam,
660 3523 722 3561 cum
739 3510 856 3560 Bosscba
875 3509 989 3559 «bretun
998 3510 1091 3562 latiore
1101 3526 1183 3566 seusu

95 3585 153 3636 binc
173 3586 237 3637 Hluc
255 3587 381 3636 continuo
401 3587 530 3649 navigari,
556 3583 622 3636 ilion
659 3586 782 3649 accipere
796 3585 831 3634 da
843 3585 969 3636 universo
980 3585 1181 3651 urbisiuteritu,

95 3665 185 3711 autem
208 3673 320 3723 semper
341 3659 494 3710 subiectum
511 3673 622 3710 mansu·
658 3661 688 3709 ut
704 3661 762 3722 ipsa
779 3657 846 3709 urbs
863 3657 951 3709 deleta
964 3659 1075 3712 bustum
1084 3663 1183 3714 Priami

95 3747 153 3784 rum
179 3735 307 3784 Romanis
333 3733 494 3784 confidebat.
526 3735 621 3784 Houeo
659 3733 787 3783 dicebar.»

95 3811 204 3873 propter
221 3809 253 3858 H.
272 3807 444 3872 Peerlkamp,
463 3821 517 3872 quo
534 3807 621 3859 iudice
691 3808 731 3858 tr.
749 3807 859 3871 laudm]
877 3808 914 3858 Ea
930 3821 995 3858 sane
1007 3820 1113 3860 summa
1124 3812 1183 3859 erat

94 3883 273 3934 haecomnia
294 3883 513 3946 (utilimum
534 3895 620 3946 usque
658 3884 685 3933 in
707 3885 845 3933 mortuum
867 3881 1044 3942 contumelia,
1069 3881 1115 3932 ubi
1137 3886 1182 3932 tu-

94 3957 128 4006 ad
142 3957 229 4006 tinem
249 3957 389 4019 carminis)
410 3971 464 4007 nou
485 3958 548 4007 suut
567 3958 621 4008 Ho-
658 3955 746 4008 mulas
763 3956 797 4006 ab
815 3957 888 4007 omni
905 3955 1026 4006 custodia
1043 3958 1078 4005 ita
1091 3955 1183 4006 descr-

93 4032 166 4091 ratii,
184 4030 236 4081 sad
252 4029 362 4080 obscuri
375 4033 456 4094 atque
473 4031 556 4094 inepti
572 4029 621 4080 ali·
657 4031 701 4080 tus
718 4029 857 4090 manebat,
875 4033 907 4078 ut
922 4031 1031 4092 impune
1047 4029 1139 4079 hostes
1156 4031 1182 4080 ei

93 4105 169 4154 cuius
186 4104 367 4154 Grammatici.
390 4105 535 4156 letamen
553 4105 620 4154 haec
657 4104 822 4166 insultarent,
841 4106 962 4154 armenta
979 4115 1041 4152 cum
1052 4101 1183 4166 depasce-

92 4190 270 4242 summopere
296 4177 418 4229 admirati
443 4182 519 4230 erant
540 4179 620 4230 etiarn
657 4180 758 4240 rentur,
778 4179 850 4228 ieme
862 4179 889 4228 iu
901 4175 1179 4228 colustrababereut.

93 4251 218 4303 [ambitu
235 4256 263 4302 et
278 4252 398 4304 Bentleii.
657 4252 806 4315 sophonias
827 4253 858 4313 2,
883 4251 923 4302 tt.
948 4250 983 4301 da
1005 4251 1073 4301 Hino
1097 4249 1179 4301 urbo:
