2934 4884
756 368 882 418 uocatu

446 529 518 606 Ouo
534 524 680 615 Sibyllini
702 544 859 590 monuere
879 542 1001 589 versus

446 650 590 736 Virgines
611 646 711 714 lectas
732 666 919 735 puerosque
941 655 1048 712 castos

339 808 342 815 .
445 772 516 847 Dis,
540 768 658 857 quibus
681 779 805 857 septem
827 767 980 855 placuere
1002 765 1117 842 colles,

529 892 645 958 Dicere
668 910 808 958 carmen.

445 1050 533 1117 Alme
556 1050 630 1126 Sol,
655 1070 753 1116 curru
775 1048 876 1115 nitido
897 1048 984 1115 diem
1006 1049 1061 1135 qui

444 1172 568 1238 Promis
591 1182 623 1238 et
644 1170 730 1239 celas
754 1170 902 1258 aliusque
925 1179 958 1236 et
978 1167 1063 1235 idern
1316 1165 1356 1230 to

342 1336 366 1383 5.
385 1332 504 1395 quodlib
523 1333 550 1382 et
568 1332 692 1396 quattuor
708 1330 827 1382 Blandin.
848 1331 910 1394 (non
927 1331 981 1393 Tc).
1002 1358 1030 1365 -
1048 1327 1160 1379 lumb
1178 1330 1240 1391 (uon
1251 1328 1324 1389 B'l'c).

278 1474 365 1537 prisca
392 1472 553 1523 imitamur.»
589 1472 627 1521 Ex
653 1483 707 1534 qim
735 1472 799 1522 satta
836 1467 1360 1532 ternovenuctrptattutccniperrrbm

278 1546 388 1599 confusa
405 1547 622 1611 interpretatione
639 1545 798 1610 hocprodit,
835 1546 968 1595 cruentet.
997 1572 1024 1579 -
1050 1542 1264 1604 tector-coetos]
1289 1543 1360 1592 ilaec

278 1622 441 1685 antiquiores
463 1622 645 1685 Porphyrione
668 1620 801 1684 interpre-
836 1619 890 1668 dno
912 1618 1030 1669 ἐπίθετα
1052 1630 1138 1681 aeque
1161 1616 1196 1666 ad
1216 1618 1359 1680 utrumque

278 1699 319 1747 tes
345 1697 379 1745 ita
405 1695 489 1745 iamne
515 1692 603 1744 locum
625 1695 798 1757 exposuisse:
836 1706 932 1743 sexum
948 1693 1091 1757 pertinent.
1126 1692 1192 1743 Esse
1216 1692 1291 1742 enim
1311 1689 1360 1740 de-

279 1776 404 1833 ntempcre
430 1770 516 1831 acmo]
546 1782 622 1819 sacro
651 1783 684 1819 ex
711 1769 800 1833 prisco
837 1766 937 1817 bebant
958 1780 991 1817 er
1011 1766 1183 1816 confarreatis
1202 1764 1361 1829 parentibus

280 1846 340 1905 ritu,
354 1844 478 1907 quoniam
492 1843 582 1893 seculo
593 1842 723 1893 redeunte
735 1844 803 1894 tem·
837 1842 929 1905 geniti,
951 1842 1094 1906 patriciae,
1119 1843 1192 1889 certe
1208 1841 1360 1891 senatoriae

279 1932 329 1984 pus
347 1931 442 1983 perse
459 1918 489 1968 iit
505 1930 637 1969 sacrumr
837 1917 936 1980 stirpis,
954 1929 987 1966 ac
1004 1914 1083 1966 simul
1099 1908 1296 1980 ἀμφιθαλεῖς,
1313 1928 1362 1978 pa·

311 1996 335 2043 d.
349 1992 372 2043 6.
391 1992 505 2057 Sibyllini
515 2006 601 2043 cerua
611 1990 730 2043 consulto
742 2006 802 2043 me·
837 1992 906 2041 trimi
924 1994 952 2041 et
967 1990 1093 2041 matrimi.
1123 1990 1176 2040 Cir.
1190 1992 1257 2039 Acta
1277 1991 1358 2039 Fratr.

281 2069 431 2130 morantur,
452 2068 513 2131 quia
531 2068 627 2118 horum
644 2068 800 2117 auctoritate
837 2070 898 2116 arv.
911 2067 939 2116 T.
953 2066 993 2115 32.
1012 2080 1037 2115 v.
1052 2066 1097 2114 t7:
1115 2066 1216 2116 Ρτεοιε.
1234 2076 1359 2115 eumn.

279 2142 404 2193 utebatur
428 2144 561 2206 Augustus
589 2142 615 2191 in
640 2142 800 2192 renovandis
835 2152 1015 2191 arsamum.
1028 2151 1285 2191 ssrmcrmrmrs.
1298 2139 1360 2189 item

279 2216 347 2268 ludis
365 2214 538 2267 secularibus.
573 2217 692 2281 Virgines
710 2219 801 2267 nutem
836 2227 879 2265 vv.
899 2213 989 2278 Sibyll.
1008 2215 1049 2265 at.

279 2293 306 2341 el
321 2292 398 2356 pueri
413 2304 499 2351 nuno,
523 2293 552 2340 ut
570 2292 605 2341 ita
622 2292 722 2351 dicam,
745 2291 801 2355 pri·
868 2290 941 2339 9-42.
968 2290 1038 2339 Alme
1062 2288 1114 2353 sod
1139 2288 1192 2339 Cir.
1219 2286 1362 2339 formulam

278 2379 353 2416 mum
382 2366 409 2415 iu
438 2378 518 2417 scena
548 2368 734 2429 comparentes
766 2364 799 2415 de
835 2366 899 2415 iuris
929 2363 1032 2414 iurandi
1064 2361 1175 2428 Philippi
1203 2376 1259 2413 cos.
1292 2362 1360 2428 apud

279 2453 309 2490 se
343 2441 392 2503 ipsi
426 2454 459 2490 eo
484 2436 567 2504 magis
598 2440 682 2491 verba
710 2441 799 2490 iacere
835 2439 911 2492 Diod.
938 2440 1087 2503 Fragment
1113 2436 1190 2489 Dind.
1209 2450 1271 2502 pag.
1298 2438 1359 2488 tte:

280 2512 427 2573 debebant,
461 2516 504 2576 ut,
531 2528 593 2565 cum
615 2528 648 2565 en
668 2515 799 2579 primariis
827 2508 952 2581 Ομνυμι
969 2513 1021 2564 τὸν
1037 2511 1092 2564 Δία
1107 2508 1159 2563 τὸν
1175 2508 1361 2563 Καπετώλιον

281 2588 383 2639 iamiliis
415 2585 475 2638 lecti
507 2590 611 2649 essent,
648 2592 718 2639 inter
750 2589 799 2641 hos
836 2591 884 2640 κσλ
905 2584 959 2655 τὴν
977 2582 1094 2639 Εστίαν
1110 2585 1162 2652 τῆς
1181 2580 1296 2652 Ρώμης
1312 2587 1360 2635 κοιλ

281 2664 352 2726 ipsos
369 2674 464 2713 versus
487 2662 521 2712 ab
547 2664 578 2713 iis
602 2666 722 2714 canutus
739 2665 801 2714 tuci·
835 2661 887 2716 τὸν
918 2660 1052 2736 πατρῷον
1081 2657 1173 2727 αὐτῆς
1196 2654 1286 2734 Αρην
1313 2662 1361 2712 zai

278 2742 330 2785 turn
360 2740 514 2798 pertentaret
548 2739 669 2800 pendium
702 2752 800 2801 paren·
836 2736 898 2791 τὸν
914 2740 1095 2825 γέναρχον
1106 2730 1361 2801 Ἤλιονκοιλτὴν

279 2812 335 2860 tum
349 2815 462 2872 pectore
482 2810 801 2863 llaecdictaslntcontra
836 2811 977 2886 εὐεργέτιν
992 2808 1073 2877 ζώων
1089 2814 1182 2865 τεκαὶ
1191 2809 1295 2874 φοτῶν
1305 2809 1361 2877 Γῆν

279 2884 341 2943 ΗΡ.,
362 2884 409 2946 qui
424 2883 493 2933 hanc
511 2885 638 2947 stropheu
656 2884 735 2936 ohelo
751 2900 801 2937 uo-
837 2892 875 2953 (C.
891 2892 956 2941 S.v.
969 2882 1066 2953 atim)
1049 2904 1093 2939 an
1108 2885 1140 2939 δὲ
1156 2883 1226 2949 τοὺς
1242 2888 1360 2955 κτίστας

279 2958 351 3007 tavit,
370 2954 607 3022 (srenissimo)
626 2960 801 3023 effigiescum
836 2965 1044 3032 γεγενημένους
1074 2959 1128 3029 τῆς
1152 2958 1265 3028 Ῥωμης
1294 2957 1360 3029 ripe·

278 3030 408 3081 librorum
419 3030 608 3095 Sibyllinorum
620 3048 703 3085 urceo
720 3048 801 3100 super
835 3040 923 3101 decor
950 3040 1000 3089 καλ
1025 3034 1096 3101 τοὺς
1106 3032 1360 3125 ορναοξήσαντας

278 3105 411 3171 tripodem
429 3106 556 3157 collocato
574 3110 615 3159 est
631 3110 702 3161 inL.
722 3112 801 3174 (itar-
836 3109 890 3179 τὴν
904 3108 1062 3180 ἡγεμονίαν
1077 3106 1169 3178 αὐτῆς
1184 3104 1286 3182 ἥρωας
1303 3109 1358 3163 κτλ

279 3183 324 3243 cii)
354 3182 504 3245 TORQVAT.
531 3183 575 3233 ill.
604 3185 663 3234 Vlit.
690 3198 800 3235 nummo
838 3216 866 3226 -
891 3191 913 3239 Α
937 3190 1023 3252 poetis
1052 3191 1156 3239 mature
1182 3186 1312 3251 Apollinis
1336 3187 1360 3234 et

279 3258 351 3321 apud
375 3258 464 3308 Ricciu
488 3260 524 3309 it.
543 3258 570 3307 F.
589 3259 618 3309 fl.
636 3273 663 3323 p.
683 3258 749 3322 436.)
772 3286 798 3297 -
836 3261 904 3315 solie
924 3275 1025 3313 numen
1044 3263 1072 3313 in
1088 3274 1172 3312 unum
1189 3262 1360 3312 coniunctum

279 3332 328 3393 Qui
346 3334 398 3383 iam
415 3332 506 3385 seculo
524 3336 618 3383 octavo
636 3348 660 3383 v.
680 3334 704 3383 5.
727 3333 801 3396 lege-
836 3340 886 3387 est.
904 3338 948 3387 Sic
959 3337 1102 3400 Scythicus
1113 3336 1192 3387 Teius
1207 3336 1284 3399 apud
1295 3334 1357 3387 Plut

278 3408 341 3457 runt
362 3409 445 3470 Quod,
474 3409 513 3459 sic
534 3406 659 3458 videntur
680 3410 801 3458 consuu-
836 3411 870 3462 de
888 3411 1000 3473 Pydnae
1016 3424 1088 3461 crac.
1105 3411 1132 3461 Τ.
1146 3411 1170 3460 2.
1185 3409 1293 3474 pilli:
1311 3411 1361 3472 Ζη-

278 3482 363 3533 mese:
399 3484 456 3533 dcte
490 3496 555 3545 proc
576 3494 715 3545 procureur
741 3495 801 3531 ccr-
836 3482 887 3548 νὸς
898 3480 1012 3550 εὐειδὴς
1024 3478 1180 3546 Ἀπόλλων
1198 3478 1359 3552 πᾶσανᾶρ-

277 3556 356 3616 mtuc,
375 3558 441 3617 qnod
457 3556 571 3618 &tudini
586 3568 802 3607 monocrcoeruu
837 3559 894 3626 χὴν
909 3562 960 3611 πολ
976 3559 1059 3622 τέλος
1075 3556 1241 3621 Σολλαβάν,
1259 3553 1359 3620 ἔχετλλ

277 3631 437 3694 venenu„
422 3633 491 3681 -dts
514 3632 662 3681 duee.-
691 3630 802 3694 Virptnes
836 3632 969 3705 λαμπρὸν
992 3632 1137 3706 πλῆκτρον
1159 3628 1245 3700 viltor
1272 3630 1357 3696 φάος

279 3706 348 3771 cel]
371 3706 431 3777 τρὶς
456 3704 540 3757 ἐννέα
556 3706 651 3756 Zosimi
677 3708 740 3756 sunt
759 3707 802 3755 ier
836 3709 988 3761 Notandum
1008 3711 1099 3762 Martis
1119 3722 1208 3773 neque
1231 3710 1260 3759 in
1276 3720 1356 3759 veras

278 3794 398 3831 novenae
426 3781 554 3844 virgines,
585 3782 679 3844 terque
704 3780 800 3831 noveni
836 3783 970 3847 Sibyllinis
1002 3796 1091 3847 neque
1119 3782 1191 3847 apud
1222 3784 1358 3833 Horatium

278 3857 368 3920 pueri,
389 3868 435 3907 sex
454 3856 533 3906 totius
551 3856 624 3905 chori
640 3853 721 3906 veluti
738 3868 801 3920 pur-
836 3857 918 3909 ullam
935 3858 1099 3909 mentionem
1115 3857 1186 3917 deri,
1210 3856 1274 3907 ideo
1291 3853 1357 3921 quod

279 3932 332 3987 tee3
360 3942 391 3980 er
418 3942 493 3979 more
519 3932 646 3980 Romano.
676 3932 730 3980 Liv.
752 3930 798 3989 at,
837 3932 1013 3998 pacificatoris
1029 3944 1142 3981 munere
1158 3931 1232 3994 iungi
1255 3930 1358 3982 volebat

280 4004 324 4053 37:
345 4006 500 4055 Decrevere·
488 4006 641 4069 *pontifices
654 4006 802 4068 utcirpr'ncs
837 4009 1045 4071 Augustusoe
1078 4005 1190 4070 Romu]
1218 4006 1358 4067 Dionyson

279 4084 317 4127 ter
336 4092 447 4130 ucoence
465 4094 513 4141 per
534 4078 621 4129 moero
641 4084 725 4130 eunus
740 4093 802 4129 ccr-
838 4082 935 4144 liymn.
963 4082 989 4130 in
1017 4078 1100 4144 Apoll.
1126 4078 1169 4129 ed.
1193 4077 1356 4129 Bellermann

280 4164 334 4201 men
351 4160 485 4204 ..coement
512 4154 558 4215 34,
586 4154 631 4205 li:
663 4153 802 4204 Decenwiri
837 4170 865 4219 p
882 4156 928 4205 26:
957 4154 1091 4218 Ποταμολ
1111 4149 1143 4203 δὲ
1163 4151 1250 4204 σέθεν
1264 4148 1357 4237 τορὸς

280 4240 313 4277 es
329 4226 397 4277 libr'u
413 4227 597 4291 (Sibyllinisl-
609 4242 760 4279 --cumtec
745 4229 802 4278 -od
838 4222 988 4298 ἄμβροτον
1027 4229 1179 4280 Τλκτοοσιν
1216 4222 1357 4296 ἐπήρατον
