2934 4884
650 354 776 405 uoaaru
795 354 963 422 casuruou

432 512 538 575 Latius
560 531 675 597 regnes
698 510 828 575 avidum
851 508 1016 575 domando

352 641 359 651 '
430 632 599 718 Spiritum,
623 632 769 719 quamsi
793 631 928 719 Libyam
950 631 1081 697 remotis

430 752 573 818 Gadibus
596 754 708 839 iungas
730 763 763 819 et
784 764 923 839 uterque
947 752 1076 818 Poenus

598 874 722 939 Serviat
747 874 811 938 uni.

431 1033 553 1099 Crescit
575 1031 744 1120 indulgens
766 1032 826 1099 sibi
849 1032 939 1099 dirus
961 1032 1120 1120 hydrops,

431 1157 496 1222 Neo
518 1155 603 1220 sitim
625 1153 730 1239 pellit,
754 1154 814 1221 nisi
837 1174 936 1220 eausa
958 1153 1061 1219 morbi

329 1358 353 1405 9.
363 1356 463 1405 tatiraa
471 1355 499 1403 Τ.
510 1382 537 1391 -
546 1355 572 1403 44
580 1392 585 1403 .
594 1356 686 1404 Ροοιω
693 1351 835 1403 Schrader.
847 1378 874 1387 -
886 1351 926 1401 43.
935 1352 1014 1401 daras
1023 1351 1090 1402 Cod.
1099 1349 1190 1401 Bland.
1200 1354 1227 1401 et
1235 1349 1311 1401 hlald.

265 1535 343 1597 magi,
364 1534 448 1594 «tangi
464 1544 495 1581 se
512 1544 564 1580 non
582 1532 706 1594 patitur.»
736 1528 784 1579 0d.
823 1528 1026 1592 byphoenixm)
1055 1526 1222 1577 demonstrat
1251 1527 1350 1591 copula

265 1608 289 1669 l,
301 1610 327 1667 t,
339 1608 384 1656 20:
398 1605 502 1667 Gatpari
511 1606 599 1654 metuit
607 1606 676 1667 fides,
690 1616 786 1653 «nemo
822 1608 854 1664 et,
873 1616 943 1666 quae
961 1601 1049 1653 verbis
1066 1603 1153 1665 ipsam
1172 1601 1350 1665 sequentibus

265 1685 320 1743 est,
337 1683 381 1744 qui
394 1694 454 1731 eam
466 1679 564 1730 violare
574 1678 662 1729 velita
682 1679 747 1742 Epp.
761 1679 784 1737 t,
823 1676 936 1741 explieat
952 1675 1155 1741 praecedentia,
1175 1676 1252 1739 quasi
1268 1675 1352 1726 dixis·

266 1757 306 1814 46,
322 1756 492 1805 dozaaetueru
505 1754 598 1803 audiri.
618 1753 687 1815 Virg.
703 1751 785 1811 Get,
823 1756 877 1803 set:
907 1764 1007 1815 aquam
1028 1752 1051 1801 si
1074 1750 1185 1814 Libyam
1203 1752 1306 1801 certatis
1324 1754 1349 1813 (a

265 1830 325 1881 246:
337 1830 425 1879 Arctoa
437 1829 787 1888 Oeeaaimetaeatasaequore
824 1828 913 1890 Koma)
932 1826 1048 1877 Gadibus
1066 1828 1172 1889 iungas,
1192 1826 1227 1874 ita
1238 1826 1353 1875 ututer·

264 1905 336 1967 tiapi,
354 1918 388 1953 ex
397 1904 470 1953 Arati
480 1902 523 1953 46:
542 1894 645 1972 ἄρκτοι
661 1902 785 1951 κυανέου
824 1915 876 1965 que
889 1904 993 1951 Poenus
1005 1902 1104 1952 serviat
1115 1900 1162 1951 tibi
1173 1901 1243 1951 uni.»
1271 1900 1351 1951 llnud

266 1976 482 2044 πεφυλαγμένοι
504 1969 665 2026 Ὠκεανοῖο.
700 1974 785 2025 Gloss.
823 1990 884 2027 raro
901 1981 991 2026 autem
1014 1978 1041 2026 et
1058 1976 1177 2025 Gaditani
1199 1977 1226 2025 et
1242 1976 1351 2025 ceterae

264 2057 381 2102 renuente
396 2050 480 2101 verbo
493 2055 614 2101 awtueate
624 2049 786 2100 substituere
823 2052 1081 2113 Karthaginiensium
1105 2049 1223 2101 coloniae
1249 2050 1275 2099 in
1304 2050 1349 2099 Hi·

265 2126 545 2176 rolebatsanadonus.
580 2126 671 2189 (Fama
684 2125 735 2174 dea
748 2127 789 2174 est
824 2126 944 2190 spaniam
969 2126 1084 2177 maxime
1106 2126 1241 2175 Baeticam
1262 2122 1353 2173 dedu-

265 2200 336 2265 apud
344 2204 446 2264 poetas,
457 2214 601 2265 nunquam,
613 2199 786 2264 quodseiam
825 2204 882 2251 otae
908 2203 1059 2250 Poenorum
1083 2199 1191 2250 nonnae
1212 2196 1354 2262 appellan-

266 2276 299 2326 ah
331 2274 476 2327 artificibus
506 2276 621 2339 antiquis
649 2286 785 2338 expressa.
824 2278 875 2325 tur.
911 2276 949 2325 De
971 2274 1105 2325 Gaditanis
1123 2274 1177 2324 Cic.
1196 2285 1245 2337 pro
1266 2271 1353 2323 Balbo

266 2351 318 2402 Cir.
344 2352 478 2413 Boettiger
501 2352 534 2401 ltl.
559 2352 682 2414 &baltea
704 2350 736 2398 ll.
759 2348 786 2397 S.
826 2349 868 2400 tt:
890 2349 1062 2412 ignoscebat,
1080 2350 1195 2410 umque
1210 2348 1352 2397 Paetorum

191 2473 196 2484 ,
267 2425 333 2487 stt.)
824 2426 884 2473 tara
900 2423 982 2473 callo.
1005 2424 1092 2473 Livius
1109 2422 1157 2482 28,
1175 2422 1215 2471 37.
1245 2422 1352 2483 Satrai&

299 2500 338 2548 to.
358 2500 488 2564 Spiritum]
510 2500 642 2560 animum,
669 2493 703 2547 τὸ
726 2496 789 2548 ἐπι·
824 2512 923 2559 aenea,
942 2498 986 2559 qai
1001 2510 1111 2547 ammata
1128 2496 1354 2559 estPoeatrmogi-

265 2569 436 2638 θομητικόν,
454 2575 483 2623 ut
499 2572 578 2624 simili
597 2573 788 2636 significatione
825 2578 926 2623 stratio.
946 2574 985 2623 De
1003 2572 1100 2621 ceteris
1118 2568 1228 2621 coloniis
1246 2569 1310 2620 Plin.
1325 2570 1352 2631 3,

265 2645 362 2712 θυμοῦ
383 2644 475 2711 πνοάς
497 2648 563 2697 dixit
579 2649 668 2712 Eurip.
687 2649 787 2698 Phoen.
826 2650 853 2707 l,
874 2647 904 2696 3:
925 2648 1003 2697 Ονοοι
1019 2659 1075 2695 eam
1090 2646 1235 2695 micarum
1245 2645 1354 2708 melate

266 2720 323 2773 tat.
347 2722 437 2773 Herm.
464 2725 493 2772 et
517 2723 680 2785 posteriores
705 2722 789 2772 Latini
825 2724 963 2772 Porrimam
987 2720 1141 2770 actsttmaait
1164 2720 1200 2769 H.
1226 2719 1352 2783 Agrippa.

265 2798 349 2859 βοέου.
384 2799 448 2847 Stat.
467 2796 550 2847 Theb.
567 2798 597 2857 4,
616 2797 678 2846 sat:
696 2796 791 2847 laetu
827 2799 929 2847 Seneca
952 2793 1057 2846 Consol.
1077 2794 1111 2844 ad
1133 2793 1208 2845 Helv.
1227 2794 1255 2843 6:
1284 2794 1356 2854 lusit

265 2874 341 2935 plotas
356 2873 433 2922 dach.
469 2872 534 2931 «Qui
547 2872 678 2934 pecuniae
690 2872 792 2936 cupidi·
825 2872 938 2935 Africam
954 2870 1080 2928 tacoluat;
1101 2870 1177 2919 Poeni
1191 2870 1352 2931 Hispaniam.

267 2945 358 2995 datem
383 2946 475 2997 domat
501 2945 623 3008 adeoque
651 2958 667 2995 a
692 2944 791 2998 divitiis
827 2944 894 2997 Nihil
920 2947 1010 2995 autem
1035 2943 1158 3007 impedit,
1186 2956 1240 3006 qua
1263 2943 1354 2992 minus

267 3019 456 3070 coacervandis
489 3020 625 3083 sapienter
657 3019 788 3082 abstinet,
827 3020 950 3070 Horatius
967 3019 1198 3081 Karthaginienses
1211 3020 1355 3067 etPoenos

267 3095 344 3143 taliae
364 3099 467 3156 moriat,
494 3095 578 3157 magis
599 3095 670 3158 regis
690 3108 790 3146 nomen
827 3096 1016 3159 Hispanienses
1032 3100 1166 3155 auumque
1181 3094 1290 3143 Ροοιοοι
1306 3102 1356 3154 ap-

268 3171 402 3228 meretur‚
432 3167 588 3232 beatiorque
615 3170 678 3233 erit,
708 3182 790 3233 quam
827 3168 939 3234 petierit,
958 3170 1008 3219 etsi
1025 3169 1132 3232 proprie
1143 3180 1198 3217 non
1210 3167 1257 3215 luit
1269 3165 1355 3215 Phoe-

269 3243 290 3293 si
307 3241 442 3292 latifundia
459 3255 508 3306 per
524 3244 640 3294 Ardeam
657 3246 684 3294 et
695 3246 791 3307 Hispa·
827 3246 886 3295 nice
910 3244 994 3293 maior
1017 3246 1043 3293 el
1064 3242 1164 3303 minor,
1191 3244 1221 3290 ut
1242 3241 1355 3303 propter

268 3317 339 3367 niam
368 3318 517 3377 continuet,
550 3318 649 3381 quibus
677 3318 791 3367 admini-
827 3320 879 3369 hoo
896 3319 992 3368 dicitur
1007 3323 1116 3379 atraqw
1131 3316 1254 3379 Maia,
1276 3319 1354 3363 οινο·

268 3392 383 3443 strandis
404 3392 499 3442 multas
521 3393 549 3441 et
568 3391 694 3441 molestas
712 3404 791 3442 curas
827 3406 874 3455 que
889 3393 1023 3453 Ammaia,
1049 3397 1153 3453 aterum
1177 3391 1299 3449 Hamas,
1328 3390 1355 3436 et

269 3466 582 3531 impendatneoesseest.
601 3467 792 3530 (Magnesiam
828 3466 950 3518 Paulinus
968 3468 1059 3516 Pedm.
1074 3466 1117 3514 u:
1137 3470 1241 3526 warte
1257 3464 1353 3513 [taem.

268 3555 325 3601 opes
340 3542 412 3603 inops
428 3542 475 3589 0d.
494 3541 524 3600 3,
544 3542 590 3600 46,
608 3542 675 3604 Heln
703 3540 792 3590 Homi-
827 3540 968 3591 Schraderi
994 3546 1099 3602 atem
1124 3540 1216 3589 Pontus
1240 3538 1354 3589 nimium

268 3628 317 3665 nes
333 3614 480 3678 locupletes
491 3628 573 3678 saepe
586 3630 657 3678 reges
667 3615 792 3665 dicuntur
828 3620 869 3667 est
889 3628 939 3665 nec
961 3614 1035 3665 lacile
1059 3614 1112 3665 diei
1129 3615 1233 3678 poterat
1250 3614 1301 3663 nisi
1318 3611 1354 3661 de

270 3692 298 3737 ut
314 3688 362 3737 0d.
384 3691 411 3748 t,
430 3688 459 3748 4,
478 3689 522 3738 44;
543 3692 683 3752 separare
699 3695 789 3738 turres.
828 3702 880 3740 uno
897 3690 1024 3751 Augusto,
1043 3690 1072 3737 ut
1089 3686 1122 3737 de
1140 3688 1191 3737 hoc
1205 3688 1264 3750 ipso
1276 3685 1353 3736 Ovid.

303 3763 342 3811 ll.
371 3768 474 3825 cateruae
500 3764 606 3827 Poeaus]
633 3765 721 3813 «Cum
747 3764 791 3825 qui
808 3761 811 3774 ¹
828 3766 889 3815 Met.
910 3765 953 3821 tt,
973 3764 1035 3813 829:
1056 3764 1121 3823 Quid
1138 3762 1181 3810 tibi
1198 3760 1353 3821 barbarian,

270 3836 455 3898 Karthaginem
480 3841 508 3887 et
533 3840 633 3889 Uticam
657 3836 740 3887 babet
765 3838 791 3886 in
827 3842 910 3902 gestas
935 3837 967 3887 ab
992 3842 1097 3898 atroque
1119 3836 1353 3894 lacerassem,

269 3908 368 3967 hiriea,
396 3912 452 3959 tum
478 3912 523 3973 qai
548 3912 635 3962 Gades
659 3910 790 3967 condidit;
828 3911 975 3963 naaman?
992 3913 1154 3973 qaadcaapae
1167 3910 1356 3960 habitabiletet·

270 3984 389 4034 coloniae
406 3984 661 4047 Karthaginiensium
682 3986 748 4036 aliae
766 3988 791 4035 in
828 3989 867 4038 las
883 3988 1003 4041 Sustinet.
1022 3988 1095 4037 hasim
1110 3986 1171 4043 etih·
1186 3991 1279 4046 paruas
1295 3999 1357 4047 φυο-

273 4060 395 4123 Hispania
416 4069 470 4107 non
486 4060 687 4112 exeluduntur.»
716 4064 791 4111 Gaas.
817 4063 973 4125 'qaemwiet
981 4062 1027 4111 itti.
1046 4062 1175 4111 Holmann
1186 4060 1353 4123 Peerlkamp.

274 4134 345 4183 Hanc
361 4146 442 4183 unam
458 4135 559 4182 rectam
572 4134 794 4199 esseexplicatio·
830 4138 955 4187 coniecit:
985 4142 1089 4199 mactae
1115 4135 1230 4187 Phoebeas.
1277 4136 1354 4184 ovid.

272 4220 334 4257 uem
352 4208 424 4268 laon:
450 4210 491 4256 aet
509 4208 690 4269 Syrophoenix
709 4214 737 4261 et
754 4211 793 4259 Li-
830 4212 890 4259 hlet.
912 4213 935 4269 l,
954 4211 1015 4261 338:
1039 4212 1124 4260 Litora
1141 4223 1200 4259 roca
1217 4210 1356 4271 replet'sub
