2934 4884
608 446 613 454 .
697 375 825 426 iionnrli
843 375 972 428 EPODON

634 1019 1016 1113 mmm.

407 1381 409 1383 ‚
453 1295 577 1381 Rogare
601 1292 698 1380 longo
720 1291 866 1380 putidam
889 1303 919 1360 te
943 1294 1073 1364 seculo

495 1415 586 1480 Vires
608 1411 688 1500 quid
710 1423 845 1480 enervet
866 1415 983 1480 meas?

451 1534 532 1598 Cum
554 1533 596 1598 sit
617 1532 674 1599 tibi
697 1532 779 1600 dens
801 1544 871 1600 ater
892 1545 925 1601 et
947 1535 1035 1623 rugis
1057 1545 1150 1602 vetus

497 1657 648 1720 Frontem
669 1665 821 1721 senectus
844 1665 968 1733 exaret,

451 1774 590 1861 Hietque
612 1775 715 1862 turpis
739 1774 822 1842 inter
844 1773 952 1842 aridas
973 1787 1064 1844 nates
1341 1778 1359 1838 5

344 2011 411 2060 Vlll.
438 2011 521 2060 lusor.
540 2006 608 2070 rnlg.
635 2009 665 2056 ln
687 2021 767 2058 onum
791 2007 957 2059 ltbtdtoosom.
987 2036 1014 2046 —
1043 2009 1206 2059 Proditorem
1218 2010 1328 2072 putidum

312 2100 391 2136 anteo
414 2089 524 2135 sectatur
550 2084 641 2148 (immo
657 2081 804 2148 insectatur)
821 2084 885 2133 ollio
909 2084 1022 2146 corporis
1043 2085 1096 2134 dus
1116 2085 1273 2148 proscribere
1295 2086 1330 2142 B,

312 2173 344 2211 ae
361 2159 481 2211 similiter
498 2171 522 2208 c.
542 2185 570 2195 -
588 2159 613 2208 Ξ.
633 2158 699 2220 quod
715 2158 786 2220 Bs‚C
805 2157 867 2222 (non
884 2155 937 2222 bo).
960 2187 986 2195 -
1005 2171 1105 2210 memes
1121 2158 1153 2220 b,
1171 2165 1273 2209 enneae
1289 2160 1316 2208 S.

312 2374 377 2424 Vlll.
418 2373 474 2422 lloc
503 2383 612 2434 quoque
640 2383 751 2421 eormen
778 2372 809 2420 ut
845 2371 926 2434 atque
944 2363 1058 2436 ἡλικία,
1077 2370 1154 2424 simili
1166 2374 1360 2438 transpositione

280 2447 363 2510 Epod.
384 2448 424 2497 42.
443 2447 470 2496 in
489 2444 708 2509 lusenptionibus
726 2443 808 2495 Codi·
845 2458 877 2495 uo
896 2442 1009 2514 μορφή,
1029 2447 1121 2510 sonno.
1148 2445 1276 2497 ‘Similiter
1290 2459 1361 2498 auum

279 2535 342 2572 eum
359 2520 460 2585 aliquot
483 2521 510 2570 in
531 2519 675 2570 Gratidium
696 2531 808 2583 compo·
845 2519 974 2571 describit
990 2520 1038 2570 0d.
1052 2520 1081 2581 4,
1095 2521 1139 2582 43,
1158 2521 1245 2586 ssqq.
1267 2549 1294 2558 -
1310 2522 1362 2570 deos

278 2597 361 2647 ultum
378 2609 439 2647 esse
457 2593 570 2654 dicitnr,
596 2606 694 2658 perum
714 2593 807 2656 utique
845 2593 913 2659 oter]
937 2607 986 2658 pro
1003 2591 1098 2659 plurali
1120 2593 1214 2658 (dentes
1234 2596 1287 2644 atri
1302 2595 1359 2657 Epp.

278 2669 461 2734 probabiliter.
496 2670 527 2718 ln
551 2671 646 2718 neutro
676 2669 748 2718 enlm
765 2665 806 2716 nl·
845 2669 856 2718 4
869 2665 926 2729 ,8,
947 2667 996 2730 il,
1030 2681 1118 2731 neque
1140 2667 1361 2733 interpretandum

277 2743 332 2794 lum
352 2745 516 2794 mentionem
541 2741 604 2791 iacit
626 2743 723 2792 ortium
748 2754 808 2791 mu·
845 2755 906 2792 cum
919 2739 988 2802 eliis,
1007 2753 1091 2792 unum
1103 2741 1212 2792 dentem
1224 2744 1325 2806 nigrum
1340 2743 1360 2791 ei

278 2818 413 2880 giemum,
433 2814 531 2880 quibus
548 2812 592 2864 illu
608 2817 697 2880 ipsum
714 2828 808 2880 perse·
844 2817 1016 2876 remansisse,
1031 2818 1135 2868 eeteros
1148 2830 1209 2867 eam
1221 2819 1359 2882 exspuisse.

279 2895 340 2942 cute
358 2893 417 2941 emt
439 2892 519 2953 etque
543 2891 570 2939 in
593 2903 623 2939 se
647 2890 805 2941 irritaverat.
845 2889 883 2940 cl.
902 2890 986 2954 Epod.
1001 2889 1025 2952 6,
1040 2891 1080 2940 45.
1100 2918 1128 2928 -
1145 2897 1240 2941 uetus-
1252 2889 1360 2954 sumtu]

278 2966 327 3015 llio
345 2968 436 3015 nutem
454 2961 621 3013 Archilochio
634 2963 715 3014 modo
732 2966 808 3014 inve·
845 2965 949 3014 Terent.
963 2963 1070 3024 Eunt,
1083 2963 1111 3026 4,
1124 2964 1170 3014 ul:
1188 2967 1235 3016 Hic
1246 2971 1359 3026 oemio,

277 3040 350 3090 bitur
372 3039 398 3088 in
420 3035 561 3088 mulierem
579 3038 690 3088 divitem
707 3051 739 3088 ne
756 3052 807 3089 no·
841 3037 930 3099 olette,
942 3043 1085 3088 oetemosue
1095 3051 1178 3088 senem
1198 3038 1291 3090 Tibull.
1305 3039 1359 3099 4,8,

277 3111 374 3174 bilem,
404 3112 454 3163 sed
474 3111 606 3174 vetulam,
635 3111 806 3163 libidinosum
844 3111 890 3161 50:
909 3117 1138 3172 odere-senes,
1151 3113 1279 3164 flaccidos
1289 3115 1359 3177 etque

278 3190 322 3249 et,
346 3187 419 3250 quod
435 3186 511 3250 peius
529 3189 599 3248 emt,
622 3186 702 3237 simul
718 3186 806 3250 philo·
844 3183 1001 3236 imbellioos.
1013 3213 1041 3222 -
1054 3184 1151 3250 maret]
1166 3187 1215 3236 «tta
1225 3190 1255 3238 ut
1267 3187 1361 3238 iniren-

278 3262 401 3326 sopbam.
446 3260 559 3320 Quidum
588 3263 672 3311 totam
699 3259 805 3310 vetulae
843 3261 869 3310 te
888 3259 990 3311 habeas
1006 3259 1087 3311 veluti
1102 3259 1191 3312 sulcos
1209 3273 1359 3324 rugarum.»

278 3347 423 3400 personum
459 3334 551 3384 fletam
584 3334 743 3399 opinentur,
778 3333 806 3384 ld
842 3333 914 3396 virg.
932 3335 999 3384 Aen.
1018 3333 1047 3394 7,
1066 3333 1128 3385 ili:
1147 3335 1257 3398 [ronwm
1273 3335 1359 3386 obseoe-

278 3409 353 3474 quod
376 3409 441 3459 mihi
462 3409 490 3459 in
510 3411 590 3472 poete
611 3411 707 3459 iuvene
726 3419 805 3458 secus
842 3421 903 3458 oum
925 3407 997 3471 mets
1014 3413 1083 3458 orat.
1110 3407 1149 3458 De
1168 3409 1358 3475 Cercopibusn

277 3484 392 3534 videtur.
424 3481 473 3546 (nd
497 3495 523 3533 o.
541 3497 568 3532 u.
588 3495 611 3532 o.
636 3481 693 3533 744.
724 3481 807 3532 relert
842 3483 904 3534 Iove
928 3481 954 3531 in
976 3481 1068 3533 simias
1088 3483 1196 3534 mutetis
1215 3485 1288 3534 (trid.
1305 3483 1356 3534 liet.

278 3558 395 3620 Preme,
415 3555 560 3608 Grotelend
576 3557 610 3606 ud
628 3570 652 3608 a.
671 3557 739 3618 itt.)
844 3555 889 3616 44,
902 3555 947 3605 96:
966 3557 1182 3619 mptrperoraott
1193 3558 1300 3608 auilites
1308 3569 1356 3606 oro.

312 3633 368 3682 l-6.
399 3631 506 3697 lloqore]
523 3631 667 3682 infinitivus
684 3630 807 3693 indignu—
846 3657 873 3666 -
892 3629 996 3694 nudae]
1015 3641 1100 3694 oquae
1117 3629 1210 3682 elbum
1230 3645 1282 3682 nou
1303 3643 1358 3682 oon·

278 3706 366 3762 tionis.
409 3707 463 3757 cic.
489 3703 553 3755 Phil.
579 3703 624 3765 44,
651 3705 683 3753 o:
714 3705 806 3767 Qoem-
843 3703 934 3767 eoquit
951 3703 1067 3768 ideoque
1085 3717 1136 3755 nee
1154 3706 1296 3758 eontinet.»

278 3793 387 3844 quamne
402 3780 477 3844 sudus
500 3783 554 3828 tom
575 3778 737 3840 motum,
763 3781 807 3840 qui
876 3777 948 3828 7-40.
972 3778 1021 3828 Sed
1042 3779 1141 3842 imitat]
1164 3779 1234 3830 «Sed
1259 3780 1356 3832 iornsse

277 3854 456 3921 booflopsret?
471 3855 531 3905 Ter.
542 3853 644 3914 Enni,
658 3852 722 3913 4,3;
736 3859 807 3904 soloe
843 3851 951 3918 putobls
974 3854 1078 3904 incitari
1103 3867 1148 3904 me
1174 3853 1209 3904 'ed
1235 3865 1356 3906 amorem»

278 3931 324 3979 boc
334 3931 506 3981 mandotmut
520 3927 587 3980 titt?
602 3931 630 3979 P.
644 3929 679 3977 ab
689 3929 807 3992 Ropttore
844 3930 896 3978 eet.
912 3955 939 3964 -
955 3927 1050 3992 putres]
1064 3927 1213 3993 «pendulae
1225 3931 1253 3979 et
1267 3928 1355 3981 laxae.-

279 4006 331 4053 cet.
350 4006 403 4054 sat.
414 4005 439 4066 2,
453 4004 478 4066 4,
491 4002 539 4055 8³:
559 4003 607 4053 Ten
618 4002 808 4064 lupidesoortos
847 4029 874 4038 -
894 4001 1049 4066 tenentibus]
1073 4015 1142 4067 aque
1160 4003 1287 4054 intercute
1302 4013 1356 4068 pro·

278 4077 400 4128 lutulento
426 4079 517 4128 radere
542 4075 653 4140 pulmo?
680 4105 707 4112 -
734 4075 808 4142 londo
844 4077 906 4140 pter
923 4078 1043 4126 exactum
1060 4079 1185 4128 aeuum.
1206 4105 1233 4114 -
1247 4075 1355 4135 addim]

277 4149 524 4213 pertidum-sendo]
558 4149 681 4200 «effetam
706 4149 806 4200 senio.»
846 4151 938 4214 «quasi
961 4149 1133 4202 additamenti
1156 4149 1214 4202 loeo
1228 4151 1355 4216 superim-

281 4222 397 4271 Seeutom
417 4222 491 4272 idem
511 4223 624 4274 fortusse
645 4222 808 4274 vocobulum
845 4225 988 4287 positum„
1024 4224 1105 4275 uNihil
1130 4227 1219 4275 numm
1241 4227 1292 4276 tom
1313 4223 1354 4273 de-
