2934 4884
494 348 614 399 amin.
650 350 728 399 cx.
1111 350 1174 416 407

259 502 358 571 Audis
380 523 446 592 quo
467 504 601 592 strepitu
624 506 736 581 ianua,
758 526 825 593 quo
847 527 961 573 nemus
1151 510 1172 573 5

260 626 345 691 Inter
366 623 500 713 pulchra
521 634 626 691 satum
647 635 731 693 tecta
753 627 911 714 remugiat

261 746 383 825 Ventis,
408 756 441 814 et
461 747 583 835 positas
606 757 641 813 ut
661 746 777 835 glaciet
797 748 888 816 nives

344 869 429 934 Puro
451 868 582 934 numine
604 868 768 955 luppiter?

258 1028 419 1113 Ingratum
440 1028 554 1093 Veneri
576 1046 661 1114 pone
684 1028 886 1115 superbiam,

260 1149 307 1215 Nc
330 1157 479 1216 currente
502 1158 588 1215 retro
610 1148 693 1215 iunis
716 1158 769 1215 eat
790 1159 870 1216 rota.
1132 1151 1173 1217 ta

161 1347 182 1395 6.
198 1347 273 1395 444444
288 1344 323 1397 cd
339 1347 367 1396 et
388 1358 456 1395 corr.
475 1344 524 1407 bS,
551 1346 614 1396 item
633 1346 770 1410 (quattuor
790 1348 880 1397 nmen
901 1346 1031 1412 exeeptis)
1054 1348 1138 1400 codd.

133 1420 247 1470 Pottiarii.
268 1421 381 1483 (lituos,
399 1416 497 1487 ΒΤ,γξι
513 1422 541 1471 44
552 1434 621 1471 corr.
633 1416 667 1481 β,
685 1419 777 1471 Bland.
796 1420 870 1483 4444.)
884 1446 913 1457 -
925 1421 949 1471 d.
962 1422 987 1472 7.
998 1422 1142 1487 rentapiat?

131 1494 204 1545 844444
224 1500 247 1546 at
268 1493 401 1546 Bentleius
421 1496 490 1545 coni.
511 1522 538 1531 -
557 1496 582 1546 8.
600 1497 673 1547 Dura
693 1495 828 1548 Bentleius
848 1498 917 1549 coni.
937 1520 965 1534 -
985 1498 1025 1547 to.
1043 1499 1095 1549 Neo
1110 1496 1138 1549 b.

134 1594 157 1605 —
172 1574 229 1621 roto
243 1571 313 1634 [4444
327 1574 370 1621 aot
383 1574 443 1621 roto
457 1564 505 1636 μξ,
524 1568 608 1621 Bentl.
628 1570 668 1635 (iit
683 1583 748 1643 nos,
765 1572 849 1622 nostri
860 1572 888 1621 et
898 1572 1015 1623 Pettierii
1025 1573 1139 1635 omnes.)

26 1754 27 1759 ¹
104 1756 149 1807 que
163 1744 272 1796 humum
294 1747 420 1810 contegit,
448 1760 518 1797 nunc
538 1745 612 1798 caelo
650 1746 741 1813 elapso
765 1748 905 1799 machinae
929 1748 1085 1811 manubrio,
1114 1753 1172 1801 rota

104 1818 160 1869 ando
184 1823 210 1870 et
233 1834 329 1873 sereno
355 1823 382 1873 in
407 1821 520 1886 glaciem
546 1836 613 1874 con·
649 1836 702 1873 una
719 1835 783 1873 oum
800 1823 862 1874 inae
878 1825 1172 1890 retroagatorripon-

103 1895 238 1945 44444444.»
276 1896 382 1947 Serenis
408 1900 499 1949 autem
527 1898 613 1947 nocti-
649 1895 735 1959 deris,
754 1896 826 1961 quod
843 1899 1184 1963 inpraeoepadesoendit;'

103 1965 145 2018 bos
159 1967 255 2031 glacies
272 1968 373 2021 facilius
384 1984 559 2022 concrescere
571 1982 614 2021 so-
649 1972 688 2023 eic
709 1972 737 2022 in
756 1975 869 2035 puteum
890 1971 974 2023 siteiia
991 1986 1077 2037 44444
1093 1972 1172 2038 plena

103 2038 217 2105 ietqnam
235 2042 371 2096 nubilosia.
383 2074 410 2085 -
428 2048 496 2097 Patro
511 2047 613 2096 4444444
648 2045 691 2096 vei
707 2043 803 2109 lapidis
819 2044 904 2098 moles
920 2047 947 2096 in
964 2046 1050 2098 solum
1063 2047 1169 2098 decidit.

101 2116 206 2181 luppiter]
229 2118 298 2169 Cum
319 2118 423 2170 caelum
443 2121 532 2185 ipsum
551 2121 613 2182 iap-
648 2122 685 2169 ita
708 2120 796 2170 omnis
815 2117 893 2169 labor
913 2118 1011 2171 trustra
1030 2122 1172 2172 insumitur

98 2192 155 2252 pita
177 2192 293 2253 dicatur,
321 2193 358 2257 (ut
383 2194 478 2255 Odi,
507 2196 535 2256 4,
562 2196 609 2245 it:
649 2194 886 2274 etsaepepondus
897 2193 1172 2257 illudquodmraum

100 2271 172 2317 444444
186 2266 232 2316 nat
248 2267 307 2317 1444
320 2268 422 2331 stipido.
450 2268 498 2318 0d.
513 2269 545 2330 i,
564 2270 610 2331 44,
648 2267 803 2329 tollebatur,
833 2269 1022 2319 comminuitur
1048 2267 1091 2319 vel
1113 2270 1171 2333 ipsa

100 2342 134 2391 it.
157 2342 240 2407 Epod.
269 2342 313 2404 43,
339 2345 387 2407 4.),
414 2344 504 2395 dicere
530 2346 611 2395 etiam
648 2343 771 2395 machina
781 2343 916 2407 frangitur.
927 2342 1101 2393 Proverbium
1113 2347 1171 2395 erat

102 2419 208 2481 poena
229 2421 520 2481 autparosuonwnina
538 2420 611 2483 (nutu
648 2418 700 2468 hoo
725 2419 900 2476 Graaoomm;
926 2416 1033 2468 Aristid
1059 2417 1168 2468 Panath.

100 2504 127 2542 ac
154 2492 285 2557 potantia)
320 2493 468 2558 conglaciei
503 2494 610 2547 nivea..
647 2504 707 2556 pag.
738 2492 795 2542 448.
824 2490 916 2541 labb.:
950 2487 1083 2543 44444944
1113 2482 1171 2559 ἤδη

100 2568 263 2631 ctieutiquam
287 2582 380 2619 manat
401 2570 428 2619 h.
446 2566 463 2619 Ι.
483 2569 612 2632 significat
649 2562 757 2626 noima,
782 2558 879 2637 ὥσπερ
904 2563 995 2619 κάλον
1020 2561 1169 2639 dardanos,

99 2640 157 2691 ioris
182 2643 327 2705 imaginem
352 2644 532 2707 formamque,
562 2643 611 2694 aad
648 2638 797 2713 ἐχώρησεν
831 2636 925 2692 ὀπίσω
951 2642 1002 2693 καὶ
1028 2640 1172 2695 διελέλυτο

100 2726 150 2765 eam
184 2717 319 2780 potentiae
358 2716 609 2779 manifestationem,
646 2711 796 2782 Ἀμαζόσιν
817 2710 837 2782 ἦ
857 2710 945 2787 ἀρχή.
980 2719 1085 2768 Lucian.
1104 2718 1170 2771 nial.

99 2801 158 2851 quaa
180 2788 247 2841 caeli
270 2792 443 2843 serenitatem
467 2792 557 2853 efficit,
585 2794 612 2841 et
649 2793 755 2843 Meretr.
774 2790 798 2841 3.
818 2794 899 2841 extr:
917 2788 959 2842 Σὺ
976 2788 1007 2842 dd
1024 2788 1099 2843 πάνυ
1116 2807 1172 2853 χα-

99 2875 157 2925 quae
182 2876 245 2915 eam
269 2865 305 2916 ob
330 2878 439 2917 sarisam
463 2867 521 2930 ipsa
542 2880 614 2929 patro
649 2862 721 2931 ianr>
738 2861 786 2917 aiat
798 2862 838 2932 τῷ
849 2859 993 2937 ἀνθρώπῳ
1008 2869 1171 2934 γεγένησαι,

98 2937 261 3001 appellatur.»
281 2941 344 2989 laur
361 2941 396 2991 ad
412 2941 482 3004 virg.
501 2944 567 2991 Aen.
586 2941 611 3003 t,
648 2940 699 2989 καὶ
716 2932 787 3027 ὅρα,
804 2936 847 3005 μὴ
864 2940 939 2990 κατὰ
949 2936 1003 3007 τὴν
1013 2946 1172 3013 adpotum

98 3010 117 3059 8.
147 3012 257 3064 Bentleii
283 3015 362 3076 diro,
392 3016 504 3078 nemini,
538 3014 612 3078 quod
649 3008 859 3084 ἀπορρήξωμεν
885 3012 961 3066 πάνυ
985 3016 1114 3068 talamona
1135 3013 1172 3068 τὸ

98 3088 184 3150 scum,
211 3088 367 3152 probatum,
393 3090 541 3141 sententiae
557 3091 612 3141 vim
649 3086 802 3139 καλώδιον.
837 3089 929 3152 Adagit
946 3092 1077 3141 sententia
1094 3093 1174 3157 igitur

97 3162 166 3224 atque
184 3162 347 3213 euidentiam
363 3164 503 3215 imminuit.
649 3164 717 3213 haec
734 3166 789 3214 ast:
809 3176 859 3213 «ne
876 3164 905 3213 et
920 3165 1006 3214 omnis
1023 3177 1105 3228 opera
1116 3180 1133 3217 a
1143 3170 1171 3217 ta

26 3276 27 3279 ,
123 3236 144 3286 9.
162 3237 609 3302 Inpratom1AgathiaaAnth.Pal.
649 3239 783 3301 insumpta
799 3238 826 3287 in
843 3235 1009 3288 ludificandis
1020 3240 1172 3293 amantibus

26 3370 28 3383 Ι
97 3310 111 3359 i.
134 3325 159 3376 p.
186 3313 249 3363 iit:
279 3307 389 3383 Κύπρις
414 3308 471 3383 γὰρ
497 3308 534 3364 τὰ
557 3312 612 3379 μὲν
649 3314 676 3364 in
701 3324 809 3363 mosum
832 3312 992 3375 suscipiatur
1017 3314 1045 3362 et
1066 3314 1172 3377 tuipsa

96 3377 159 3436 ἄλλα
175 3384 364 3454 παλὶγιοτος·
383 3382 414 3437 ἓν
430 3385 462 3439 δέ
477 3404 506 3440 τι
521 3386 612 3439 καλὸν
648 3402 749 3453 poenas
766 3387 908 3452 superbiae
923 3389 985 3437 tuae
1000 3385 1085 3437 luas.·
1108 3389 1172 3451 (Nu-

97 3454 238 3523 ’4444χ4ν,
267 3461 414 3533 dxdotpew
442 3459 494 3526 τὰς
519 3463 612 3526 σοβα-
648 3476 697 3527 per
718 3462 829 3526 quidam
851 3460 974 3526 probarit
996 3460 1083 3511 schol.
1104 3462 1169 3514 Cod.

96 3539 254 3604 pmoptang.
647 3538 679 3587 V.
713 3535 921 3599 Venderburgii:
962 3536 1073 3587 cPotest
1110 3548 1171 3587 esse

123 3612 159 3663 io.
168 3615 208 3664 Ns
216 3618 331 3663 merente
339 3612 401 3677 cet]
409 3614 554 3663 construo:
567 3627 612 3664 «44
648 3612 763 3661 uectum
780 3624 796 3661 a
812 3610 882 3661 ludis
892 3622 1053 3675 puerorum,
1073 3611 1118 3674 qui
1130 3623 1173 3661 ro·

95 3692 154 3737 raro
173 3692 292 3738 currente
312 3693 370 3738 roto
389 3688 470 3738 etiam
485 3688 553 3751 [4444
571 3692 612 3739 aot
647 3684 701 3735 tula
710 3685 828 3749 quadam
838 3684 941 3747 ludunt,
952 3684 1089 3736 manentes
1096 3684 1131 3735 ad
1140 3699 1170 3737 se

96 3764 190 3824 reiron
219 3762 255 3811 iia
277 3764 308 3812 ut
328 3767 398 3812 retro
414 3762 449 3812 ad
465 3765 610 3826 utrumque
647 3759 689 3810 vel
707 3760 817 3825 corrigia
833 3759 877 3810 vei
893 3758 951 3822 flio,
970 3758 1042 3825 quod
1054 3758 1170 3811 relaxata

96 3835 201 3887 verbum
217 3837 363 3902 pertineat:
382 3850 444 3887 nam
456 3836 611 3902 simpliciter
648 3849 728 3888 manu
746 3849 762 3885 a
778 3838 851 3886 retro
869 3836 992 3887 volvente
1009 3836 1067 3885 rota
1083 3837 1172 3885 44444-

95 3908 170 3967 dum
184 3913 238 3971 ira,
256 3923 306 3975 pro
322 3916 391 3963 rotro
407 3912 445 3962 ire
460 3912 503 3961 vix
519 3912 609 3962 dicere
647 3910 744 3960 initur.»
778 3910 831 3960 Sed
847 3910 909 3960 huic
926 3906 1093 3973 explicationi
1108 3910 1170 3957 ante

96 3986 199 4043 marat.
236 3987 305 4036 Cum
332 3984 437 4051 pondus
463 3982 610 4049 qualecun-
647 3985 736 4034 omnia
753 3983 843 4035 obstat
859 3996 887 4032 r.
901 3984 983 4046 444444,
1002 3994 1055 4045 quo
1072 3982 1100 4033 in
1119 3982 1171 4034 hoo

26 4068 28 4079 ’
97 4068 142 4118 que
157 4060 219 4110 inne
236 4072 320 4125 super
335 4062 422 4111 rotam
442 4062 504 4125 apto
523 4061 550 4110 in
570 4058 610 4109 nl-
646 4056 1170 4122 iudoetiamapudnosnotissimopueii

97 4132 294 4197 tunaaolntur,
313 4134 447 4185 interdum
459 4134 563 4195 accidit,
580 4136 611 4183 ni
647 4145 700 4183 non
716 4135 802 4197 magis
818 4133 917 4183 Horatii
940 4129 1106 4194 temporibus
1131 4134 1169 4183 uti

98 4208 167 4270 rupto
183 4210 245 4262 inne
261 4208 304 4261 rei
322 4222 356 4261 ex
373 4209 473 4274 opificis
485 4207 609 4261 manibus
645 4210 782 4271 poterant,
801 4219 882 4270 quam
898 4218 969 4256 nunc
983 4205 1112 4269 possunt.)
