2934 4884
542 400 600 449 tiu.
622 400 661 449 tv.
699 402 726 450 C.
747 400 788 449 Vl.
880 391 885 401 ’

499 921 837 985 cmvi.

251 1091 345 1168 Divo,
370 1112 468 1178 quem
490 1090 598 1178 proles
620 1090 743 1157 Niobea
765 1113 900 1179 magnae

249 1211 414 1278 Vindicem
437 1212 564 1298 linguae
587 1213 763 1299 Tityosque
784 1224 895 1299 raptor

189 1392 231 1439 Vl.
252 1392 334 1440 lusor.
354 1388 420 1453 volg.
440 1390 479 1439 Al
494 1390 644 1452 Apollinea,
664 1394 690 1440 ct
707 1392 746 1439 sic
764 1392 824 1440 bSc.
842 1420 868 1426 —
887 1391 1007 1453 Apollinis
1022 1394 1123 1444 munem
1134 1410 1176 1445 rs—

151 1465 204 1527 sert
220 1465 340 1525 moniam
352 1464 460 1513 amutal
478 1464 579 1513 Aenean
591 1469 719 1513 auctorem
730 1465 835 1528 osipinls
851 1467 978 1517 Ronsanoe
989 1468 1018 1518 B.
1034 1496 1060 1503 -
1075 1469 1132 1519 Om.
1145 1470 1173 1519 T.

153 1640 197 1689 vl.
227 1639 273 1689 Est
297 1636 377 1688 veluti
402 1639 557 1709 προοίμιον
585 1651 646 1689 car·
683 1638 741 1688 286.
759 1638 1003 1691 mulierosumst
1018 1644 1048 1692 N.
1063 1641 1119 1694 ila.
1139 1645 1208 1695 Cum

118 1714 200 1764 minis
222 1710 351 1763 secularis
370 1713 402 1775 (a.
415 1725 441 1762 u.
456 1726 479 1762 c.
493 1714 572 1776 lli),
591 1725 645 1778 quo
683 1711 780 1774 Niobe,
810 1714 979 1777 Amphionis,
1007 1717 1077 1779 regis
1102 1718 1209 1769 Theba-

117 1785 249 1853 Apoilinis
272 1799 369 1851 pacem
393 1800 426 1836 ac
450 1786 585 1847 levorem,
612 1798 645 1836 ex
683 1798 757 1848 rum,
776 1800 856 1847 uror,
877 1789 921 1839 cui
938 1792 1045 1853 septem
1061 1788 1130 1842 filios
1146 1794 1209 1843 totl-

117 1864 213 1910 vetere
226 1860 389 1924 hymnorum
399 1860 591 1911 consuetudine
600 1859 646 1909 ad·
682 1859 801 1923 demque
825 1860 890 1912 iilius
912 1866 1069 1926 pepererat,
1096 1877 1127 1916 se
1143 1878 1209 1929 pro-

117 1934 250 1985 mirandis
262 1936 320 1985 eius
336 1934 412 1985 iactis
424 1933 579 1995 celebratis,
597 1935 646 1984 im·
682 1934 791 1998 lemque
812 1948 889 1986 suam
912 1938 1028 1987 latonae
1047 1940 1160 2003 eiusque
1176 1940 1209 1993 li-

118 2008 221 2074 plorat‚
241 2010 271 2058 ut
287 2010 314 2057 et
331 2008 387 2073 ipse
405 2010 484 2071 poeta
502 2010 529 2057 et
545 2021 645 2072 puero·
682 2009 756 2059 beris
773 2008 978 2061 antetulissetet
994 2012 1130 2063 matronas
1141 2015 1210 2065 Tha·

116 2096 180 2133 rum
201 2082 388 2146 virginumque
411 2082 485 2131 chori
504 2094 566 2132 mox
583 2095 645 2133 mu·
681 2082 768 2133 banaa
785 2082 819 2132 ab
836 2082 904 2132 illius
922 2083 988 2133 deae
1007 2085 1078 2136 culta
1101 2086 1208 2139 abster-

117 2170 186 2207 nere
203 2169 253 2209 suo
270 2158 319 2207 rite
337 2157 408 2219 iungi
425 2156 538 2221 possint,
567 2159 646 2207 Prae·
681 2157 791 2216 ruisset,
810 2155 902 2220 Apollo
919 2160 948 2206 et
958 2158 1041 2207 Diam
1052 2161 1208 2213 matrisira-

117 2234 198 2295 cipue
216 2234 306 2281 autem
327 2231 484 2281 immoratur
501 2232 527 2280 in
545 2230 644 2282 Achille
682 2232 724 2279 tac
746 2231 820 2279 iussu
841 2229 967 2280 Niobidas
989 2244 1083 2283 omues
1105 2236 1207 2297 sagittis

116 2322 131 2355 e
154 2305 207 2355 deo
230 2304 380 2365 interiecto,
406 2308 549 2369 propterea
571 2304 644 2369 quod
682 2303 857 2354 confixerunt.
883 2302 956 2353 iliad.
980 2320 1018 2366 ω,
1043 2305 1100 2355 602.
1130 2308 1204 2359 Ovid.

115 2380 195 2429 Troia
213 2378 249 2428 oh
271 2376 338 2429 illius
360 2380 495 2429 interitum
513 2392 566 2430 non
583 2379 645 2429 luu-
682 2378 784 2437 ueto,
803 2378 860 2427 aaa.
887 2400 914 2413 ·-
944 2380 1205 2448 insanae-linquas]

116 2452 284 2503 ditusdeleta
292 2456 435 2516 Aeaeaque
447 2456 553 2505 servato
566 2452 644 2503 condi
683 2450 857 2501 «immodicae
875 2452 1043 2511 iactantiae»;
1062 2455 1133 2504 unde
1149 2456 1207 2507 Cal·

117 2529 205 2591 poluit
233 2527 299 2579 Urbs
325 2532 443 2578 aemma.
482 2527 583 2579 Deinde
610 2527 644 2577 ed
681 2526 796 2577 limacho
815 2528 846 2577 Η.
859 2526 916 2578 Del.
930 2528 971 2578 96.
984 2530 1026 2579 est
1041 2527 1207 2597 κακόγλωσ-

116 2603 216 2653 choros
234 2616 263 2653 se
285 2606 444 2652 convertens
466 2603 545 2652 etiam
563 2604 643 2665 atque
681 2616 748 2664 σος,
775 2600 958 2652 Theodoridae
979 2602 1081 2654 Authoi.
1101 2605 1154 2656 Pal.
1172 2608 1204 2657 ll.

116 2678 199 2727 etiam
212 2690 259 2726 eos
272 2677 437 2735 exhortatur,
454 2678 495 2737 ut,
514 2679 643 2740 quantum
681 2690 707 2740 p.
722 2677 779 2726 666,
801 2670 1038 2747 ἀθυρόγλωσσος.
1054 2678 1129 2729 ovid.
1143 2682 1204 2733 llet.

116 2752 142 2801 in
168 2750 233 2813 ipsis
254 2751 301 2809 sit,
328 2748 416 2800 cilicio
439 2750 562 2814 imposito
580 2752 644 2802 satis
681 2751 708 2811 6,
733 2752 791 2801 tao.
810 2751 844 2801 de
864 2751 961 2803 Nioba:
990 2754 1042 2802 Nec
1057 2758 1142 2804 maen
1157 2756 1206 2805 arl-

115 2824 229 2883 iaciant,
254 2826 330 2873 cuius
346 2826 421 2874 reeta
438 2823 566 2887 persoluti
584 2838 644 2875 ma·
679 2827 779 2875 monito
789 2831 826 2875 est
837 2840 923 2888 poena
935 2828 1069 2889 popularis
1080 2828 1206 2879 Arnclsaes

115 2898 202 2949 anona
226 2896 367 2960 aliquando
390 2899 540 2960 gratissima
561 2899 592 2948 iis
609 2900 644 2949 sit
681 2899 772 2950 cedem
795 2900 923 2951 cedicius
946 2902 1075 2963 calmae
1098 2905 1206 2954 minori-

116 2973 214 3022 iutura.
236 2972 411 3043 «Προοίμιον
428 2972 480 3021 hoc
497 2974 586 3023 ortum
602 2975 644 3023 est
680 2972 725 3022 bus
740 2975 786 3022 asti.
807 2974 878 3037 Virg.
897 2976 962 3025 Aen.
982 2977 1027 3035 40,
1045 2976 1109 3027 tit:
1127 2979 1207 3027 Dica-

115 3061 148 3095 ex
171 3047 239 3096 iusta
262 3046 378 3109 quadam
401 3046 527 3109 superbia
550 3048 577 3095 et
602 3048 642 3097 sui
679 3052 722 3096 rat
739 3046 780 3096 ille
794 3047 891 3107 duola
904 3060 1034 3111 mappam.
1064 3051 1107 3100 Sic
1123 3052 1204 3101 etiam

115 3121 229 3181 liducie,
248 3134 301 3183 qua
319 3123 397 3184 poeta
415 3118 591 3179 efferebatur,
610 3134 642 3170 ex
680 3121 782 3169 Graeci.
814 3120 932 3181 Theogn.
968 3123 1033 3172 iae:
1067 3120 1204 3187 Μήποτε,

114 3209 169 3259 quo
192 3198 314 3259 tempore
335 3195 460 3244 virtutem
482 3206 559 3245 suam
575 3199 643 3257 po'e-
680 3190 777 3264 Kipv',
790 3185 1036 3261 ἀγορᾶσθαιῗπος
1046 3198 1131 3261 μέγα.
1158 3200 1206 3247 So-

115 3272 197 3319 ticsm
220 3272 247 3317 et
263 3272 349 3318 artem
367 3281 429 3319 cum
447 3280 462 3317 a
480 3268 642 3331 primoribus
679 3266 768 3332 phoci.
792 3268 876 3328 Antip.
898 3269 961 3317 tet:
988 3262 1059 3330 Ζεὺς
1080 3265 1136 3339 γὰρ
1150 3286 1204 3334 με-

113 3344 192 3403 viris,
210 3345 268 3391 tum
279 3340 313 3391 ab
325 3343 382 3406 ipso
393 3343 510 3404 Augusto
523 3343 557 3391 ite
570 3355 643 3392 com·
678 3338 769 3407 μάλης
797 3337 932 3407 γλώσσης
954 3338 1087 3405 κόμπους
1107 3339 1204 3415 ’Τπερ-

114 3416 259 3481 prohatam
276 3429 336 3467 esse
361 3414 537 3477 intellexerat,
564 3418 593 3465 ut
610 3430 642 3465 ex
679 3416 817 3486 εχθολοει.
851 3414 918 3465 ibid.
932 3416 992 3466 4364
1007 3431 1013 3463 :
1031 3414 1156 3483 μεγάλοι
1171 3417 1203 3469 ot

112 3502 263 3555 permagno
288 3492 429 3553 poetarum
456 3488 522 3539 iliius
547 3491 641 3539 aetatis
679 3487 762 3556 λόγοι
772 3485 904 3556 Μεγάλαις
916 3484 1027 3555 πληγὰς
1043 3488 1100 3540 τῶν
1117 3486 1203 3563 ὑπορ-

113 3578 196 3627 grege
215 3562 287 3613 solus
304 3562 450 3614 haberetur
466 3563 573 3625 dignus,
596 3565 641 3626 qui
679 3561 779 3624 αύχων
789 3561 990 3626 Ἀποτίσαντες.
1004 3591 1030 3601 -
1046 3565 1134 3629 Titpoa]
1148 3566 1201 3617 Cir.

112 3642 139 3689 in
152 3638 276 3690 sollemni
287 3636 411 3687 ludorum
423 3637 584 3688 secularium
596 3651 643 3687 ce·
679 3639 726 3689 Od.
749 3639 779 3700 3,
801 3637 830 3698 l,
852 3639 893 3688 77.
923 3638 997 3688 Pind.
1011 3640 1088 3701 Pyth.
1101 3639 1132 3700 l,
1151 3640 1201 3690 90:

112 3713 263 3764 lebratione
289 3712 421 3774 hymnum
447 3714 471 3761 in
493 3711 641 3776 Apollinem
677 3712 728 3763 καὶ
743 3709 803 3778 μὰν
820 3707 924 3763 Τιτυὸν
941 3710 1027 3775 βέλος
1042 3706 1202 3783 Ἀρτέμιδος

113 3792 140 3837 et
163 3787 275 3837 Dianam
301 3788 500 3849 componeret.»
530 3787 637 3837 anne.
676 3784 804 3859 θήρευσε
813 3783 961 3857 κραιπνόν.
986 3786 1026 3837 Ab
1038 3784 1157 3850 Apolline
1174 3790 1203 3837 et

113 3862 283 3925 Quapropter
300 3860 343 3909 hic
355 3872 463 3923 quoque
476 3860 529 3910 duo
540 3858 582 3909 illa
593 3874 640 3910 nu·
677 3864 759 3913 Diana
776 3862 877 3924 sagittis
894 3861 1029 3911 confixum
1046 3873 1110 3910 eum
1120 3860 1201 3911 tradit

112 3937 186 3985 mine
204 3947 270 3998 prae
287 3935 383 3985 ceteris
400 3933 527 3983 celebrat.
677 3937 819 3985 Pausanias
830 3935 906 3995 3,48,
920 3936 944 3984 9.
963 3937 991 3985 et
1002 3934 1200 3997 exPlserecyda

146 4011 172 4058 4.
190 4010 215 4057 2.
242 4008 319 4071 Dios]
336 4010 399 4058 Post
414 4007 520 4071 longam
541 4020 638 4072 paren·
676 4008 765 4059 schol.
783 4008 858 4058 Pind.
876 4007 893 4057 l.
912 4007 929 4057 l.
950 4035 979 4045 -
1004 4008 1104 4072 ruptor]
1121 4010 1200 4059 Lato·

113 4082 201 4133 thesin
219 4082 349 4146 repetitur
359 4081 483 4132 allocutio
495 4096 521 4131 v.
534 4084 575 4132 25.
587 4084 639 4133 Do-
676 4095 726 4132 nae
738 4097 744 4141 ;
757 4086 865 4133 auctore
874 4095 939 4131 vero
947 4081 1116 4145 Euphorione
1128 4082 1200 4147 apud

112 4164 177 4205 otor.
190 4184 216 4191 -
228 4156 312 4218 proles
323 4156 426 4220 Niobea]
445 4158 483 4207 De
492 4156 576 4207 Nioba
589 4156 635 4207 cir.
675 4156 763 4207 schol.
782 4155 865 4219 Apoll.
884 4156 932 4205 Rh.
946 4158 974 4215 l,
996 4156 1068 4217 464,
1086 4156 1196 4208 Dianae.

114 4232 244 4294 imprimis
259 4230 387 4280 Welcker
399 4244 438 4293 pr.
458 4232 597 4293 Trapcfflm
608 4244 634 4293 p¹
675 4232 772 4292 Raptor
787 4232 893 4290 summ,
920 4230 966 4292 qui
990 4231 1014 4279 ei
1035 4230 1090 4279 vim
1106 4229 1197 4280 iacere
