2934 4884
487 370 546 421 ΗΒ.
565 370 606 419 lV.
643 370 671 420 C.
690 370 744 420 XV.

467 864 702 929 cm
730 866 823 928 XV·

270 1033 421 1100 Phoebus
442 1033 604 1101 volentem
627 1034 753 1121 proelia
774 1056 827 1101 me
849 1006 938 1122 locui

269 1156 374 1221 Victas
396 1165 429 1221 et
450 1155 548 1222 nrbes
571 1155 730 1243 increpuit
757 1155 842 1247 lyra,

312 1278 359 1343 Ne
381 1296 481 1363 parva
503 1275 704 1365 Tyrrhenum
726 1298 786 1364 per
807 1296 933 1363 aequor

354 1396 430 1463 Vela
452 1395 573 1464 darem.
619 1399 700 1475 Tua,
725 1399 861 1474 Caesar,
885 1406 974 1463 aetas

161 1557 218 1608 XV.
238 1557 320 1607 lusor.
339 1555 407 1618 volg.
426 1556 531 1620 depilati
548 1556 642 1607 lauder.
671 1582 700 1593 -
729 1557 768 1607 Ad
784 1558 870 1609 divum
885 1556 1024 1620 Auamma
1039 1556 1101 1607 bSc.
1123 1584 1149 1595 -

129 1632 461 1756 ffl.1l⁸.-2.increpoit,
483 1631 554 1693 lgro,
575 1632 613 1681 Ne
623 1630 741 1682 distinxit
751 1632 913 1683 Torrentius.
936 1658 961 1667 -
985 1631 1010 1683 l.
1033 1632 1153 1682 doraum

120 1818 183 1893 dlv.
212 1844 341 1903 Quartum
359 1843 508 1894 carminum
524 1842 623 1893 librum
660 1844 732 1894 mine
754 1842 918 1895 celebrare».
948 1844 1072 1895 similiter
1092 1842 1185 1909 Apollo

96 1930 159 1967 cum
178 1916 298 1967 editurae
316 1920 402 1977 esset,
424 1929 509 1981 propa
526 1928 623 1967 necea·
661 1918 780 1968 deterret
801 1918 836 1967 ab
859 1920 966 1982 incepto
987 1920 1066 1967 nimis
1086 1918 1185 1969 difficili

96 1993 198 2041 sartum
216 1994 288 2053 erat,
313 1994 341 2041 ut
357 1994 419 2055 post
438 1992 519 2043 Drusi
536 1993 564 2041 et
580 1992 623 2041 rt·
659 1990 797 2053 Virgilium
813 1990 868 2042 Ecl.
887 1993 917 2054 6,
935 1993 963 2042 ³:
991 1994 1054 2042 &mr
1069 2002 1186 2043 comm
1276 1988 1280 1994 ’

95 2065 163 2114 ber-ii
196 2063 290 2115 laudea
323 2065 442 2129 epilogus
473 2066 623 2114 contineret
659 2078 729 2129 repes
757 2070 781 2115 et
804 2066 918 2127 modio,
949 2066 1069 2126 Cantilius
1095 2079 1186 2115 aaran

94 2139 192 2189 laudea
209 2139 318 2201 Augusti
335 2142 473 2203 tamquam
489 2139 564 2203 pacis
580 2139 622 2187 at-
662 2140 731 2189 Vellit
741 2143 765 2189 et
775 2140 918 2198 admocum
936 2140 1001 2188 item
1016 2141 1185 2203 Propertium

95 2226 148 2276 que
173 2214 220 2262 otii
244 2211 342 2277 publici
369 2214 500 2275 auctoris,
529 2214 621 2277 utpote
659 2214 689 2273 3,
708 2214 739 2273 3,
759 2213 809 2273 43.;
829 2214 983 2265 exhortatur
994 2214 1028 2263 ad
1045 2213 1186 2278 perdolen-

98 2301 153 2351 qno
166 2288 206 2337 rei
219 2286 342 2351 publicae
353 2289 486 2352 principe,
507 2287 623 2338 coercita
660 2288 724 2337 dum
742 2300 810 2351 opus
828 2287 949 2338 Ovidium
966 2290 996 2338 A.
1014 2288 1045 2337 A.
1064 2288 1094 2350 2,
1118 2287 1182 2338 493:

97 2362 209 2413 undem
219 2374 327 2413 morum
340 2362 519 2425 corruptione,
533 2362 622 2411 denuo
657 2363 725 2413 Haec
742 2375 787 2426 epo
802 2375 860 2411 cum
876 2376 1004 2423 mean,
1031 2362 1110 2412 subito
1125 2375 1184 2411 ηια-

98 2436 303 2486 efflorescerent
320 2436 407 2487 bonae
425 2438 497 2487 artes
517 2448 624 2485 omnes·
657 2436 761 2499 oisemo
775 2434 862 2497 Apollo
878 2437 957 2486 licuit
973 2437 1111 2485 inauratae
1128 2437 1185 2498 pol-

96 2522 149 2573 que
160 2511 274 2560 Romani
290 2510 360 2560 vitae
377 2509 533 2574 tranquillae
546 2522 622 2559 com·
658 2510 703 2560 lice
717 2511 764 2573 filo
780 2510 866 2571 meae:
882 2536 898 2547 -
912 2535 927 2545 -
943 2511 967 2559 la
982 2510 1057 2570 mibi,
1073 2511 1182 2572 bombi,

94 2584 183 2634 modis
203 2582 283 2647 plena
306 2596 368 2633 cum
390 2585 533 2634 securitate
556 2596 622 2646 gau·
658 2585 737 2645 dicit,
758 2588 909 2646 praeceptor
924 2585 1033 2643 corone,
1059 2585 1117 2633 Duc
1135 2597 1184 2647 ope

95 2656 202 2707 derant.
226 2659 350 2708 Massono
363 2660 472 2707 auctore
484 2655 620 2721 plerisque
658 2659 791 2721 ducipalcr
814 2660 848 2707 od
871 2670 929 2707 meo
951 2658 1044 2719 ternplo
1068 2662 1131 2707 taos.
1153 2683 1180 2694 -

94 2732 145 2781 boc
169 2743 280 2781 carmen
299 2744 323 2781 a.
342 2744 369 2780 u.
389 2744 412 2781 c.
431 2729 488 2781 ill,
508 2743 621 2793 compo·
653 2747 792 2795 pataron
805 2732 871 2797 Volo]
890 2734 1026 2795 Frequens
1037 2733 1184 2795 navigatio-

94 2804 176 2854 situm
193 2803 343 2866 videbatur,
362 2804 412 2855 sed
429 2804 530 2854 franke
543 2803 577 2853 ad
594 2816 618 2853 a.
657 2808 698 2858 nis
722 2819 785 2862 cum
806 2806 891 2857 libero
913 2808 1034 2870 poeticae
1052 2804 1183 2855 facultatis
1248 2816 1253 2826 ¹

93 2879 185 2942 potius
207 2877 264 2929 lli.
287 2878 349 2942 post
370 2878 488 2927 reditum
509 2878 620 2939 Augusti
658 2882 733 2943 quasi
751 2893 832 2931 cursu
849 2881 1022 2945 comparatio.
1050 2879 1120 2941 virg.
1134 2880 1181 2929 Ge.

93 2951 268 3003 referendum
278 2964 339 3002 esse
353 2951 561 3015 demonstravit,
580 2963 621 2999 ra·
657 2956 685 3013 2,
704 2952 732 3003 tt
745 2968 751 3002 ε
765 2954 906 3016 pclapopaoe
920 2956 1009 3004 colom
1019 2954 1054 3003 do
1067 2954 1125 3003 oeta
1131 2966 1185 3015 po·

92 3026 211 3077 tionibus
223 3026 314 3089 utique
327 3025 474 3075 admodum
490 3023 621 3089 probabi·
657 3027 724 3075 tenti.
744 3027 819 3076 Ovid.
838 3028 915 3075 Trist.
933 3029 962 3087 2,
981 3028 1042 3076 328:
1060 3027 1118 3077 Non
1129 3027 1184 3076 ideo

92 3099 163 3151 libus
173 3110 253 3160 usus,
267 3099 317 3149 nisi
330 3098 401 3163 quod
414 3112 441 3163 p.
458 3098 515 3149 229.
529 3097 621 3149 subdi·
656 3099 725 3149 debet
738 3100 830 3163 pelope
841 3113 866 3149 re
875 3102 985 3161 eadee,
1003 3102 1025 3148 a·
1042 3114 1095 3162 qao
1105 3100 1185 3150 Audet

92 3176 153 3225 tiela
167 3174 339 3238 inscriptione
351 3173 510 3223 Emeritensi
525 3186 554 3223 se
575 3173 621 3224 de·
656 3175 683 3223 tn
699 3175 792 3237 actpao
808 3174 894 3222 ludere
914 3174 1004 3234 wando
1025 3174 1092 3223 loca
1121 3174 1183 3223 Sine

92 3250 143 3313 cipi
155 3260 254 3313 passure
263 3249 312 3299 est.
327 3247 375 3310 (Ad
384 3260 408 3296 a.
418 3259 445 3295 u.
456 3245 525 3309 tlt,
538 3246 621 3296 Hora·
657 3248 787 3309 imagine:
808 3246 935 3307 «monuit,
948 3260 983 3297 ue
995 3246 1126 3296 auderem
1136 3258 1183 3297 res

91 3324 120 3372 tii
130 3320 269 3383 ultimum,
283 3324 343 3385 post
354 3321 447 3370 lanum
459 3319 537 3369 tertio
550 3319 621 3370 clau·
657 3333 766 3383 gravem
784 3332 876 3369 meum
893 3320 1029 3381 ingenium
1047 3318 1183 3368 exceden-

92 3408 163 3456 sum,
177 3394 260 3446 reiert
272 3394 369 3445 Grotei.
382 3392 619 3455 sedvideatne.)
656 3398 711 3455 tes,
742 3406 838 3443 canera
865 3394 956 3455 itaque
982 3394 1080 3455 dopna
1103 3392 1184 3442 modis

124 3468 182 3519 i-l.
192 3468 300 3532 proelm]
312 3468 422 3531 Augusti
435 3466 619 3531 expeditiones
657 3472 761 3518 terram
773 3466 871 3529 ponito.
893 3466 954 3529 (Od.
973 3466 1001 3527 3,
1026 3465 1057 3526 3,
1080 3465 1132 3528 72.)
1152 3493 1180 3502 -

92 3542 235 3603 militares3
249 3555 316 3607 quas
328 3554 391 3591 cum
402 3538 540 3591 celebrare
553 3554 621 3590 nun-
659 3544 725 3604 Tua,
752 3542 860 3603 Odeson
884 3539 963 3604 actm]
988 3541 1087 3603 Aperta
1113 3539 1183 3590 adu-

91 3630 175 3681 quam
197 3618 317 3667 animum
332 3615 481 3666 induxisset
495 3615 551 3677 [cir.
565 3615 618 3665 iam
655 3616 753 3666 latione
775 3616 857 3665 vitata
880 3614 990 3676 Augusti
1013 3612 1094 3663 aetati
1109 3611 1184 3662 velut

91 3691 187 3753 Odi,
216 3692 268 3755 6.),
295 3690 432 3753 ingeniose
456 3690 485 3739 b.
508 3687 524 3740 l.
544 3688 619 3752 fingit
657 3703 755 3741 aureae
766 3688 870 3750 tribuit,
889 3700 959 3751 quae
974 3687 1082 3751 proprie
1099 3686 1182 3749 ipsius

90 3766 143 3817 boc
164 3764 216 3815 sibi
236 3764 271 3814 ab
288 3762 407 3829 Apolline
429 3764 489 3828 ipsc
506 3763 618 3813 interdi-
657 3767 742 3815 erant.
769 3764 836 3827 (Non
847 3764 890 3812 est
900 3764 990 3811 autem
1001 3760 1044 3811 hic
1056 3757 1182 3823 Apollinis

90 3842 165 3890 ctum
182 3852 252 3890 osse.
274 3866 302 3874 -
320 3839 444 3900 increpuit
460 3838 526 3901 ipro]
546 3836 618 3900 «lyra
656 3840 764 3900 cantus,
777 3840 808 3887 ut
820 3849 953 3887 nonnemo
964 3847 1050 3898 nuper
1059 3834 1182 3898 opinatus

89 3913 193 3979 plectro
218 3912 289 3963 tacta
314 3913 365 3962 hoc
382 3926 416 3961 ne
434 3912 552 3962 laceram
568 3924 618 3961 ve·
656 3913 709 3973 eat,
728 3911 778 3963 sed
796 3910 895 3962 lloratii
910 3910 1008 3973 ipsius,
1035 3911 1062 3958 et
1076 3908 1183 3957 sentem

90 3990 165 4038 tuit.»
183 3985 241 4038 Noli
258 3988 369 4049 iungere
381 3986 450 4048 aaut
463 3987 535 4047 lgro3
553 3996 617 4035 nam
655 3986 707 4037 tiae
724 3986 763 4036 sic
780 3998 810 4035 se
828 3983 973 4047 excipiunt:
993 3982 1078 4032 «Cum
1089 3978 1182 4044 Apollo

89 4076 114 4112 v.
133 4062 260 4124 mapali
275 4062 388 4125 requirit
398 4059 544 4121 ἐπίθετον,
562 4073 617 4123 quo
655 4072 699 4109 me
716 4057 818 4123 proelia
834 4057 923 4107 dicere
940 4055 1067 4116 vetuerit,
1086 4066 1182 4104 canam

90 4139 145 4186 tota
161 4137 250 4199 imago
267 4134 313 4185 flat
328 4137 446 4199 poetica:
469 4136 562 4185 contra
579 4134 617 4183 to·
656 4134 739 4183 otium
753 4144 785 4182 ac
797 4130 949 4182 felicitatem
962 4128 1110 4194 publicam,
1129 4141 1181 4193 qua

90 4211 134 4272 pra
150 4213 179 4260 et
195 4210 277 4261 diem
293 4222 342 4273 per
359 4222 389 4260 se
400 4208 532 4273 significat
544 4221 617 4259 «car
656 4206 707 4257 sub
724 4208 844 4269 Augusto
861 4217 933 4255 nunc
951 4204 1099 4265 boimunt}
