2934 4884
526 316 586 367 itu.
612 318 629 365 l.
665 314 822 367 cantv.
872 332 879 345 ·

448 692 902 755 cmm·

302 864 423 927 Parcus
447 860 583 926 deorum
605 861 708 927 cultor
729 872 762 927 et
785 862 982 949 infrequens,

303 982 495 1047 lnsanientis
516 981 594 1046 dum
616 983 793 1069 sapientiae

345 1101 518 1167 Consultus
541 1124 632 1176 erro,
656 1123 742 1169 nunc
764 1114 941 1169 retrorsum

386 1222 463 1288 Vela
485 1222 564 1287 dare
587 1232 685 1308 atque
708 1224 825 1289 iterare
847 1244 963 1289 cursus

191 1404 304 1452 miv.
342 1403 424 1451 inser.
447 1399 516 1463 vulg.
540 1400 579 1449 dd
600 1414 626 1449 se
647 1402 738 1462 pum.
766 1428 793 1437 ·-
811 1402 850 1451 Ad
868 1402 1005 1451 Fortunam
1021 1406 1043 1451 et
1060 1416 1085 1451 ae
1102 1404 1183 1465 iprum

158 1480 206 1526 ST.
233 1477 318 1537 (idem
336 1478 356 1525 Τ
373 1478 399 1525 ιιι
421 1478 553 1538 margine:
580 1474 634 1524 llaa
656 1478 701 1524 ode
716 1476 842 1539 sipriiiicat
857 1488 883 1524 se
895 1475 1076 1536 paenitentiam
1092 1489 1181 1539 aqrrr,

157 1554 225 1613 quad
240 1553 387 1613 epiaiream
402 1556 495 1600 sectare
511 1554 607 1599 amam
622 1550 777 1613 iretipiom
793 1550 935 1611 sustituit.)

156 1709 269 1757 miv.
295 1706 405 1757 Fulmen
425 1722 476 1771 per
492 1708 590 1758 sudum
607 1708 655 1759 de·
690 1710 840 1772 infrequens]
867 1710 931 1771 aqui
953 1720 1014 1757 raro
1034 1709 1147 1757 deorum
1163 1705 1214 1756 de-

124 1784 239 1832 missum
265 1782 419 1844 religiosum
443 1782 494 1831 eibi
522 1786 653 1834 terrorem
690 1781 766 1832 luhra
791 1782 875 1832 adit.»
910 1784 937 1831 ln
962 1779 1134 1832 formularum
1155 1794 1214 1833 ser-

125 1858 270 1906 incussisse
293 1856 369 1916 dicit,
391 1857 426 1905 ita
451 1859 480 1905 ut
496 1858 601 1920 Epicuri
617 1857 651 1906 de
689 1868 769 1906 mone
788 1858 865 1905 Festo
882 1857 950 1905 teste
968 1856 1110 1919 infrequens
1120 1854 1214 1919 appel-

124 1930 173 1979 diis
194 1932 374 1991 seutentiam,
401 1930 464 1979 alim
485 1930 535 1981 sihi
553 1930 652 1995 proba·
689 1928 795 1979 labatur
812 1928 901 1987 miles,
923 1930 982 1991 aqui
1000 1928 1077 1978 abest
1088 1928 1212 1978 aluitvea

124 2008 177 2053 tam
196 2006 231 2065 (r.
251 2005 348 2064 Sati,
367 2006 395 2061 5,
419 2006 480 2053 tot:
504 2006 652 2053 deasdidiei
688 2005 795 2065 signis.»
832 2002 884 2051 Sed
902 2004 969 2051 haec
987 2002 1156 2065 significatio,
1183 2005 1213 2051 ut

123 2091 239 2127 mnan
255 2092 334 2141 apere
349 2078 471 2140 aarum),
490 2092 544 2129 nou
560 2081 651 2129 umen
687 2081 761 2126 recte
778 2076 843 2126 vidit
860 2076 984 2139 Lessing,
1003 2074 1066 2125 nihil
1083 2075 1118 2123 ed
1131 2076 1213 2125 liora-

124 2165 234 2201 omnem
253 2153 360 2215 Epicuri
376 2152 526 2201 doctrinam
539 2166 564 2200 v.
578 2166 601 2203 ο,
615 2153 649 2203 de
687 2154 754 2201 tium
772 2151 872 2200 attinet.

124 2221 215 2295 ἡδονῇ
234 2228 287 2275 οοῑ.
306 2228 456 2275 reiecturus
472 2227 514 2275 sit.
550 2226 650 2277 Nullius
719 2228 744 2274 2.
781 2222 1114 2285 insanientis-sapientiae]
1133 2222 1210 2285 Apud

123 2300 229 2349 iurahat
239 2302 268 2349 in
279 2300 363 2349 verba
375 2302 500 2362 magistri.
518 2302 649 2350 Graecum
687 2300 791 2349 Lucret.
819 2301 848 2357 5,
877 2299 916 2347 to.
961 2296 1065 2361 Epicuri
1091 2296 1210 2345 doctrina

126 2375 232 2438 aliquod
263 2372 401 2443 exemplar
431 2378 540 2438 poetam
569 2388 650 2425 secu·
685 2376 748 2422 κατ’
760 2368 867 2437 ἐξοχὴν
880 2371 1138 2433 sapientiavocatur;
1157 2371 1209 2419 iam

122 2452 177 2498 tum
195 2461 259 2498 esse
277 2448 402 2510 equidem
426 2462 479 2498 non
497 2452 577 2512 puto‚‘
599 2449 649 2499 aed
685 2448 763 2497 huius
789 2448 993 2511 perversitatem
1015 2444 1210 2507 significaturus

122 2535 213 2571 reram
246 2523 329 2571 animi
361 2524 570 2573 commotionem
599 2537 650 2586 per
684 2524 847 2571 insanientem
873 2519 1002 2585 appellat,
1030 2521 1060 2568 ut
1083 2516 1206 2579 Aeschyl.

120 2593 303 2660 φαινόμενον
320 2596 384 2647 illud
401 2600 544 2647 excitatam
562 2596 596 2647 ab
615 2612 648 2646 eo
684 2599 772 2648 Proin.
792 2596 847 2645 5l5.
868 2598 895 2645 et
916 2594 1005 2657 Eurip.
1028 2592 1110 2657 lphig.
1130 2592 1207 2641 Taur.

121 2684 278 2735 expressam
294 2684 365 2721 esse.
386 2672 517 2722 Nimirum
528 2673 571 2721 hic
583 2686 649 2735 quo-
684 2672 746 2721 ooo:
766 2664 872 2741 ἄχαριν
889 2664 983 2740 χάριν.
998 2668 1063 2718 lhid.
1077 2668 1140 2717 832:
1160 2662 1211 2714 dai-

120 2759 172 2808 que
197 2748 309 2809 poetam
334 2746 400 2807 egit3
428 2746 564 2808 quomodo
589 2747 648 2795 ani·
683 2748 745 2815 upe'
769 2740 908 2815 ἀᾶάκρυα.
945 2744 1026 2807 Soph.
1049 2742 1120 2792 hiae.
1143 2741 1205 2790 665:

121 2822 207 2869 matus
224 2819 306 2867 inerit
326 2818 370 2867 illo
390 2819 529 2869 dumtaxat
547 2823 647 2883 puncto
683 2818 796 2891 ἐχθρῶν
808 2815 907 2891 ἄδωρα
918 2813 1004 2889 δῶρα.
1024 2818 1131 2879 Gregor.
1143 2816 1205 2864 Nea.

120 2894 262 2956 temporis,
281 2906 335 2955 quo
352 2893 405 2942 hoe
421 2892 537 2944 fulminis
554 2898 647 2944 osteu-
683 2898 781 2946 invect.
808 2908 848 2959 pr.
877 2896 903 2944 in
929 2892 1020 2943 luliau.
1048 2892 1095 2941 Ed.
1123 2890 1205 2940 Paris.

119 2970 174 3017 tum
191 2967 306 3027 accidit,
333 2967 411 3018 nohis
434 2968 556 3032 exponit;
582 2981 646 3018 nam
683 2970 756 3019 4778.
778 2982 804 3031 p.
829 2969 873 3018 79:
900 2962 1030 3029 ἄσοφος,
1058 2964 1091 3015 ἵν’
1114 2957 1208 3025 οὕτως

120 3041 313 3104 «malasiam
332 3042 391 3103 ndei
411 3042 439 3089 in
454 3042 542 3091 malim
559 3047 646 3091 anda-
683 3038 838 3107 ὀνομάσω,
865 3044 966 3104 σοφία.
997 3042 1050 3091 Cic.
1077 3040 1110 3089 de
1133 3040 1204 3089 Orat.

120 3118 186 3173 taen,
205 3117 237 3163 ut
254 3114 404 3164 Christiano
421 3114 503 3165 modo
520 3116 572 3165 hoc
589 3129 647 3165 car
682 3119 706 3178 3,
723 3118 766 3167 58:
784 3118 906 3178 innuptae
921 3118 1031 3177 nuptiae.
1050 3113 1160 3176 Philipp.
1181 3113 1204 3171 4,

121 3201 179 3237 ιιιοιι
205 3188 343 3249 inscripsit
366 3189 499 3252 interpres
525 3190 643 3252 quidam,
681 3194 744 3254 ab:
763 3190 1035 3253 insepultasepnitura.
1054 3188 1128 3238 ovid.
1143 3189 1204 3237 hiet.

120 3275 166 3311 uos
185 3263 231 3311 hic
256 3275 310 3310 non
334 3264 511 3324 agnoscimus.
551 3266 645 3328 Neque
681 3269 715 3325 2,
743 3266 808 3315 eit:
837 3266 978 3325 latratuque
1007 3264 1074 3313 iusta
1097 3262 1203 3323 perepit.

119 3348 180 3385 rem
202 3337 286 3385 nimis
308 3339 447 3399 precariae
470 3350 565 3388 comm
585 3340 645 3402 opi·
681 3341 773 3389 Boiilh.
795 3340 874 3388 Cone.
893 3339 940 3387 Ph.
960 3340 989 3395 2,
1008 3336 1036 3387 l:
1061 3334 1206 3384 mortalitati

120 3409 186 3458 uioni
202 3410 374 3469 accedimus,
399 3412 445 3474 qui
461 3411 561 3461 fulmen
581 3411 645 3462 illud
680 3427 768 3463 ranan
783 3414 877 3461 misera
899 3412 1031 3460 beatitudo
1068 3409 1205 3459 Contraria

120 3482 228 3544 figurate
252 3484 287 3532 de
304 3485 445 3546 repentine
462 3484 583 3535 iortunae
604 3488 644 3536 vi·
680 3488 782 3537 ratione
806 3486 894 3549 Eurip.
919 3484 1015 3535 Bacch.
1041 3482 1087 3533 65:
1115 3478 1205 3531 adven

120 3558 533 3621 cissitudineacaipieudumesse
540 3564 642 3611 rentur.
681 3557 753 3627 ἡδὺν
770 3556 910 3625 Κάματόν
927 3561 950 3609 r
969 3548 1141 3621 reincipiatur.

120 3632 204 3694 Longe
230 3634 305 3681 euim
329 3632 427 3683 clarius
451 3634 504 3683 hoc
526 3647 541 3682 a
564 3639 643 3697 poeta
713 3636 737 3686 3.
767 3635 905 3697 sapientiae
922 3632 1060 3696 camullia]
1079 3633 1205 3683 Novedi-

120 3705 322 3767 siguiticaudum
353 3707 453 3759 luisset.
486 3736 512 3743 -
542 3710 643 3771 [lignus
680 3714 766 3769 ctum,
785 3710 814 3759 ut
830 3710 894 3758 iuria
910 3709 1048 3763 anemium
1068 3710 1204 3758 aversatus

120 3782 170 3840 est,
197 3782 246 3844 qui
267 3782 302 3831 de
323 3782 376 3831 hoc
392 3784 512 3832 carmine
529 3782 641 3846 legatur,
680 3786 706 3834 in
723 3797 756 3833 aa
774 3784 919 3833 doctrina.»
939 3783 991 3832 Liv.
1012 3783 1057 3843 to,
1075 3783 1119 3831 ui:
1141 3782 1205 3832 iuria

120 3854 225 3917 lesung
242 3856 380 3919 ananam
396 3857 438 3905 dea
453 3857 548 3906 limas.
574 3858 639 3921 opp.
680 3863 756 3919 atque
772 3858 926 3919 eloquentiae
941 3858 1074 3907 emmam.
1097 3849 1201 3908 Patron.

119 3927 158 3977 ed.
173 3929 284 3978 tachm.
299 3930 342 3979 tv.
354 3943 382 3993 p.
396 3930 437 3981 et.
456 3958 483 3967 -
501 3932 642 3995 (Scriptum
680 3933 709 3983 C.
724 3932 768 3981 89:
788 3931 832 3981 ilbi
842 3936 865 3981 et
875 3932 1205 3993 amonimamuneaima

13 4041 14 4046 ,
119 4002 263 4052 iidemra.
283 4017 309 4054 u.
329 4017 353 4053 c.
373 4004 565 4066 tenaciter.)
678 4005 741 4055 uia?
760 4006 869 4071 -erro]
883 4006 967 4056 «Dum
979 4007 1055 4070 quasi
1066 4019 1116 4070 per
1127 4018 1201 4055 ruere

148 4078 172 4125 t.
200 4076 303 4141 Paean]
331 4072 445 4141 ιοιιῖςιιιι
471 4080 575 4129 tantum
597 4092 643 4129 sa·
680 4078 751 4129 nullo
764 4078 1061 4143 certeconsiliovagar‚
1079 4090 1204 4129 nuncre·

120 4149 231 4209 crificia,
255 4151 417 4214 siquando,
443 4152 586 4203 encrensi
613 4180 640 4189 -
680 4155 747 4203 verti
765 4167 845 4217 cogor
862 4154 897 4205 ad
913 4157 1047 4206 saniorem
1066 4151 1135 4203 illam
1159 4166 1202 4201 ra-
