2934 4884
680 323 808 376 HOllthl
827 325 995 377 ChllllllNUM

549 488 654 553 Silvae
676 483 860 549 laborantes
883 481 1021 569 geluque

549 608 695 675 Flumina
716 603 916 670 constiterint
937 612 1041 668 acuto.

505 767 653 835 Dissolve
676 765 775 852 lrigus
798 763 883 850 ligna
904 780 1003 846 super
1025 760 1095 826 loco

507 892 610 976 Large
632 905 794 974 reponens
816 895 913 972 atque
934 883 1105 970 benignius

549 1012 711 1096 Deprome
733 1005 939 1094 quadrimum
961 1005 1094 1078 Sabina,

547 1134 576 1197 Ο
599 1127 798 1204 Thaliarche,
822 1147 949 1194 merum
971 1125 1068 1191 diota.

506 1290 656 1357 Permitte
678 1287 762 1353 divis
784 1295 906 1360 cetera,
931 1284 986 1371 qui
1009 1281 1102 1348 simul

360 1483 385 1534 t.
405 1481 497 1531 maur
516 1479 549 1544 (a)
569 1479 628 1529 cir.
650 1504 677 1512 -
697 1477 721 1525 r.
741 1477 842 1538 aqua
858 1475 887 1523 r.

296 1646 510 1713 conspiciendus,
532 1645 611 1694 hodie
628 1645 712 1695 Monte
729 1645 820 1705 Tresto,
859 1643 915 1706 ipsa
933 1641 1004 1691 diota
1022 1642 1151 1692 haurito.»
1167 1670 1193 1678 -
1208 1645 1381 1709 qttadrtmam]

296 1723 352 1784 vel,
371 1726 401 1772 ut
418 1721 460 1776 alii
477 1719 581 1780 volunt,
599 1721 684 1770 Monte
693 1721 720 1768 dt
730 1721 757 1769 S.
771 1720 823 1768 Sil·
859 1717 923 1768 satis
940 1717 1019 1780 igitur
1036 1719 1111 1767 vetus
1130 1729 1162 1766 ac
1179 1717 1266 1779 dulce,
1286 1733 1383 1782 quani-

295 1803 392 1857 omno,
410 1793 453 1845 vel
469 1795 554 1843 Monta
569 1794 595 1842 dt
612 1794 638 1843 S.
659 1794 750 1843 Oreste.
771 1794 823 1842 «Sa
858 1793 898 1842 vis
916 1791 1042 1841 Sabinum
1060 1791 1206 1842 dumtaxat.
1228 1793 1275 1842 Od.
1296 1795 1320 1853 t,
1340 1795 1381 1850 20.

296 1873 379 1935 sumta
409 1870 482 1918 isolsa
515 1873 538 1917 ct
571 1867 705 1931 οίοοοὶίὲνο
732 1869 823 1932 [ruppe
860 1867 887 1914 4;
909 1866 958 1916 ulla
974 1865 1095 1915 Sabinum
1112 1869 1140 1916 et
1152 1867 1296 1929 pluntbsum
1312 1869 1383 1917 Mar-

295 1946 331 1994 lcs
355 1944 478 2008 rcqards,
506 1943 591 2004 quand
607 1955 640 1990 on
664 1946 717 1992 sort
742 1943 772 1991 de
797 1943 823 1991 ln
859 1937 911 1989 tiali
930 1941 969 2001 40,
989 1939 1029 1990 ts.
1057 1941 1128 1990 stau
1146 1943 1286 1991 contentus
1304 1943 1382 1991 estin

295 2021 354 2069 cille
378 2034 431 2081 par
454 2032 503 2067 aas
527 2018 570 2066 des
593 2019 661 2067 dcun
681 2023 768 2079 portes
788 2017 822 2066 du
859 2014 989 2064 sacrificio
1006 2016 1103 2065 Veneri
1121 2015 1211 2065 oblato
1225 2016 1272 2064 0d.
1293 2017 1317 2074 l,
1338 2018 1381 2070 li;

294 2096 385 2143 nord.»
404 2092 579 2144 Walckenaer
596 2094 616 2142 l.
635 2106 661 2156 p.
681 2091 738 2142 ll8.
858 2090 939 2138 tonia
950 2091 1010 2138 vina
1023 2087 1090 2138 bibit
1100 2088 1158 2138 hlfii
1171 2089 1285 2151 agricola
1297 2089 1380 2154 Epod.

327 2168 352 2217 3.
383 2168 532 2230 laborum]
563 2169 711 2216 «nutantes
741 2167 821 2229 alque
859 2165 884 2224 l,
903 2162 944 2214 ll.
966 2162 1014 2214 atti
1032 2165 1128 2213 Sabinu
1145 2165 1232 2214 minus
1249 2169 1324 2214 recte
1342 2167 1383 2214 in·

295 2255 356 2292 sese
374 2242 542 2292 inflectentes
559 2240 610 2290 sub
627 2241 694 2290 nivis
712 2252 821 2289 onere.»
859 2241 1039 2301 terpretantnr
1060 2239 1094 2288 de
1116 2253 1179 2289 vase
1198 2241 1383 2290 tantummodo

295 2316 345 2366 0d.
368 2317 393 2377 2,
416 2317 441 2378 9,
463 2317 491 2365 6:
517 2316 681 2378 Aquilonibus
704 2320 823 2376 querceta
859 2311 944 2374 fictili,
972 2311 1059 2376 qualia
1082 2327 1115 2362 ex
1139 2327 1170 2363 ea
1196 2315 1304 2376 regione
1331 2317 1383 2364 llu-

296 2392 413 2454 Garquni
433 2391 558 2440 lubmum.
589 2418 617 2426 -
643 2389 756 2454 qcluqae]
779 2389 823 2439 Li·
859 2401 931 2438 munt
949 2387 1046 2436 advehi
1063 2385 1138 2442 solitu
1159 2390 1219 2439 sint.
1249 2415 1275 2424 -
1305 2389 1381 2452 diota]

296 2466 354 2515 vius
380 2466 405 2525 a,
433 2465 477 2514 ta:
507 2465 613 2528 Insiqnls
633 2477 715 2514 annia
738 2463 769 2526 (a.
793 2478 819 2514 u.
859 2461 923 2512 Plat.
943 2462 1019 2525 Hipp.
1045 2463 1107 2512 niai.
1130 2476 1156 2527 p.
1179 2464 1235 2514 288.
1261 2463 1296 2513 D:
1328 2461 1384 2513 τῶν

296 2538 363 2600 355.)
389 2540 467 2588 hieme
491 2540 575 2602 qelida
599 2552 630 2587 uc
650 2539 740 2588 niuosa
763 2539 820 2600 full,
859 2533 955 2586 καλῶν
976 2535 1089 2607 χυτρῶν
1111 2539 1168 2588 εἰσί
1185 2535 1381 2601 tanagritanum,

296 2613 359 2661 adeo
375 2617 404 2660 ut
419 2612 476 2661 uiae
493 2613 608 2671 claraus,
634 2612 724 2660 Tiberis
745 2613 822 2662 t'nnu-
859 2609 915 2661 τῶν
934 2605 965 2674 ἓξ
986 2607 1061 2674 χόας
1081 2609 1249 2682 χωροοσῶνο
1286 2615 1383 2664 Moeris

295 2685 412 2748 oiqabilis
430 2687 517 2748 sacru:
551 2687 676 2735 lleccntia
700 2685 821 2749 exempla
858 2701 884 2749 p.
920 2685 965 2737 tl:
1004 2679 1159 2756 ἀμφορέα,
1193 2683 1245 2736 τὸν
1278 2684 1383 2737 δίωτον

297 2761 374 2810 alleri
390 2759 500 2810 Schiller
515 2773 542 2823 p.
561 2759 602 2810 ll.
858 2755 997 2825 σταμνόο.
1034 2762 1182 2825 «Amphora
1201 2761 1316 2811 duarum
1333 2775 1382 2810 au-

329 2833 354 2884 l.
373 2834 455 2898 mo]
474 2834 547 2884 Pind.
567 2834 643 2896 Pyth.
658 2835 682 2894 l,
696 2833 741 2884 39:
761 2833 822 2894 χιό-
857 2837 937 2894 rium,
957 2835 1044 2896 idest,
1063 2849 1215 2885 ansarum.»
1234 2836 1312 2885 hana.
1334 2833 1382 2884 alit

296 2921 347 2969 νος
365 2901 469 2970 ὀξείας,
488 2922 558 2970 quae
576 2908 670 2971 frigore
688 2907 822 2959 suovelut
859 2909 947 2960 minus
971 2913 1045 2959 recte
1073 2923 1148 2972 avus,
1176 2923 1228 2973 quo
1253 2911 1346 2960 vinum
1367 2924 1381 2959 e

296 2982 372 3030 secat
388 2983 415 3030 et
430 2983 530 3045 pungit.
566 2982 637 3043 Virg.
662 2983 708 3031 Ge.
731 2983 754 3042 l,
774 2981 819 3032 93:
859 2983 932 3034 cadis
949 2983 1075 3033 haustum
1093 2985 1119 3032 in
1135 2985 1252 3034 minores
1270 2985 1381 3045 cyathos

295 3055 392 3104 Boreae
415 3056 568 3116 penetratio
593 3057 684 3119 sitqus.
732 3056 820 3106 Glacie
858 3057 1084 3117 delundebaturp
1103 3059 1329 3123 scdhaecpotius
1342 3059 1383 3108 est

296 3128 374 3190 igitur
385 3128 510 3179 adstricta
522 3130 632 3179 flumina
643 3143 753 3180 cursum
764 3143 822 3180 mo-
858 3130 935 3182 trulla
951 3133 1061 3182 vinaria.

295 3205 349 3253 rari
365 3203 498 3253 videntur.
891 3207 979 3256 9-42.
1015 3203 1105 3269 cetera]
1135 3205 1256 3271 «reliqua
1282 3209 1379 3266 omnin,

328 3279 402 3328 5-6.
431 3278 552 3341 Dtssoloe]
578 3273 739 3339 κάββαλλε,
766 3279 822 3342 pel·
858 3294 927 3344 quae
949 3282 995 3330 aul
1015 3281 1092 3330 antea
1115 3279 1240 3333 sollicitus
1261 3295 1311 3332 nos
1332 3283 1381 3331 ha-

242 3343 246 3351 ’
295 3353 329 3402 le.
350 3380 377 3388 -
394 3353 458 3417 soro]
482 3354 562 3403 totius
578 3353 675 3404 domus
697 3367 821 3403 cummu—
857 3355 982 3416 buerunt,
1001 3357 1047 3404 aut
1064 3356 1124 3418 quia
1143 3355 1229 3405 lutura
1242 3355 1379 3404 etincerta

295 3427 344 3487 nis,
363 3426 506 3490 adquam,
534 3429 676 3479 sarmentis
698 3431 725 3478 el
744 3427 820 3490 lignis
857 3431 927 3491 sunt,
946 3442 1016 3479 nunc
1034 3434 1107 3479 certe
1125 3429 1188 3479 nihil
1206 3429 1240 3479 ad
1259 3443 1307 3480 nos
1321 3430 1381 3480 atti-

295 3499 366 3561 large
384 3501 527 3563 impositis,
550 3503 703 3565 quicunque
727 3503 820 3552 convi-
857 3506 922 3554 nent
943 3517 993 3553 nec
1014 3502 1128 3554 laetitiae
1151 3507 1257 3555 nostrae
1282 3516 1381 3554 conve-

295 3585 389 3622 varum
406 3572 520 3635 algebat,
539 3576 672 3626 accedens
690 3574 819 3627 calfacere
857 3579 956 3626 niunt.»
983 3577 1131 3627 Archilochi
1150 3579 1190 3628 Fr.
1210 3579 1251 3630 ts.
1270 3578 1380 3627 Schnei-

296 3657 325 3694 se
359 3648 476 3706 poterut,
506 3649 551 3708 qni
580 3663 638 3698 mos
667 3651 820 3700 etiamnunc
857 3651 938 3700 deva:
958 3652 1025 3714 Τοῖς
1041 3652 1122 3714 θεοῖς
1139 3653 1212 3703 τίθει
1229 3651 1259 3702 δὲ
1276 3648 1378 3702 πάντα.

295 3721 417 3766 sumatur
434 3720 458 3768 in
476 3718 557 3768 ltalia.
572 3721 748 3786 -tontqntiaq
762 3723 817 3774 scil.
857 3725 972 3787 Theogn.
993 3726 1069 3778 ⁴047:
1099 3724 1160 3777 Νῦν
1177 3726 1232 3792 μὲν
1252 3729 1380 3788 πίνοντες

295 3789 385 3850 solito,
404 3791 510 3854 largius,
524 3794 665 3856 copiosius.
687 3799 733 3848 Est
744 3811 820 3848 com·
855 3795 1026 3869 τερπώμεθα
1040 3799 1115 3850 καλὰ
1128 3799 1267 3868 λέγοντες·
1285 3793 1380 3850 ’Ὀοσα

295 3866 430 3927 parat-iius
452 3869 544 3929 copiae
567 3881 656 3930 neque
678 3875 820 3933 opponitur
856 3870 879 3921 δ’
898 3867 983 3924 ἔπειτ’
1002 3867 1095 3936 ἔσται,
1113 3873 1205 3926 ταῦτα
1215 3877 1311 3926 θεοῖσι
1325 3877 1379 3940 με’-

294 3939 407 4000 positivo
423 3939 507 4002 lurqe,
526 3941 555 3990 nl
572 3942 695 4004 opinatus
713 3949 753 3995 est
771 3949 819 3997 Sa·
856 3946 906 3998 λει.
943 3949 996 3999 Clr.
1021 3949 1105 4014 Epod.
1128 3951 1168 4012 43,
1188 3951 1212 4000 7.
1234 3979 1261 3987 —
1280 3953 1379 4002 Gratis-

296 4009 392 4060 nadon.
856 4024 922 4073 sima
948 4025 1001 4073 iarn
1029 4025 1115 4088 imago
1143 4025 1335 4088 tranquillitatis
1363 4037 1378 4072 a

328 4085 351 4133 l.
370 4087 502 4152 Deprovne]
526 4102 578 4149 non
601 4094 654 4140 tarn
679 4105 727 4141 aex
754 4107 819 4157 apo-
856 4094 906 4147 diis
932 4099 1068 4148 restitutae
1094 4112 1127 4148 ac
1152 4101 1279 4164 temporis
1305 4098 1378 4147 verni

296 4157 386 4218 414908,
418 4160 483 4210 cella
509 4164 629 4212 alnaria»
657 4178 738 4228 quarn
766 4181 818 4217 «ex
856 4173 997 4234 opponitur
1015 4173 1102 4236 frigori
1120 4178 1147 4225 et
1163 4175 1296 4240 procellae
1309 4187 1377 4224 niinc
