2934 4884
506 382 566 431 ΗΒ,
586 382 615 431 ΙΙ.
652 382 681 429 (ἶ.
701 382 743 430 ll'.

461 1007 696 1071 cm
721 1010 796 1071 Π.

255 1189 300 1253 Nc
324 1187 366 1252 sit
387 1185 522 1253 ancillae
544 1186 601 1253 tibi
624 1208 716 1254 amor
737 1188 868 1276 pudori,

152 1385 191 1433 lv.
217 1386 302 1435 lnscr.
320 1383 390 1447 volg.
417 1387 445 1435 at
460 1386 494 1433 S:
513 1384 551 1435 ,td
565 1385 702 1435 Xoaitricm
716 1387 845 1437 Ρὴοιιιιηι.
867 1412 894 1423 -
912 1386 1035 1437 Accilium
1051 1400 1139 1437 oraora

123 1460 390 1509 mummoli.
416 1460 1138 1525 —Altoqolturrodclemwumfocewnmompror-

118 1533 241 1593 nimico
255 1548 287 1583 ιιι
303 1535 402 1583 dosera
417 1535 581 1584 concubinum
596 1547 670 1584 sumn
684 1534 812 1585 Pirittidcm
833 1540 950 1597 appetem
964 1535 1040 1585 talem
1056 1536 1139 1597 quau

119 1608 164 1667 {nii
193 1608 305 1659 merea
337 1608 382 1660 hc.
411 1636 438 1644 -
472 1611 511 1659 Ad
533 1610 684 1659 Xooctticm
711 1609 776 1673 (sic)
804 1610 935 1673 troliptorn
970 1610 1139 1675 (intratiptom

121 1681 232 1733 0bcrlini
260 1683 301 1744 A.)
341 1684 461 1733 oodllmn
490 1696 579 1733 ornare
605 1684 699 1734 αιάιια
725 1698 777 1734 non
811 1698 861 1735 case
884 1686 1037 1748 protreptice
1063 1690 1140 1735 teuc·

119 1932 159 1981 lv,
185 1935 238 1983 Per
254 1936 341 1984 totum
364 1946 474 1984 carmen
493 1932 609 1985 festivis-
646 1933 838 1997 imposuerant,
850 1934 1171 1999 nutexemplariaGracca

92 2007 155 2056 sima
172 2008 316 2077 εἰρωνείᾳ,
344 2020 414 2071 quae
436 2010 524 2059 tamen
546 2007 609 2058 nihil
645 2007 780 2059 interdum
792 2010 901 2059 secutus
913 2010 982 2060 lictis
994 2010 1172 2073 omniuoper-

92 2079 166 2130 habet
182 2082 349 2140 offensionis,
372 2082 442 2132 ridet
457 2083 608 2145 Xanthiam,
645 2083 718 2133 sonis
733 2084 842 2133 nomino
854 2096 950 2133 sonora
963 2086 990 2133 ct
1001 2085 1075 2145 gruta
1087 2082 1169 2133 dcdit.

91 2153 192 2205 ancillae
203 2156 413 2207 lormosissirnae
422 2156 545 2220 quidem,
559 2157 608 2207 scd
644 2156 713 2205 Satis
745 2156 836 2218 utique
870 2156 959 2220 inepte
992 2158 1082 2207 nascio
1112 2158 1172 2220 quis

91 2227 192 2278 callidae
210 2233 240 2279 et
260 2228 326 2280 lucri
343 2230 455 2295 cupidae
472 2230 609 2283 amoribus
643 2230 730 2280 Ptocet
742 2242 892 2292 cognomen
904 2243 919 2278 a
928 2230 1025 2291 ploce,
1044 2230 1172 2281 dalormi·

91 2303 223 2353 irretitum.
254 2304 307 2354 Cir.
327 2304 402 2354 Ovid.
420 2308 511 2355 Amor.
530 2306 559 2366 t,
578 2306 607 2366 8,
644 2305 705 2355 tatis
722 2304 884 2368 specimine,
907 2306 1039 2367 repetivit.
1075 2306 1170 2367 Neque

91 2377 115 2425 i:
132 2378 211 2439 Quid,
229 2379 297 2439 quod
312 2380 340 2428 ia
356 2379 451 2428 metio
465 2380 609 2441 nomade-
643 2392 710 2429 voro
731 2378 781 2441 ipsi
804 2378 914 2429 carmini
938 2379 1007 2429 inest
1029 2380 1170 2438 sententia,

89 2451 195 2513 lawe
212 2458 310 2514 pomi,
334 2453 409 2503 Iliun
428 2466 473 2515 epo
494 2454 610 2503 condendi
645 2465 727 2516 quam
748 2451 894 2503 obtrudere
916 2454 940 2503 ci
959 2464 1045 2517 nuper
1062 2453 1172 2516 quidam

89 2532 267 2576 marcomere
283 2526 367 2576 bono?
385 2526 513 2577 timolus
527 2529 610 2577 oncit-
644 2526 742 2587 roluit,
772 2526 913 2577 Xanthiam
941 2530 1002 2577 anto
1031 2526 1172 2590 gloriatum

89 2598 125 2648 loe
137 2600 202 2662 fecie
218 2601 344 2650 Briseidos
359 2603 438 2660 αντα,
455 2601 610 2663 smarry-
646 2614 720 2663 csse,
750 2601 785 2650 ab
814 2614 906 2651 amora
936 2615 996 2653 scae
1023 2602 1093 2653 vinci
1118 2615 1172 2653 non

89 2688 173 2723 rercco
187 2675 298 2725 Phoebea
313 2681 402 2725 umam
418 2676 484 2726 doci.
516 2678 609 2728 Utrum
646 2688 740 2738 possa,
766 2676 819 2725 ium
836 2689 915 2737 vero,
938 2689 1000 2727 curn
1018 2677 1044 2727 in
1062 2674 1171 2727 ancillae
1275 2732 1283 2755 x

90 2750 154 2799 totus
164 2750 200 2800 sit
210 2751 376 2813 φαντασίας
386 2748 466 2800 ludus
477 2752 608 2814 po'cticus,
645 2746 757 2811 laqucos
780 2750 929 2811 incidisset,
957 2764 972 2800 a
994 2750 1078 2801 sodali
1100 2750 1173 2800 dari-

88 2826 203 2873 aniceto
221 2823 354 2875 sodalium
366 2823 612 2889 qucmpiamsigni·
647 2822 713 2873 deri.
749 2824 848 2875 Verum
866 2824 926 2875 talia
945 2826 1111 2877 extrinsecus
1127 2838 1172 2875 as-

89 2896 154 2958 licct,
167 2912 218 2950 nos
230 2901 396 2962 ignoramus;
409 2900 534 2963 cogitavit
542 2914 611 2950 non·
646 2910 754 2949 sumere
784 2912 814 2949 ac
848 2901 968 2964 precario
1001 2912 1171 2959 asseverare,

93 2985 123 3020 nc
138 2972 220 3022 mode
233 2974 321 3022 Flooio
337 2972 442 3037 aliquo,
460 2986 476 3023 a
492 2969 609 3036 ξαιθός,
646 2973 764 3037 peritum
790 2974 964 3037 interpretem
989 2987 1100 3039 prorsus
1123 2974 1173 3023 da-

89 3046 242 3097 Curautom
252 3043 369 3109 Φωκεύς
384 3048 537 3111 (Phocensis
558 3061 611 3097 non
647 3047 735 3097 dccci.

88 3120 236 3183 Phocaeus)
248 3120 406 3185 appelletur,
425 3134 505 3172 ncmo
522 3121 611 3171 adhuc
843 3116 849 3129 '

88 3196 232 3257 crputavit;
260 3209 357 3246 rernm
382 3208 493 3259 prorsus
516 3196 611 3247 similia
681 3196 705 3243 t.
729 3194 830 3259 pudori]
855 3196 934 3257 Nam,
959 3197 989 3244 ut
1009 3196 1045 3245 ait
1066 3194 1171 3255 Quintil.

88 3273 145 3318 sunt
164 3270 235 3319 haec
254 3269 342 3330 Odi,
360 3272 405 3330 27,
425 3270 470 3319 lo:
488 3271 611 3333 Θρωιτιαι
647 3270 677 3329 o,
697 3267 741 3329 tl,
760 3268 805 3320 34:
833 3268 913 3330 turpia
934 3270 1050 3318 dominae
1070 3282 1174 3319 consue·

86 3342 395 3406 rrurerrrepilloe.0d.2,
406 3345 487 3405 nm:
500 3346 613 3395 &ridicu-
647 3344 707 3392 tudo
723 3357 781 3393 oron
797 3356 880 3403 remo,
905 3343 986 3404 turpis
1003 3343 1103 3392 cornino
1117 3356 1175 3392 caan

86 3418 266 3482 commod.
278 3419 303 3480 3,
314 3418 339 3481 9,
352 3417 397 3469 tt:
415 3419 611 3469 Titurtoicnlcis
647 3417 750 3468 cnunc
785 3417 921 3467 Musonius
939 3416 1011 3480 apud
1029 3416 1101 3465 Stoh.
1124 3417 1172 3467 rit.

84 3492 264 3553 flliurOrnvti.
300 3492 348 3542 0d.
368 3492 397 3553 3,
417 3494 460 3554 ti,
480 3494 508 3544 6:
533 3496 611 3558 lipo-
648 3486 677 3553 6,
701 3493 746 3541 or:
774 3488 804 3541 εἶ’
821 3505 861 3556 τῳ
883 3488 966 3540 δοκεῖ
982 3486 1025 3556 μὴ
1048 3486 1172 3560 αἰσχρὸν

84 3567 137 3615 roei
159 3568 229 3616 nitor
249 3566 340 3627 Hebri,
367 3566 464 3629 quibus
485 3569 611 3621 omnibus
647 3562 721 3617 εἶναι
738 3561 827 3637 δούλῃ
844 3560 989 3631 δεσπότην
1007 3562 1175 3631 πλησιάζειν

84 3642 184 3690 Graeca
205 3642 291 3705 patria
313 3640 446 3692 tribuitur.
481 3645 560 3703 Quod
575 3644 610 3694 ad
646 3638 682 3712 τῇ
700 3636 821 3701 ἑαυτοῦ,
840 3641 890 3691 καὶ
906 3636 1034 3705 μάλιστα
1051 3636 1174 3701 εἰτύχοι

84 3716 139 3763 tres
153 3715 319 3777 posteriores
328 3716 422 3767 attinet
431 3718 529 3781 (Gyges
538 3720 611 3769 cuim
648 3708 725 3767 οὖσα
743 3711 834 3786 χήρα,
859 3711 1027 3782 λογισάσθω
1045 3710 1131 3765 τοῖόν
1147 3730 1175 3766 τι

83 3787 289 3852 pulchritudiuis
302 3792 406 3840 tantum
416 3804 496 3842 causa
508 3806 612 3843 merno-
646 3791 859 3853 occaecaverat
874 3784 967 3857 αὐτῷ,
992 3790 1019 3840 at
1034 3787 1174 3841 δέσποινα

83 3862 186 3923 ratur),
213 3864 350 3914 Graeculis
375 3866 438 3915 tunc
459 3866 611 3917 viventibus
647 3863 742 3932 δούλῳ
750 3862 911 3932 πλησιάζοι.
925 3865 1173 3929 Agathiasindnth.

81 3939 155 3987 huno
176 3936 309 3988 honorem
331 3938 448 3989 tribuere
469 3954 535 3991 sanc
556 3954 611 3991 non
647 3940 700 3991 Pal.
720 3942 740 3989 l.
761 3953 787 4003 p.
809 3941 852 3991 l8l
866 3954 878 3988 :·
897 3933 949 3989 Ἢν
965 3936 997 3989 δὲ
1013 3936 1102 4011 μιγῇς
1118 3940 1174 4009 ἰδίῃ

80 4013 197 4076 poterat,
215 4014 359 4063 uteorum
376 4014 484 4065 nornine
500 4028 610 4078 quoquo
647 4011 837 4086 deportatam,
850 4010 936 4079 τλῆθι
947 4014 996 4065 καὶ
1006 4010 1176 4076 αὖτὸςΔοῦ-

9 4101 10 4106 ’
79 4085 167 4135 modo
194 4087 250 4136 suis
278 4086 441 4138 carminibus
470 4090 610 4152 insereret,
648 4086 698 4151 λος
720 4084 896 4154 ἐναλλάγδην
916 4086 1019 4158 cippido
1040 4083 1174 4154 γιγνόμε-

78 4161 131 4211 sed
153 4162 202 4209 ant
222 4158 329 4211 sodales
347 4162 404 4212 cius
420 4164 533 4213 ltomani
553 4165 611 4213 ani·
648 4177 707 4225 νος.
746 4162 921 4215 Aneidora'clcs
943 4164 1009 4215 tales
1032 4160 1172 4212 vocabant.

78 4237 116 4284 mi
136 4248 221 4285 causa
238 4233 298 4285 talia
317 4234 424 4287 sibimet
441 4238 491 4301 ipsi
504 4238 612 4289 nomina
649 4236 759 4289 llartial.
781 4239 824 4297 li,
843 4238 889 4298 58,
911 4241 933 4286 l.
