2934 4884
463 394 564 445 ilaus.
601 395 698 445 cauti.
717 395 737 443 1.

252 550 336 615 Satis
359 569 526 637 superque
549 570 600 614 me
622 548 803 635 benignitas
824 558 880 613 tua

293 670 429 737 Ditavit:
452 668 539 735 haud
561 690 736 756 paravero,

251 790 347 871 Quod
369 801 424 857 aut
446 811 564 857 avarus
586 800 621 855 ut
643 789 798 859 Chremes
821 800 905 855 terra
928 810 1091 877 premam,

293 911 477 979 Discinctos
500 921 555 977 aut
577 909 712 998 perdam
737 931 849 997 nepos.

147 1146 187 1197 at.
205 1146 313 1208 padam
329 1150 358 1195 ut
373 1158 448 1209 nepos
464 1144 618 1207 bsodLCt,
636 1144 788 1207 Bentleius,
808 1146 835 1195 F.

81 1358 248 1410 intermediis
265 1357 355 1409 eidem
371 1358 513 1419 adiectis»,
536 1357 609 1423 quod
646 1371 711 1409 cens
736 1358 762 1407 lt.
781 1356 798 1407 l.
817 1370 870 1407 non
896 1358 1011 1421 cogitare
1032 1358 1170 1411 Horatium

81 1434 204 1499 optatum
221 1433 342 1497 prolecto
359 1432 437 1484 nimis
460 1432 609 1484 absurdum
646 1432 680 1481 de
707 1430 844 1483 Menandri
874 1431 1026 1494 Thesauro,
1060 1432 1086 1481 in
1115 1446 1170 1496 quo

81 1508 194 1566 luisset;
222 1508 310 1558 minus
328 1508 407 1557 etiam
424 1506 542 1571 loquitur
559 1506 608 1556 «de
646 1519 728 1557 senex
752 1506 909 1557 thesaurum
932 1506 1040 1570 quidem
1063 1508 1090 1557 in
1109 1520 1170 1557 mo·

82 1579 184 1632 Luculli
195 1578 344 1631 Tusculano
362 1583 406 1630 sat
423 1579 529 1631 devilia
546 1580 609 1630 indo
647 1581 776 1629 numento
793 1578 950 1641 occultarat,
970 1580 1018 1630 sed
1035 1594 1088 1631 non
1105 1593 1170 1630 sva-

82 1654 233 1706 sTnsoulo
251 1668 336 1718 usquo
354 1655 388 1705 ad
400 1656 532 1716 Circeios,
545 1656 609 1705 Latii
646 1654 721 1704 ritiae
734 1666 828 1715 musa,
847 1667 943 1705 verum
953 1656 984 1704 ut
994 1653 1047 1705 lilio
1057 1655 1170 1719 prodigo

82 1728 227 1792 oppidum,
265 1731 390 1779 continuo
417 1730 502 1778 tractu
526 1728 610 1793 perti·
646 1729 797 1792 patrimonii
808 1730 914 1791 partem
925 1731 1053 1780 servaret.
1072 1730 1169 1780 Contra

83 1804 198 1862 nenten;
217 1814 286 1866 quae
304 1800 418 1852 aliorum
434 1802 610 1866 interpretum
646 1802 673 1851 in
706 1799 758 1851 alia
791 1802 879 1865 aliqua
909 1803 1047 1854 Menandri
1082 1802 1171 1854 tabula

82 1880 146 1927 sunt
154 1876 303 1940 opiniones.
322 1876 386 1927 Tres
404 1876 481 1940 igitur
497 1888 543 1925 res
555 1874 610 1938 pri·
646 1870 800 1940 δανειστὴς
832 1875 970 1946 Χρέμης,
1007 1874 1171 1948 πρεσβύτης

84 1951 185 2002 morins
211 1951 280 1999 later
304 1948 475 2013 locupletium
500 1961 611 2013 posses-
647 1947 823 2019 φιλοκερδής
848 1950 971 2013 (stctpnr.
990 1952 1056 2016 Epp.
1075 1952 1105 2011 3,
1123 1952 1169 2013 3.)‚

82 2028 175 2075 siones
196 2026 351 2085 enumeret,
377 2023 512 2074 latitandia
540 2023 608 2085 agri,
647 2023 757 2073 averitiu
774 2021 904 2086 impulsus
921 2023 1077 2074 thesaurum
1093 2024 1171 2075 ulde-

82 2110 202 2162 pascua,
220 2096 308 2148 villam
322 2111 437 2149 amoeno
447 2098 499 2148 situ
511 2097 611 2160 magni-
648 2099 690 2147 tur
707 2096 851 2147 defodisse.
872 2124 900 2133 -
918 2098 1068 2162 Discinctos]
1087 2096 1173 2148 «sola-

82 2172 134 2222 dee
153 2173 322 2222 exstructam.
355 2200 383 2209 -
399 2171 497 2235 tonpat]
517 2172 611 2235 lpseri-
647 2172 688 2230 ta,
712 2168 771 2220 laxs
787 2173 862 2220 veste
885 2170 1026 2235 indutus»,
1048 2175 1079 2220 nt
1099 2170 1172 2222 sole·

82 2246 138 2309 ptio
163 2258 179 2295 a
202 2246 252 2295 Fea
276 2258 308 2295 ox
330 2247 403 2295 Grut.
425 2246 487 2306 879,
509 2244 533 2295 t.
561 2242 611 2293 ad·
646 2244 712 2296 hant
736 2244 844 2309 prodire
869 2246 992 2296 homines
1017 2244 1112 2295 molles
1139 2260 1172 2297 ae

82 2320 184 2383 scripta
202 2318 342 2369 subditicia
359 2322 409 2370 est.
647 2320 710 2370 luxu
728 2318 856 2369 dissoluti.
881 2320 942 2382 (Sat.
963 2320 992 2380 t,
1010 2321 1039 2379 2,
1057 2320 1109 2381 25.)
1128 2322 1171 2371 Sic

115 2394 158 2443 at.
172 2393 213 2443 32.
237 2394 304 2443 Satis
317 2392 451 2456 amoq-no]
469 2391 553 2457 Epod.
569 2392 608 2453 ll,
647 2392 716 2444 Sulla
734 2394 876 2456 optimates
892 2394 1000 2458 saepius
1018 2393 1170 2456 admonuit,

84 2467 130 2517 tu:
164 2467 229 2516 Dedi
248 2468 309 2517 satis
330 2480 454 2529 nuperque
469 2479 610 2528 positorum
647 2469 677 2516 ut
695 2466 789 2518 lulium
806 2468 951 2517 Caesarem
973 2468 1040 2517 moto
1053 2469 1173 2529 praecin-

82 2540 136 2591 tttn'.
152 2540 607 2601 Adsententiamcl.0d.t,t8‚tt:
648 2546 715 2591 ctttm
751 2554 859 2603 worn
892 2546 1016 2590 cancrent.
1062 2542 1171 2591 Suettio.

82 2628 129 2665 noo
132 2619 260 2675 potentem
267 2615 506 2678 contemtor-ploro
511 2616 609 2679 ttoptto,
648 2613 696 2665 lul.
707 2614 748 2664 to.
760 2640 790 2651 -
805 2616 914 2677 portiom
920 2616 1005 2677 nepos]
1019 2613 1174 2679 Amplector

83 2687 248 2738 Satistm
257 2689 454 2739 onictsSodtnis.
473 2690 556 2751 ΟΜ,
569 2690 608 2750 46,
647 2687 791 2739 lectionem
817 2688 923 2739 Codicis
945 2689 1121 2753 antiquissimi
1141 2690 1171 2739 B.

83 2762 130 2813 38:
149 2763 612 2824 Necstptnraoottm,tudorodano-
648 2765 716 2814 Mam
740 2768 769 2813 nt
793 2763 827 2814 ab
853 2764 884 2815 iis
903 2764 1034 2814 intrusum
1051 2763 1171 2823 videtur,

83 2850 135 2900 pes.
151 2837 212 2899 (Sat.
225 2836 250 2897 Ξ,
265 2837 289 2897 6,
303 2837 373 2899 t)-
390 2837 569 2897 Vertanntmt,
582 2838 612 2885 ut
649 2838 694 2900 qui
720 2838 764 2887 laio
789 2851 915 2901 quoque,
943 2836 1173 2901 quemadmodum

84 2908 217 2961 luvenalis
234 2910 286 2971 ait,
301 2911 400 2974 profert
416 2910 610 2975 simplicissima
648 2910 675 2961 in
685 2912 833 2975 praecedd.
848 2918 877 2962 at
888 2914 1017 2974 mus,
1035 2924 1175 2976 compara-

84 2986 112 3034 et
133 2983 169 3033 ad
190 2982 346 3047 pedestrem
363 2984 512 3035 orationem
528 2996 611 3049 propo
649 2986 727 3035 tionis
746 2985 903 3049 particulam
923 2988 1099 3050 requirerent.
1129 2986 1175 3037 Est

84 3056 252 3109 accedentia.
295 3059 338 3107 Sic
363 3061 467 3121 grutum
492 3060 611 3110 animum
649 3060 741 3109 autem
766 3060 871 3123 potius:
901 3062 1034 3121 «podem,
1059 3054 1175 3121 ἄσωτος

84 3134 228 3183 verissime
254 3132 421 3182 demonstrat
445 3146 496 3183 nec
521 3135 611 3183 tamen
649 3125 715 3180 ὤν.»
733 3133 772 3181 Ac
783 3130 904 3181 similiter
915 3132 999 3195 Epod.
1012 3135 1042 3193 2,
1055 3134 1080 3182 s.
1102 3132 1175 3182 haud

85 3206 121 3257 ad
146 3206 227 3256 vilem
252 3205 432 3256 adulationem
463 3207 610 3258 descendit.
649 3206 727 3271 pauci
753 3203 838 3254 Codd.
861 3218 893 3253 ex
918 3204 998 3267 gloss.
1028 3204 1172 3255 exhibent:

84 3283 195 3338 Moneo,
215 3280 277 3342 qnia
289 3278 424 3342 Gargallus
442 3280 534 3331 iestive
546 3279 613 3330 sub·
649 3279 1173 3339 Neqooeccttotnretnsn'ooutmttcstntot.

85 3356 164 3405 iecit:
195 3354 286 3403 Antoni
309 3354 407 3417 alodios
423 3356 505 3416 potuit
528 3360 613 3405 conw-
652 3380 680 3391 -
693 3351 991 3417 noposlMuttorsohn.
1009 3353 1086 3401 Voss.
1109 3352 1176 3400 «Ns-

84 3441 190 3484 mnsrs,
208 3428 244 3475 sto
260 3426 282 3476 st
299 3427 391 3476 Onmta
408 3428 517 3477 dtctssd.
650 3440 695 3479 ros
707 3427 857 3477 luxuriosas
869 3439 885 3475 a
896 3426 989 3476 Tuscis
1001 3425 1113 3483 dicitur;
1132 3424 1175 3475 vel

118 3502 161 3551 33.
181 3500 221 3550 dl.
249 3502 514 3565 wanontdtremcs]
534 3502 613 3553 Vete-
650 3512 763 3551 nsrorss
784 3502 847 3551 sunt
862 3498 1013 3549 luxuriosae
1030 3499 1100 3548 vitae
1125 3499 1176 3548 lao-

86 3590 131 3626 res
145 3574 244 3625 Horatii
260 3574 421 3638 interpretes
438 3588 490 3625 non
507 3574 541 3624 de
557 3576 613 3625 Me·
651 3576 738 3625 mines
757 3573 894 3639 appellati,
923 3572 995 3637 quod
1020 3585 1074 3622 non
1091 3573 1176 3635 magis

87 3648 197 3707 madri,
217 3648 265 3698 sed
283 3648 317 3697 do
336 3649 449 3697 Terentii
470 3649 612 3698 Chremete
651 3650 691 3699 his
717 3661 762 3699 res
787 3661 835 3698 sua
860 3647 995 3698 familiaris
1017 3658 1099 3697 curae
1125 3648 1174 3704 est,

86 3722 171 3774 verba
199 3724 311 3781 iaciunt,
347 3721 417 3771 unde
441 3722 614 3785 corrigendus
651 3735 732 3786 quam
756 3723 800 3781 iis,
830 3721 927 3785 quibus
952 3722 1030 3785 pater
1053 3732 1176 3781 avusque

88 3798 208 3849 Meineke
241 3796 275 3846 ad
300 3795 437 3848 Menandri
462 3798 502 3845 Fr.
524 3810 550 3859 p.
571 3797 612 3845 80.
651 3796 773 3845 vivunt.»
805 3796 898 3845 Frsrns
915 3794 1016 3847 Miilleri
1034 3806 1094 3856 pag.
1117 3792 1174 3841 465.

89 3870 137 3921 Ed.
151 3882 209 3934 pr.¹
229 3870 367 3932 ceteroqui
384 3868 557 3933 probabiliter
568 3869 616 3918 do-
652 3869 705 3919 Cir.
722 3868 815 3922 Miiller
831 3870 952 3919 lt'tnutor
968 3871 987 3919 1.
1006 3882 1033 3931 p.
1051 3866 1109 3916 277.
