2934 4884
711 369 840 419 llOllllTll
858 369 986 420 Eronos

469 526 530 588 Aut
551 523 652 589 herba
675 522 793 610 lapathi
817 535 907 610 prata
930 524 1065 590 amantis
1089 535 1121 592 ei
1143 528 1230 612 gravi

512 642 633 709 llalvae
657 642 806 710 salubres
828 646 975 732 corpori,

469 763 524 831 Vel
546 785 629 851 agna
649 765 739 831 lestis
761 785 858 831 caesa
881 765 1115 832 Terminalibus

511 885 565 952 Vel
588 885 714 951 haedus
737 896 869 972 ereptas
892 885 978 974 lupo.

468 1009 533 1073 llas
556 1007 639 1072 inter
660 1004 774 1093 epulas
796 1017 832 1072 ut
853 1007 941 1075 iuvat
962 1019 1071 1096 pastas
1094 1031 1174 1077 oves
1279 1071 1285 1076 .

511 1127 627 1193 Videre
649 1139 861 1214 properantes
883 1126 1033 1208 domum,

467 1248 583 1316 Videre
607 1248 712 1314 fessos
733 1268 899 1315 vomerem
921 1251 1085 1317 inversum
1106 1251 1209 1318 bores

509 1367 598 1436 Collo
621 1367 785 1435 trabentes
807 1368 978 1456 languido,

297 1624 385 1682 Remi,
403 1623 536 1684 (44444444
552 1619 635 1670 beoes
651 1621 764 1684 pingues
782 1621 822 1672 ie·
892 1623 933 1672 ee.
961 1623 1001 1673 60.
1032 1625 1136 1688 aaran]
1167 1625 1377 1677 ndisoumbentes

297 1700 372 1757 4444,
391 1696 442 1760 ipsi
455 1695 562 1758 pineam
578 1694 710 1744 dicuntur.
859 1697 893 1746 ad
906 1711 1046 1748 coenam.»
1066 1725 1093 1735 -
1113 1700 1183 1764 444444]
1202 1699 1294 1750 Τ44444.
1312 1703 1339 1762 2,
1355 1705 1376 1758 4,

329 1769 415 1820 eree.
434 1770 538 1833 tapetii]
550 1766 696 1829 λάπαθον,
716 1770 823 1820 Sauer-
858 1772 904 1822 23:
925 1772 1214 1835 terinaneum-reamare,
1227 1777 1308 1824 mimi
1319 1776 1378 1826 iona

295 1845 439 1908 empser,
470 1857 562 1892 mmea
590 1845 686 1894 Latinis
714 1843 819 1894 dicitur.
858 1845 932 1909 sipna
950 1845 1040 1895 coloni.
1057 1874 1084 1882 -
1108 1848 1223 1911 nomnen]
1244 1849 1377 1898 Oratorde

296 1918 411 1970 Lucilius
431 1918 502 1983 apud
525 1919 579 1968 Cic.
599 1917 723 1969 delion.
742 1919 820 1980 m,
858 1919 971 1984 llarusp.
989 1933 1060 1984 resp.
1080 1920 1122 1969 ⁴2:
1143 1935 1273 1971 reroomm
1288 1924 1379 1972 444444

294 1993 342 2045 ei:
362 1994 507 2056 (inpane,
525 1992 820 2054 utiactarenecesseest,
857 2007 905 2054 na,
925 1994 1039 2057 imagine
1058 1993 1092 2042 ab
1109 1993 1205 2058 apibus
1219 1999 1341 2060 repetita.
1353 2022 1376 2032 -

294 2069 403 2133 capanei
421 2069 480 2130 quoi
496 2068 545 2116 eis!
562 2068 614 2117 Sui.
633 2068 662 2127 2,
681 2066 711 2126 4,
729 2067 771 2116 29.
790 2093 819 2102 —
858 2067 958 2118 Cirmun
975 2067 1045 2130 cet]
1074 2069 1136 2131 quia
1156 2068 1231 2119 loeus
1248 2071 1276 2120 in
1294 2069 1378 2120 medio

293 2143 383 2208 praui]
407 2155 503 2205 «eegm
526 2154 559 2191 ex
581 2138 640 2190 alvo
666 2141 818 2191 adstricta.»
857 2143 1259 2207 situseret,noaadparietem.
1280 2144 1377 2196 Colum.

297 2217 457 2280 -diaiuae1
487 2215 535 2265 0d.
563 2215 592 2276 4,
616 2214 661 2275 84,
686 2215 730 2264 46;
757 2215 821 2265 tenes
856 2217 885 2266 li.
905 2217 934 2266 ii.
954 2217 1113 2278 44,4,40;
1141 2219 1291 2269 &maereat
1311 2219 1379 2282 {oilli

292 2293 400 2342 4444444.
431 2318 459 2328 -
493 2289 615 2353 44440444]
642 2289 704 2353 quia
729 2287 820 2339 alium
856 2290 909 2355 arn)
926 2292 1032 2340 mastices
1046 2293 1218 2342 siresburna
1230 2295 1325 2344 domini
1340 2295 1378 2356 so·

293 2365 422 2417 molliunt.
442 2363 582 2425 (1444440,
601 2364 647 2414 29:
666 2364 819 2413 444444444-
856 2379 960 2426 oumque
983 2365 1138 2428 familiarem
1159 2380 1257 2429 seraper
1273 2369 1376 2430 eputari.

291 2445 349 2490 oent
360 2467 375 2478 -
386 2467 401 2477 -
411 2440 524 2499 malvae,
542 2439 681 2500 tapannn.
706 2435 816 2488 Marlisl.
856 2438 975 2500 silaei,
995 2441 1059 2489 tro:
1084 2445 1108 2490 et
1123 2442 1176 2490 ritu
1187 2445 1313 2504 pauperis
1328 2443 1379 2492 aeti

293 2515 338 2576 40,
360 2513 407 2574 48,
429 2515 462 2563 7:
492 2513 686 2563 Exoneraturas
707 2517 819 2561 uentrem
854 2513 917 2563 Ante
938 2513 1007 2574 socos
1025 2527 1132 2564 numae.
1151 2513 1216 2565 Plin.
1238 2516 1305 2567 Hisi.
1323 2518 1376 2566 liat.

292 2589 356 2638 milti
371 2589 457 2637 aidica
475 2589 574 2637 metans
592 2587 689 2636 4444444.
710 2613 738 2622 -
758 2587 818 2634 Ter-
855 2587 896 2648 28,
910 2587 957 2636 io:
975 2588 1172 2651 4444444444,
1191 2603 1241 2650 qua
1257 2591 1378 2652 familia

290 2662 437 2726 4444444044]
453 2658 817 2723 praeluminatam.)
854 2661 974 2710 conuenit.
1003 2687 1030 2696 -
1062 2662 1215 2727 renidentes]
1244 2677 1298 2714 nou
1328 2663 1377 2712 «ab

291 2736 366 2785 ovid.
390 2737 459 2785 Fast.
483 2737 512 2794 2,
539 2735 600 2784 655:
630 2734 769 2797 Sparpitar
795 2738 818 2784 et
854 2735 914 2798 igne
931 2731 1123 2797 refulgentes»,
1149 2735 1216 2786 sed:
1237 2739 1300 2801 aqui
1317 2740 1376 2788 tersi

291 2808 514 2858 mmcarnmnnis
527 2808 655 2857 Terminus
665 2821 748 2870 apua,
766 2809 818 2858 Neo
854 2811 916 2860 suat
932 2809 964 2858 ec
983 2797 1101 2873 politi,»'
1118 2811 1377 2874 reinpebointe

291 2883 406 2944 meritae
421 2883 515 2931 iacens
530 2895 586 2930 cnm
602 2882 648 2931 eibi
669 2895 752 2943 poma
773 2883 819 2932 da-
853 2883 931 2932 Voss.
956 2882 996 2932 444
1013 2895 1126 2944 444444,Ι
1143 2885 1173 2932 44
1188 2883 1298 2937 volebat
1315 2889 1375 2936 liut-

291 2962 343 3005 444,
363 2983 391 2992 ν
409 2956 503 3005 haedus
519 2955 631 3019 ereptus]
649 2955 816 3017 Uardulli,
854 2957 971 3020 gersius,
998 2969 1023 3006 r.
1049 2957 1189 3008 renidentes
1207 2957 1250 3010 rel
1273 2963 1377 3024 propter

289 3031 336 3092 48,
364 3029 405 3081 44.
436 3031 463 3081 44
480 3029 588 3094 frugalis
609 3043 710 3081 coenae
733 3043 818 3096 appe·
854 3031 1014 3094 positionem
1031 3029 1124 3080 relerri
1142 3034 1376 3095 nequit-imita-

289 3108 363 3156 ratu:
392 3105 493 3155 Haecine
516 3106 648 3154 inhumani
671 3110 763 3166 rapine
785 3104 817 3154 40
854 3107 896 3154 tus
913 3105 954 3156 esi
969 3106 1092 3156 nostrum
1108 3103 1198 3156 locum
1218 3107 1343 3159 Martialis
1353 3107 1375 3166 0,

290 3193 334 3230 ars
348 3180 409 3241 inpi.
429 3178 516 3228 Sinde
528 3177 603 3228 luero
615 3178 816 3241 quadammodo
854 3177 902 3238 448,
921 3178 970 3228 22:
989 3179 1098 3242 Oinpnnt
1116 3193 1231 3231 44444444
1250 3183 1325 3233 matri
1343 3184 1377 3244 [a

290 3257 400 3315 coenet,
431 3266 494 3302 cum
518 3252 640 3302 homines
663 3252 751 3301 minus
775 3252 817 3300 et-
853 3264 911 3301 oum
933 3265 1026 3302 uenae
1056 3253 1089 3302 lit
1118 3254 1194 3318 larga
1220 3257 1296 3318 festos
1318 3257 1376 3306 lucei

289 3329 354 3378 tenti
381 3327 416 3378 ad
437 3340 496 3377 rem
517 3322 620 3376 baedae
637 3323 737 3389 alapis
762 3325 816 3375 iem
853 3327 888 3376 ad
903 3327 981 3376 iares
997 3327 1070 3377 diua.

289 3403 431 3454 admorsae
447 3401 565 3452 abiicere
576 3398 688 3450 soleant.
715 3399 817 3459 Quam·
886 3401 917 3450 64
934 3426 949 3436 -
966 3400 1007 3450 70.
1038 3401 1129 3452 «Haec
1150 3401 1198 3452 ubi
1221 3415 1317 3454 seoum
1339 3401 1376 3452 lo-

289 3488 372 3539 quum
398 3475 487 3538 opiuio
512 3475 570 3523 erat
591 3467 628 3522 τὰ
644 3468 816 3544 λυκόβρωτα
853 3476 931 3524 cutus
958 3476 1015 3526 eret
1032 3473 1127 3536 41044,
1146 3475 1316 3528 debitoribus
1332 3489 1376 3541 ep-

289 3545 423 3620 πρόβατα
433 3546 468 3597 τὸ
480 3548 567 3618 κρέας
577 3544 755 3612 γλυκύτατον
764 3562 816 3596 τα-
852 3547 968 3612 pellatis,
1005 3549 1040 3599 ad
1065 3549 1128 3600 Idus
1146 3548 1305 3602 solvendam
1328 3551 1374 3602 sssri

288 3624 392 3691 ρέχειν.
411 3620 478 3671 Plut.
496 3622 621 3684 Sympos.
634 3621 663 3681 2,
681 3621 705 3670 9.
726 3647 750 3658 -
769 3635 815 3671 uo-
853 3624 929 3672 curui
944 3635 1053 3673 omnem
1068 3623 1212 3686 pecuniam
1233 3624 1317 3676 leuari
1333 3625 1376 3674 de·

287 3693 531 3757 morinensem]
553 3693 625 3756 virg.
644 3692 698 3745 Eel.
717 3695 747 3754 2,
766 3695 813 3744 66:
852 3699 923 3756 tam,
953 3709 1006 3759 qua
1029 3697 1138 3746 iamiam
1161 3701 1235 3748 emet
1258 3699 1373 3763 praedis.

287 3768 684 3832 Aspice,arutraiuporesemnt
694 3780 815 3829 snepmsa
852 3769 902 3820 sed
936 3781 1030 3820 444444
1064 3769 1217 3821 stimulatus
1250 3773 1373 3828 44444444,

286 3843 391 3892 marei
416 3841 490 3891 Ouid.
503 3841 572 3891 Fosi.
586 3842 615 3901 8,
628 3839 691 3892 ter:
711 3841 816 3902 Tenem
853 3843 958 3908 quaerit
975 3843 1098 3896 Kalendis
1114 3846 1242 3909 proximis
1263 3845 1374 3896 eandem

286 3921 357 3976 erat,
375 3927 509 3977 quoversa
525 3914 815 3978 inporeserunturara-
852 3917 936 3968 ienori
959 3918 1038 3978 darm
1066 3919 1134 3970 adeo
1156 3920 1322 3980 inconstans,
1347 3920 1375 3968 ut

286 3996 337 4040 ira.
355 3989 532 4041 Proverbium
546 3991 618 4040 eret:
636 3986 687 4050 dot
698 3987 814 4040 λυθέντι
852 3994 913 4056 post
923 4005 1025 4056 paucos
1036 3992 1095 4043 dies
1111 3991 1251 4044 consilium
1262 3991 1374 4058 agnoui-

285 4057 372 4134 ἕργου
393 4063 550 4114 inertiam
570 4057 587 4113 ὁ
604 4057 690 4130 ζυγὸς
709 4059 812 4113 καὶτὰ
852 4069 926 4116 turae
937 4067 1112 4130 inposterum
1123 4067 1291 4118 exercendae
1303 4079 1373 4132 prur-

286 4133 377 4202 exite
399 4132 439 4204 τῷ
456 4133 654 4204 δυνατωτάτῳ.
689 4139 809 4190 Eusistb.
851 4151 896 4190 444
908 4138 1040 4190 obiiciat..
1060 4167 1087 4178 „
1105 4140 1190 4205 Atflm]
1209 4142 1287 4204 Apud
1300 4141 1373 4192 Cice-

286 4213 314 4261 in
331 4211 380 4261 044.
398 4209 430 4272 i,
448 4225 473 4274 p.
494 4212 567 4262 4078.
850 4225 945 4262 ranem
962 4215 1004 4262 asi
1021 4215 1047 4264 C.
1060 4215 1151 4279 Aldus,
1171 4214 1279 4280 eiapud
1292 4217 1372 4266 Sene-
