2934 4884
286 363 349 426 526
672 361 801 412 llotiATli
818 361 987 413 caumuutt

415 518 495 594 lulu,
520 517 636 583 caratis
658 537 720 603 ope
743 514 906 582 Daedalea

415 639 529 704 Nititur
550 639 665 725 pennis
688 639 790 702 vitreo
818 637 952 702 daturus

541 758 675 823 Nomina
697 767 804 843 pontu.

415 913 519 977 Monte
542 909 719 976 decurrens
742 907 829 973 velut
860 909 979 984 amnis,
1004 909 1124 974 imbres

260 1159 263 1166 ’
354 1167 377 1216 3.
394 1165 478 1228 pinnis
495 1165 522 1224 Β,
542 1161 625 1212 Codd.
645 1159 736 1211 Bianti.

288 1399 391 1448 liabens
410 1399 437 1446 et
452 1408 561 1448 suarum
574 1396 670 1446 virium
682 1397 710 1444 et
721 1392 816 1445 indolis
855 1391 976 1443 familiae.
990 1416 1017 1427 -
1031 1393 1130 1455 cumn]
1143 1406 1221 1444 «cera
1231 1397 1369 1445 coniunctis

288 1475 368 1524 totius
385 1473 492 1523 Latinae
510 1471 606 1535 poesis.
626 1471 710 1522 lituus
722 1470 815 1532 utique
852 1467 990 1529 aitixisque
1008 1468 1141 1530 corpori·
1171 1470 1264 1519 scaen.
1291 1471 1368 1527 Ceno.

288 1547 407 1611 prudens
432 1545 480 1596 luit
505 1546 562 1596 eius
593 1545 680 1594 iunior
712 1545 815 1594 amicus
852 1538 908 1604 (mit
928 1542 984 1590 dem
1002 1540 1207 1605 chhepetlctler.
1233 1545 1369 1604 Glari.)-

288 1623 385 1680 Titius‚
408 1620 535 1670 Pindarici
550 1619 625 1682 (mitis
641 1619 685 1678 qut
700 1631 752 1667 noe
768 1631 815 1666 er-
852 1629 898 1677 ope
913 1615 1052 1678 Daedaleo]
1071 1613 1159 1665 «velut
1175 1618 1233 1667 arte
1251 1615 1306 1678 illa,
1323 1629 1370 1681 qua

286 1695 378 1756 polluit
401 1693 519 1752 totum,
547 1693 614 1756 Epp.
634 1692 661 1752 i,
680 1691 709 1752 3,
728 1692 769 1741 40.
788 1693 816 1741 et
853 1686 986 1739 Daedalus
1004 1701 1069 1738 usus
1087 1690 1155 1738 est.»

289 1764 812 1826 llulusilleOvidiicxPontoi‚t6,28:
885 1763 909 1812 3.
939 1761 964 1812 i.
993 1762 1105 1826 Nititur]
1127 1763 1271 1825 «sustinet,
1299 1763 1373 1887 Ιίδιὲθ

288 1841 438 1892 Pindaricae
452 1840 542 1903 fidicen
559 1844 586 1888 tu
603 1852 712 1901 quoque,
742 1840 813 1902 liufo,
851 1850 883 1887 se
906 1837 931 1887 in
957 1840 1047 1886 aere.»
1084 1837 1155 1899 Virg.
1174 1838 1242 1888 Aen.
1260 1837 1293 1897 i,
1310 1839 1342 1887 25
1367 1853 1372 1884 :

287 1917 368 1977 tprae.
394 1943 421 1950 -
448 1914 587 1978 ammae]
614 1913 700 1964 Probe
718 1913 814 1964 distin·
848 1911 955 1972 paribus
987 1911 1069 1960 otmar
1100 1910 1225 1971 cpitaata
1256 1913 1313 1962 ctis.
1347 1939 1372 1948 -

287 1990 392 2054 guenda
418 1987 452 2038 ab
487 1989 633 2039 imitatione
662 1987 812 2040 aemulatio.
849 1985 940 2048 uitreo]
960 1978 1101 2050 «iatine,
1119 1982 1267 2048 pellucido,
1286 1984 1371 2049 splen·

290 2063 353 2114 Plin.
372 2063 438 2127 Epp.
459 2063 488 2124 7,
508 2062 556 2113 30:
583 2062 815 2112 libellosmeocrle
852 2058 916 2108 dido
934 2057 1117 2122 (myrtoum.-
1144 2057 1374 2119 occentet.

287 2139 381 2188 ultione
397 2136 504 2186 Heluidii
520 2137 630 2186 orationi
645 2135 815 2186 Denroatlreeis
855 2161 882 2169 -
901 2135 1013 2184 Nomine
1021 2133 1107 2197 ponto]
1123 2135 1154 2182 ut
1165 2146 1199 2182 ex
1210 2132 1312 2195 volgari
1323 2133 1375 2196 opi

289 2206 364 2262 κατὰ
382 2207 500 2262 Μειδίου
517 2211 632 2272 συκίνη
651 2224 727 2272 petam
743 2223 812 2270 scae,
852 2208 931 2257 nioue
956 2208 1139 2258 immemori
1165 2208 1259 2257 icario
1302 2207 1374 2257 Ovid.

288 2299 345 2336 cum
372 2297 544 2347 componerem
576 2285 647 2345 ilos,
684 2283 761 2333 tobei
787 2283 814 2332 in
852 2281 1072 2342 irist.3‚l,22:
1092 2281 1378 2344 lutllccncimmcesos

288 2359 417 2419 mnino,
435 2372 485 2408 eon
501 2363 530 2408 ut
551 2359 694 2408 aemularer
710 2356 815 2420 (impro-
850 2356 951 2405 nomm
973 2358 1053 2419 sipost
1077 2368 1166 2417 aquea
1203 2357 1256 2416 (De
1288 2354 1378 2420 plurali

288 2435 347 2484 Man
368 2433 434 2484 cuim
451 2447 482 2482 ac
494 2447 576 2495 poene
591 2432 744 2495 sulcatae),
773 2431 814 2480 scii
850 2430 955 2479 nemim
970 2429 1004 2480 cl.
1023 2429 1072 2484 Od.
1090 2429 1245 2491 estune.)
1264 2431 1376 2494 Dempta

289 2515 374 2558 tamen
392 2509 507 2558 imimrer
523 2513 547 2558 et
563 2520 687 2568 uquam.
852 2504 985 2567 imagine:
1032 2504 1193 2553 «Summum
1228 2504 1376 2567 periculum

321 2584 346 2630 2.
364 2581 424 2645 lule]
442 2581 513 2631 lulus
532 2579 606 2643 (laiso
623 2582 650 2630 in
662 2581 728 2630 Cod.
743 2580 812 2631 lled.
852 2579 922 2638 adit,
946 2592 1000 2637 ne,
1022 2576 1087 2628 dum
1105 2576 1232 2650 audacior
1249 2591 1312 2629 esse
1329 2579 1379 2630 volt

289 2655 370 2706 Tacit.
397 2657 465 2705 Anu.
484 2653 511 2715 i,
531 2653 571 2704 ll.
605 2656 633 2704 et
654 2655 726 2717 apud
749 2653 814 2704 alios
852 2657 932 2717 atque
950 2651 1085 2711 sublimis,
1112 2652 1182 2702 adeo
1199 2653 1313 2704 uitiosus
1330 2658 1380 2704 tur·

289 2729 366 2778 Ictim
382 2727 488 2788 dictus),
512 2725 647 2777 insolitum
664 2729 716 2782 hoe
735 2741 815 2791 pree-
853 2727 983 2791 gidusque
1010 2727 1068 2788 liat,
1098 2728 1130 2775 ut
1145 2739 1240 2777 omnes
1257 2728 1284 2776 ei
1301 2742 1379 2792 exps-

289 2815 387 2852 nomeu
404 2801 488 2864 gessit
503 2801 615 2850 inditum
632 2815 647 2850 a
664 2802 759 2864 patre,
786 2803 817 2851 ut
853 2803 998 2854 timentum
1015 2799 1085 2851 mele
1104 2800 1218 2851 cessisse
1237 2801 1377 2852 iudicent.-

289 2876 457 2935 osteuderet,
476 2887 506 2924 se
523 2888 573 2937 per
585 2877 700 2926 matrem
711 2873 814 2937 Iuliam,
885 2877 910 2925 s.
929 2874 1019 2939 muna]
1033 2875 1378 2938 Comparatiopeetaecum

289 2952 317 3000 L.
336 2947 391 2999 iulii
415 2949 537 3000 Caesaris
559 2947 658 3010 filiam,
685 2950 815 3013 attingere
853 2951 925 3000 amni
950 2963 983 2999 ex
1009 2963 1042 2999 eo
1067 2961 1176 3012 quoque
1202 2947 1375 3013 explicanda,

289 3022 635 3087 gentemillamdemissam
645 3023 680 3074 ab
690 3027 814 3085 Ascanio,
854 3023 926 3088 quod
943 3023 1019 3074 solite
1036 3021 1134 3094 τρόπῳ
1145 3022 1274 3074 dicebaut
1289 3027 1377 3089 panea

287 3099 617 3162 micueeeepnumeciun,
630 3099 701 3162 Virg.
712 3102 777 3150 Aen.
790 3101 814 3159 i,
852 3099 961 3163 inperii,
979 3100 1109 3148 orationis.
1129 3099 1185 3149 Cic.
1198 3099 1282 3148 acad.
1296 3101 1322 3162 2,
1333 3100 1376 3150 38:

289 3174 346 3224 267.
356 3174 424 3234 288„
438 3173 483 3223 ubi
494 3175 593 3224 Graeca
601 3175 815 3238 pronuntiatione
852 3174 956 3223 rumen
988 3175 1110 3223 motusic
1133 3187 1242 3223 auretam
1274 3174 1380 3237 [onmes

289 3251 331 3299 est
346 3262 445 3299 nomeu
466 3246 649 3311 trisyllabum,
668 3249 711 3298 hic
725 3249 815 3298 Latina
852 3248 1010 3305 Aristotelen
1034 3249 1126 3311 sicque
1143 3249 1225 3298 etiam
1241 3249 1307 3311 fons.
1341 3250 1378 3297 lu·

288 3321 460 3384 bisyllabum.
495 3320 641 3386 Appellatio
659 3325 749 3372 autem
766 3335 816 3384 per
853 3336 914 3372 ren.
937 3322 981 3382 tu,
1004 3323 1066 3371 tta:
1092 3327 1227 3384 uncaque
1244 3323 1379 3386 Larpuset

287 3409 454 3461 praenomen
462 3399 558 3460 potitae
566 3395 744 3446 iemiliaritem
753 3409 815 3446 cum
853 3396 1042 3447 mummulo
1057 3397 1124 3445 dedu
1138 3396 1232 3459 aporii
1246 3397 1315 3458 sons.
1334 3397 1377 3458 (De

289 3471 390 3521 iuniore
408 3470 494 3520 amico
512 3469 618 3520 indicat.
638 3471 815 3533 Frigidissime
853 3485 903 3522 sua
913 3471 989 3535 poesi
1005 3471 1062 3534 ipse
1075 3470 1203 3520 Pindarus
1215 3469 1320 3534 olymp.
1334 3471 1375 3527 tt,

289 3546 383 3596 contre
401 3547 442 3596 est
459 3545 510 3594 ΗΡ.
529 3544 645 3607 suspicio
663 3545 717 3605 ille,
745 3557 814 3608 quae
853 3546 878 3595 9.
895 3545 1019 3596 Boeclth:
1037 3541 1090 3594 νῦν
1106 3540 1214 3608 ψᾶφον
1231 3542 1379 3606 ἑλισσομέ-

288 3620 310 3670 si
328 3617 408 3669 stulte
428 3619 535 3668 Horatio
558 3631 676 3681 uuquam
698 3616 816 3682 placuis-
854 3611 985 3669 νανὍπα
997 3614 1280 3682 summonitiones
1289 3611 1379 3686 ῥέοκ)

288 3695 344 3751 set,
370 3705 508 3754 uunquam
536 3692 675 3742 transisset
702 3693 729 3742 in
754 3692 814 3743 lule.
887 3695 959 3744 6-8.
977 3692 1058 3756 nome]
1077 3695 1262 3743 «consuetas»
1291 3692 1377 3742 ltauil.

288 3769 381 3830 Neque
406 3779 471 3815 vero
496 3763 559 3815 illud
586 3767 693 3827 argutiis
719 3779 815 3830 porse-
854 3767 959 3829 mii:
977 3767 1177 3831 netisfeptectie
1186 3765 1295 3831 tlmnine
1305 3767 1378 3827 ripis,

230 3837 236 3850 ³
288 3839 426 3902 quendum
438 3841 493 3901 est,
507 3839 580 3902 quod
591 3839 634 3888 hic
646 3839 730 3891 semel
739 3855 817 3905 prae-
854 3841 903 3891 sed
919 3840 999 3891 laeob
1015 3842 1106 3903 neptia.
1135 3869 1163 3876 —
1190 3838 1312 3889 Absurde
1339 3845 1381 3890 est

288 3927 387 3966 nomeu
410 3928 424 3964 a
448 3913 580 3977 gentilicio
603 3915 710 3965 nomine
727 3929 754 3966 v.
772 3917 813 3966 26.
853 3914 950 3966 lectio:
977 3929 1035 3966 cum
1061 3914 1181 3980 (imbres)
1206 3926 1282 3976 saper
1307 3920 1383 3964 oetas

288 3989 422 4048 distraxit,
450 3988 512 4040 alibi
528 4002 594 4040 vero
619 3989 674 4053 (ud.
693 3991 724 4051 ἓ,
737 3989 813 4050 M:
852 3989 943 4039 selim
957 3990 1037 4052 ripae.
1062 4017 1090 4026 -
1107 3988 1208 4052 Fervet]
1227 3989 1315 4051 «ζέει,
1333 4002 1383 4038 ee·

289 4063 373 4124 Crispe
389 4064 498 4126 selecti,
525 4064 724 4125 ud.2‚tt‚a:
753 4064 815 4112 ilir-
854 4064 951 4113 stuat.»
987 4065 1096 4126 Dionys.
1123 4064 1206 4125 Long.
1232 4062 1278 4123 ia,
1299 4064 1334 4116 5:
1363 4059 1380 4114 ὁ

286 4138 346 4199 plue
379 4139 480 4202 Quinti,
509 4140 574 4204 Epp.
600 4141 628 4201 i,
650 4139 681 4198 3,
704 4139 736 4187 4;
766 4139 815 4189 leli
852 4135 996 4209 Πίνδαρος
1020 4138 1071 4187 καὶ
1099 4131 1117 4186 ὁ
1139 4133 1297 4200 Σοφοκλῆς
1331 4130 1382 4188 aar

288 4211 370 4272 Flore)
396 4214 532 4262 coniunxit
556 4225 653 4263 nornen
683 4213 769 4275 gentis
786 4215 813 4262 et
852 4211 907 4275 ptr
933 4205 997 4262 elev
1023 4207 1117 4262 πάντα
1137 4209 1328 4276 sumum
1347 4211 1382 4284 τῇ
