2934 4884
559 342 661 393 LIBER.
698 342 796 393 clun.
815 344 834 391 1.

300 496 339 563 Ut
361 495 510 563 assidens
532 494 740 583 implumibus
761 495 857 583 pullis
879 497 948 562 avis
1048 470 1052 477 ,

349 617 553 703 Serpentium
576 615 717 703 allapsus
739 617 830 683 timet

243 808 249 823 ,
301 738 401 825 Magis
423 736 556 811 relictis,
581 758 660 811 non,
686 748 720 803 ut
742 730 841 811 adsit,
866 738 963 803 auxili

343 859 460 925 Latara
482 857 555 945 plus
577 858 813 945 praesentibus.

303 978 456 1046 Libenter
477 979 539 1046 boc
561 990 593 1045 et
614 1000 709 1047 omne
731 979 917 1047 militabitur

350 1099 471 1167 Bellum
494 1101 526 1165 in
549 1110 622 1165 tuae
646 1121 737 1187 spem
760 1102 895 1187 gratiae,

304 1223 373 1286 Non
396 1231 429 1285 ut
452 1220 596 1287 iuvencis
619 1220 737 1308 illigata
759 1221 905 1309 pluribus

345 1345 456 1409 Aratra
478 1342 618 1408 nitantur
640 1362 727 1418 mea,

195 1589 239 1639 it.
255 1577 288 1637 io
304 1587 382 1646 adsit,
401 1586 484 1636 cubiti
501 1586 567 1645 BSd,
586 1585 677 1636 Blend.
698 1588 765 1646 tres,
785 1588 852 1637 Pott.
872 1589 899 1647 t,
913 1588 940 1647 3,
953 1589 983 1648 t,
997 1590 1027 1649 9,
1041 1591 1077 1649 7„
1095 1590 1186 1649 Aldus.

161 1665 253 1715 LCtF:
274 1667 302 1712 ut
322 1662 354 1711 ait
371 1660 513 1725 (superscr.
532 1660 568 1723 aa)
586 1660 614 1721 b,
632 1664 661 1709 ut
675 1662 707 1709 sit
719 1674 748 1721 e,
767 1663 834 1711 Pott.
852 1660 987 1726 plerique,
1006 1666 1044 1714 uti
1059 1667 1092 1714 sit
1107 1666 1190 1715 cunti

160 1736 283 1789 Blendin.
309 1736 460 1797 vetustiss,
479 1748 548 1786 unus
566 1732 719 1795 Pulmanni,
738 1733 840 1799 aliquot
857 1737 964 1801 bamb,
983 1738 1134 1800 Bentleius,
1151 1742 1190 1791 uti

161 1814 210 1873 sit,
230 1812 313 1861 coedi
338 1812 371 1863 lt.
406 1811 445 1873 (Ut
461 1822 525 1869 nos,
542 1809 575 1871 J.)
602 1834 631 1845 —
659 1810 698 1859 26.
717 1810 780 1859 meu
802 1810 894 1871 Bbcd,
920 1812 1031 1864 Bentleii
1055 1812 1185 1878 plerique,

162 1888 239 1938 scu.
266 1886 305 1948 (Ut
321 1896 387 1944 nos,
406 1886 432 1945 S,
451 1899 487 1944 χ,
507 1896 563 1933 var.
583 1882 643 1935 leot.
662 1899 703 1943 ω,
721 1885 838 1935 Pottierii
856 1885 901 1945 ⁴3,
921 1886 972 1948 ts.)

126 2122 249 2173 praesuta
261 2109 390 2171 prasenti
406 2110 478 2170 eripi.
494 2136 520 2145 -
538 2109 657 2174 annom]
694 2108 794 2171 otest]
814 2110 886 2159 «Non
895 2107 991 2172 utplus
1001 2122 1082 2173 quam
1092 2111 1153 2159 ante
1165 2111 1220 2172 egri

127 2185 217 2245 lupun
233 2186 389 2247 serpentum
407 2184 448 2232 est
459 2182 529 2245 Virg.
543 2184 609 2232 Aen.
627 2185 655 2243 2,
694 2181 874 2245 possideam.»
896 2183 1019 2243 «Errant,
1040 2184 1084 2245 qui
1097 2184 1147 2233 ista
1162 2196 1220 2233 mu-

129 2260 190 2308 225.
213 2258 317 2321 Optime
335 2252 603 2327 ncparopriteisilius
616 2258 656 2318 ti,
694 2256 844 2306 nitioentiae
866 2258 1080 2307 Maecenatianee
1106 2256 1218 2319 iaciunt,

128 2333 177 2383 56:
196 2332 274 2381 tocito
290 2332 312 2380 si
329 2332 363 2380 od
378 2331 489 2381 minino
504 2332 561 2381 aba
571 2332 659 2382 Evasit
694 2343 763 2393 quae
773 2331 883 2393 Augusti
894 2332 1126 2382 essentnltrrsca.
1140 2332 1219 2381 Certe

127 2418 240 2467 servm.
257 2432 283 2441 -
296 2410 324 2456 ut
341 2406 415 2470 adsit]
435 2404 511 2455 «licet
529 2418 656 2469 praesens
694 2406 783 2453 tamen
802 2417 852 2468 per
862 2406 1046 2456 Maecenatem
1063 2417 1096 2455 en
1112 2402 1220 2455 militiae

128 2482 194 2539 sit;»
223 2480 260 2529 uti
275 2480 381 2529 omissis
397 2492 441 2528 vv.
459 2484 488 2529 ct
504 2480 569 2529 adsit
590 2480 657 2529 hece
693 2478 1010 2543 praemiaobOctaviano
1020 2480 1177 2543 accepisset.
1190 2508 1216 2515 -

128 2554 262 2607 sententia
274 2554 386 2617 exprimi
402 2554 519 2618 poterat:
537 2567 588 2603 noa
598 2567 623 2603 a.
637 2554 654 2603 t.
691 2553 819 2617 edantur]
856 2552 1027 2603 «incumbant
1062 2555 1088 2603 in
1118 2555 1216 2603 terram

124 2630 164 2692 pt.
174 2642 296 2690 praecem
308 2628 489 2691 praesentibus.
509 2629 565 2678 Non
581 2640 654 2687 vero,
692 2628 918 2692 proscindendam
947 2628 973 2678 in
1002 2641 1068 2678 arvo
1097 2628 1169 2691 gravi
1191 2631 1218 2676 et

127 2706 161 2753 ut
174 2702 230 2753 ulii:
250 2703 387 2767 «quamvis
404 2705 495 2765 pereto
514 2702 547 2751 sit
564 2700 598 2750 od
617 2701 657 2752 le·
693 2702 796 2765 pingui,
831 2703 954 2765 adeoque
982 2700 1086 2751 fertili.»
1118 2702 1219 2751 aratris

128 2776 244 2828 rendam
262 2789 367 2840 opem.»
397 2775 481 2825 Codd.
500 2776 590 2826 autem
607 2788 656 2824 eu·
693 2776 767 2827 nisus
779 2778 882 2840 poetice
900 2776 1036 2835 tribuitur,
1055 2776 1100 2839 qui
1112 2776 1219 2839 proprie

128 2852 239 2903 ctoritus
260 2850 324 2901 sutis
342 2850 430 2900 firmat
451 2848 512 2900 lect.
531 2854 559 2899 ut
575 2850 655 2911 adsit,
692 2849 777 2901 boum
793 2853 843 2901 est.
863 2879 890 2887 —
906 2850 1031 2913 pluribus]
1048 2851 1133 2900 Varro
1144 2851 1174 2901 n.
1187 2851 1217 2900 lt.

128 2938 194 2978 cum
216 2926 341 2975 vitiosum
364 2925 398 2973 sit
420 2922 531 2973 aliorum
554 2928 583 2973 ut
606 2924 654 2985 sit,
694 2925 722 2984 t,
745 2924 792 2973 te:
815 2925 844 2974 Si
863 2926 974 2975 εωσωα
994 2926 1054 2974 dicit
1070 2938 1167 2986 oman,
1185 2927 1220 2975 cd

128 3002 208 3053 cuius
229 2998 361 3049 comestio
383 3010 479 3062 parum
502 2994 560 3046 lelix
579 2997 656 3047 vide·
692 3003 790 3047 eentum
812 2999 1011 3062 inperatricem
1035 3013 1097 3061 opus
1111 3004 1169 3059 est,
1197 3000 1219 3048 ti

128 3081 174 3127 tur
189 3075 227 3125 uti
243 3074 289 3133 ait,
311 3072 386 3136 peior
403 3072 483 3122 etiam
501 3074 657 3137 interpreta—
692 3071 770 3130 Octo,
789 3072 823 3119 ud
838 3077 966 3133 colopene.
987 3100 1015 3107 -
1036 3075 1101 3134 meu]
1120 3072 1214 3125 Melius

127 3150 179 3200 tio:
200 3160 268 3198 «non
280 3146 355 3209 quasi
373 3147 447 3210 optet
458 3146 553 3196 adesse
568 3144 654 3210 pullis,
692 3146 730 3194 sic
751 3143 847 3206 legitur
862 3156 924 3193 cum
942 3144 1008 3195 Cod.
1027 3145 1139 3208 Sangall.
1158 3160 1214 3197 seo.

127 3226 159 3274 ut
183 3221 244 3286 plus
269 3218 357 3270 auxilii
382 3221 421 3270 eis
444 3219 537 3269 ierat.»
572 3219 656 3269 Video
692 3218 739 3277 x..
759 3220 788 3267 ut
804 3230 829 3267 v.
849 3223 942 3267 aratro
963 3217 1062 3267 hebeat
1078 3219 1130 3268 hoc
1146 3221 1220 3269 attri-

128 3299 212 3349 etiam
224 3295 359 3357 distingui:
387 3294 425 3343 uti
440 3294 487 3353 sit,
505 3293 588 3343 ancili
604 3294 657 3343 Lc-
692 3291 797 3341 butum.
815 3292 933 3342 Alteram
949 3290 1093 3342 lectionem
1110 3292 1219 3342 iuvencis

128 3378 203 3431 turc,
227 3382 289 3419 cum
310 3366 444 3419 Bentleius
461 3367 654 3417 coniunxisset:
692 3392 705 3402 -
719 3365 836 3428 pluribus
850 3390 865 3401 ·
880 3390 895 3400 -
908 3366 971 3415 mdo
990 3363 1125 3415 Bentleius
1143 3378 1218 3429 «pra-

130 3443 397 3504 murmurastis
413 3442 505 3492 omli.
537 3440 574 3491 llli
592 3454 655 3504 ergo
691 3452 753 3490 vam
770 3440 798 3489 et
812 3437 930 3489 luxatam
941 3437 1143 3489 collocationem
1154 3452 1217 3489 ver·

128 3519 272 3571 volebant:
298 3523 326 3566 ut
342 3518 374 3566 sit
387 3530 507 3578 moesone
530 3517 558 3565 in
577 3516 653 3574 nido,
691 3513 804 3563 borum»
823 3513 919 3563 merito
935 3514 1022 3563 vocet.
1050 3513 1141 3575 Nuper
1157 3512 1218 3576 qui-

128 3608 226 3645 verum
236 3596 266 3643 ut
279 3593 314 3642 ita
324 3590 502 3655 explicemus,
521 3590 657 3653 haecqui-
692 3588 756 3639 dem
772 3585 853 3650 Regel
876 3590 904 3637 et
919 3586 1023 3640 Monich
1044 3586 1107 3636 mes
1122 3585 1217 3636 delen-

128 3669 193 3719 dem
211 3664 296 3716 verba
313 3678 363 3729 per
379 3677 409 3715 se
426 3676 479 3715 non
494 3663 654 3723 concedunt,
692 3660 757 3713 dere
775 3662 864 3713 conati
889 3664 966 3722 sunt,
993 3673 1047 3711 non
1071 3662 1162 3709 tamen
1187 3661 1218 3709 ut

129 3741 180 3795 sed
197 3741 341 3803 requiritur
357 3744 385 3789 ut
404 3740 479 3789 odiit.
691 3737 756 3787 mihi
769 3736 821 3787 boc
834 3734 929 3787 melius
945 3748 1005 3785 esse
1017 3733 1215 3799 persuaserint;

163 3814 271 3866 bil-26.
297 3814 422 3878 numer]
450 3813 554 3863 «Totius
576 3812 654 3861 huius
691 3824 756 3861 nem
780 3812 879 3861 iweaci
894 3809 1066 3872 plures-mei
1089 3806 1217 3857 inconditi

129 3888 192 3941 belli
209 3888 330 3939 laborem
348 3886 442 3948 adibo,
469 3884 540 3935 nullo
560 3885 653 3935 abste
691 3886 773 3948 atque
796 3884 947 3935 inconcinni
969 3884 1061 3933 neseio
1082 3880 1145 3943 quid
1168 3881 1217 3930 ba-

129 3963 251 4030 praemio
267 3963 437 4027 exspectato,
456 3960 505 4011 sed
518 3962 578 4009 tuae
591 3972 654 4022 erge
690 3958 751 4020 bet,
770 3961 797 4008 et
814 3972 839 4007 v.
859 3964 952 4007 crotm
963 3959 1020 4007 sine
1032 3955 1085 4007 ullo
1096 3954 1217 4022 ἐπιθέτῳ

130 4051 174 4089 mo
201 4033 403 4086 benevolentiae
430 4047 479 4099 spe
510 4046 541 4083 ac
566 4033 654 4083 studio
690 4030 806 4095 languet.
826 4033 994 4095 Quamquam
1002 4044 1053 4096 pro
1063 4031 1115 4079 hac
1125 4029 1217 4079 lectio-

131 4110 255 4161 duetus.»
276 4136 300 4145 -=
328 4106 591 4172 militabitchetlacn]
619 4120 654 4157 aa
692 4120 725 4157 ne
743 4106 832 4157 otlerri
849 4108 942 4169 posset
957 4104 1089 4168 Ep.2,3:
1107 4104 1217 4155 Paucae

131 4196 214 4243 meu
233 4196 302 4235 nove
321 4182 429 4235 dietum.
449 4184 540 4233 Sonos,
554 4210 581 4219 -
598 4183 655 4232 Non
690 4195 758 4231 rure
774 4180 849 4231 bobio
865 4184 963 4230 exercet
979 4181 1038 4229 atis.
