2934 4884
284 382 346 446 340
669 379 797 431 44044444
816 375 986 430 4444444044

412 537 515 614 Euoe,
540 535 660 602 recenti
681 553 774 600 mens
796 532 937 618 trepidat
957 540 1044 597 metu

411 656 577 743 Plenoque
600 653 715 721 Baoohi
738 663 871 740 pectore
897 651 1061 718 turbidum

453 779 613 843 Laetatur.
658 776 763 850 Euoe,
787 791 885 860 paree
907 771 1021 847 Liber,

496 898 613 970 Parce,
637 894 726 982 gravi
748 893 921 960 metuende
943 891 1073 979 thyrso!

353 1125 378 1172 s.
398 1121 422 1171 7.
441 1119 721 1171 Euhoe-“Euhoe
737 1119 766 1167 T.

287 1327 355 1375 lnter
371 1337 401 1375 se
418 1324 516 1374 lascive
533 1320 683 1372 ludentium
694 1321 810 1384 imagine
850 1333 880 1371 se
904 1320 956 1371 deo
973 1319 1093 1380 tradere,
1120 1319 1182 1382 quia
1204 1317 1377 1385 osorem

286 1399 432 1450 luxurlatur
443 1397 575 1448 Ausonius
597 1397 623 1446 444
642 1393 811 1446 44οο0444470
849 1407 930 1459 saepe
947 1395 1030 1446 miser
1047 1395 1145 1454 exitum
1164 1393 1295 1444 sedeam
1305 1396 1377 1444 resi-

286 1485 363 1536 seqq.
383 1474 468 1522 lmmo
485 1471 538 1521 lam
556 1468 688 1520 Hesiodus
705 1471 809 1532 Fragm.
849 1471 920 1519 stare
943 1469 997 1518 iam
1021 1481 1073 1518 non
1096 1468 1181 1532 possit
1196 1468 1300 1532 potenti
1316 1469 1376 1519 eius

286 1547 327 1596 04.
352 1545 399 1596 Ed.
420 1545 523 1596 nidos:
551 1538 663 1614 οὔρειαι
686 1540 812 1608 Νύμφαι
848 1543 958 1604 40444444,
977 1555 1059 1605 quem
1076 1544 1129 1592 iam
1146 1541 1293 1604 benignum
1312 1555 1376 1592 esse

286 1619 353 1670 0004
368 1645 401 1656 --
411 1618 467 1669 Kal
484 1619 566 1684 γένος
583 1613 742 1668 erimardo
758 1619 812 1667 Σα-
848 1618 940 1676 sentit,
960 1615 1093 1667 exclamat
1109 1617 1159 1666 4444
1179 1642 1194 1651 -
1207 1621 1243 1665 ert
1262 1617 1316 1666 eet.
1337 1617 1375 1665 Ex

287 1689 379 1762 τύρων
395 1693 445 1742 καὶ
456 1686 691 1762 ἀμηχανοεργῶν.
714 1693 811 1742 Contra
848 1691 992 1754 lyrloorum
1010 1693 1100 1741 autem
1116 1703 1193 1740 more
1204 1690 1322 1739 omissus
1334 1693 1378 1738 est

287 1767 361 1817 Ouid.
381 1767 457 1816 'l'rlst
471 1767 500 1827 5,
519 1766 547 1826 3,
566 1765 610 1815 37:
630 1765 726 1815 Stottbt
739 1767 812 1828 (Bao-
849 1767 988 1825 transitus,
1012 1767 1101 1828 ltaque
1124 1767 1213 1815 motus
1233 1767 1261 1814 et
1277 1762 1377 1813 laetitia

287 1840 347 1901 oho)
364 1853 422 1889 oum
437 1839 540 1888 44000444
558 1839 710 1900 Satyrorum
725 1853 812 1903 444000
848 1851 909 1890 sese
925 1852 1010 1904 prope
1028 1839 1204 1904 permiscent,
1224 1839 1255 1886 ut
1270 1839 1298 1887 lu
1314 1837 1378 1900 plil-

286 1914 400 1962 40004404
422 1913 505 1974 Adsit,
532 1918 556 1966 04
577 1914 682 1963 04404440
697 1927 750 1962 non
769 1919 811 1963 to-
848 1912 958 1978 40400444
976 1913 1090 1963 Lucretii
1106 1915 1197 1963 mente
1215 1911 1248 1975 (3,
1266 1911 1317 1973 48.)
1336 1911 1378 1960 444-

286 2000 360 2036 04040
375 2000 443 2036 sotto.
466 2011 493 2024 -
510 1987 606 2051 wear]
619 1987 810 2050 significatione
847 1988 909 2036 otoo
934 1988 1051 2048 uoluptas
1077 1991 1153 2049 atque
1179 1987 1279 2035 404404.
1319 1985 1375 2035 Cir.

286 2062 394 2125 propria
415 2060 613 2126 accipiendum,
640 2075 693 2112 non
716 2075 812 2112 «arre-
849 2060 920 2125 apud
936 2061 1011 2111 ovid.
1031 2060 1093 2111 4404.
1113 2061 1157 2120 46,
1177 2059 1217 2110 63.
1248 2059 1322 2109 Paris
1339 2058 1374 2108 de

287 2139 357 2196 0404,
375 2137 524 2195 attentas»
547 2147 616 2198 quae
634 2136 706 2186 440440
722 2137 811 2200 potius
850 2135 993 2185 Mercurio:
1019 2135 1069 2185 For
1088 2135 1179 2183 0444440
1195 2133 1259 2196 [044-
1285 2133 1328 2196 [aa
1344 2134 1376 2180 st

287 2211 357 2259 inest
374 2209 399 2258 ln
416 2210 473 2273 ipsa
490 2221 515 2258 v.
529 2223 612 2260 00404.
635 2209 812 2273 tingebantur
848 2209 910 2257 mitt
925 2209 982 2257 otro
996 2209 1099 2271 referre.

288 2284 359 2334 enim
371 2276 448 2345 ὀξεῖς
458 2278 495 2332 τὰ
506 2273 566 2333 ὦτα
578 2285 604 2334 04
613 2282 689 2333 oalvi.
703 2284 810 2333 Lucian.
881 2282 906 2331 8.
941 2283 1017 2344 proin
1042 2282 1174 2331 metuende
1201 2280 1300 2345 440440]
1329 2281 1377 2330 Est

288 2358 366 2408 Deor.
385 2358 467 2408 Cone.
485 2357 510 2408 4.
849 2353 982 2406 detersos
1002 2355 1141 2418 generale,
1166 2357 1244 2404 utin
1265 2353 1375 2404 Anthol.

321 2434 345 2482 e.
367 2431 444 2495 44000]
462 2433 491 2481 ln
507 2443 571 2482 vase
588 2433 726 2482 Baeohlcls
743 2433 812 2480 lma·
849 2428 903 2480 Pal.
921 2430 952 2478 ll.
971 2443 997 2493 p.
1016 2429 1073 2478 684.
1092 2428 1126 2478 (40
1143 2429 1249 2479 Baccho
1267 2431 1295 2478 et
1306 2429 1376 2478 ller-

288 2504 392 2568 glnlbus
420 2505 519 2554 relerto
547 2504 647 2568 pluries
675 2507 716 2554 est
743 2502 811 2553 EPA
850 2501 922 2553 oule:
941 2497 970 2565 (ὁ
986 2501 1051 2567 μὲν)
1067 2499 1168 2574 θύρσῳ
1184 2501 1291 2564 δεινός,
1310 2495 1328 2551 ὁ
1345 2500 1378 2552 ot

288 2577 388 2628 ETOE.
419 2578 483 2626 lahu
506 2579 663 2628 Vermbttder
685 2579 759 2629 4830.
782 2591 809 2641 p.
848 2570 975 2644 ῥοπάλῳ.
995 2576 1096 2626 ltimer.
1115 2575 1203 2639 Eelog.
1223 2576 1268 2636 40,
1289 2577 1321 2625 2:
1341 2572 1378 2626 τὰ

288 2652 329 2701 44.
360 2676 388 2686 -
417 2650 535 2713 trepidet]
562 2653 673 2701 44044404
700 2653 813 2714 agitatur
849 2647 902 2701 sori
919 2646 1063 2700 Διονύσου
1085 2642 1162 2699 ὅπλα
1182 2645 1311 2719 νεβρίδος
1326 2651 1378 2699 καὶ

288 2721 560 2783 saevolllolrorrore,
580 2724 813 2788 σοίθεοφανείας
849 2722 969 2796 06ρσοι·
1005 2736 1094 2787 neque
1124 2737 1187 2774 oum
1222 2723 1378 2774 Scholastis

289 2798 409 2848 comitari
426 2795 519 2845 solet.»
538 2797 608 2859 Virg.
627 2800 692 2847 4044.
706 2797 736 2860 4,
748 2799 810 2848 44οε
851 2797 1054 2863 explicandum:
1081 2799 1180 2848 «Putat
1204 2811 1254 2861 per
1277 2799 1378 2848 mentis

289 2883 351 2921 oum
360 2869 507 2920 llerourius
519 2871 698 2934 apparuisset:
711 2873 743 2922 At
752 2887 812 2922 vero
849 2872 1094 2938 perturbationem,
1113 2871 1164 2922 sibi
1174 2871 1270 2922 intesto
1281 2872 1378 2935 thyrso

287 2944 382 2995 ,4044404
398 2947 500 3004 aspectu
510 2943 630 2994 ommutuit
641 2959 727 2996 omens
737 2946 814 2997 Arre-
850 2948 932 2998 deum
948 2945 1120 3005 imminerep»
1137 2947 1167 2994 ut
1183 2947 1225 2995 est
1236 2945 1293 2996 tere
1304 2945 1378 3010 apud

288 3023 391 3078 oleoque
406 3017 511 3067 horrore
527 3031 612 3068 coetae
628 3021 813 3084 0400440404-
850 3018 1167 3079 ovid.am.3,te,t‘1:
1196 3019 1319 3082 Comtper
1335 3021 1378 3068 444-

289 3091 333 3140 bes
348 3091 435 3140 400444.
461 3090 534 3141 lliad.
554 3107 585 3153 0,
605 3093 665 3143 4344
688 3092 813 3152 χαλεσο4
849 3093 1280 3155 orepuitttprtoprooioretpseor.
1309 3093 1378 3143 ltem

288 3161 319 3214 et
335 3162 401 3213 0404
417 3165 576 3224 φαίνεσθαι
592 3165 728 3238 ἐναργεῖς.
851 3170 877 3217 ln
888 3169 977 3232 Eurip.
990 3169 1053 3216 lone
1064 3167 1131 3216 246:
1148 3163 1277 3235 Βρόμιος
1287 3159 1379 3216 ἄλλον

322 3237 346 3288 6.
373 3239 495 3300 rasoque
515 3241 624 3304 pectore]
651 3241 698 3291 Od.
717 3242 746 3301 3,
765 3241 811 3299 46,
847 3236 1029 3306 Ἀπολέμοισι
1055 3241 1215 3292 κισσίνοισι
1238 3237 1379 3311 βάκτροις

289 3312 318 3361 t:
346 3313 400 3374 Quo
415 3325 469 3375 me,
491 3313 601 3374 4400040,
618 3315 690 3376 rupit
706 3315 743 3364 404
758 3315 814 3363 Pte-
850 3315 955 3385 4νσὶρει
972 3313 1029 3377 Γᾶς
1045 3317 1162 3365 τέκνον.

288 3385 367 3435 nom?
393 3386 467 3437 Ovid.
491 3388 559 3436 Fast.
584 3387 612 3447 6,
639 3387 699 3438 538:
726 3388 814 3448 Fitque
899 3390 923 3438 0.
950 3389 1084 3452 Fas-est]
1115 3391 1243 3454 «Propter
1259 3387 1379 3439 furorem

288 3460 327 3508 404·
347 3465 398 3509 4040
415 3465 516 3521 pectore
528 3461 606 3522 pleno
622 3461 669 3510 rtet.
691 3489 717 3497 -
737 3461 815 3510 tutti·
851 3459 1108 3527 (ἐνθουσιασμόν),
1125 3475 1179 3526 quo
1192 3462 1316 3513 Bacchus
1333 3474 1378 3511 me

289 3533 349 3581 4044
372 3532 500 3594 Laetetur]
523 3534 648 3584 «Confert
667 3535 813 3585 lisinekius
851 3537 982 3598 eoncitat,
1009 3537 1096 3588 sentio
1113 3537 1152 3588 ias
1169 3550 1230 3588 esse
1249 3537 1315 3587 milri
1332 3551 1380 3586 ca-

290 3618 352 3656 uum
369 3607 396 3656 44.
410 3605 426 3655 l.
446 3607 613 3658 Pherecratio
625 3610 814 3671 Fragmentum
851 3622 916 3660 nere
938 3609 1022 3661 deum
1042 3623 1131 3674 neque
1151 3611 1214 3660 ideo
1230 3609 1307 3663 illum
1323 3613 1380 3660 lra-

289 3677 814 3752 44.ρ.344;γελῶντακσ4κα4ρονια
850 3687 909 3735 tum
940 3685 1005 3734 milri
1040 3683 1124 3734 tore·
1156 3710 1183 3720 -
1218 3685 1378 3749 pervicaces}

289 3753 339 3803 καὶ
349 3751 573 3819 τεθολωμένον.»
592 3756 672 3806 44444.
686 3757 729 3806 540
740 3757 811 3819 Vrrg.
852 3758 974 3809 «assidue
986 3757 1102 3808 violento
1119 3769 1182 3808 oum
1199 3761 1275 3808 motu
1292 3761 1380 3823 tripu-

289 3830 355 3878 Aen.
373 3828 402 3888 8,
421 3829 482 3877 ooo:
508 3829 661 3891 tneeptetum
678 3829 719 3892 (al.
739 3831 814 3880 4004-
851 3831 968 3892 dtautes,
988 3833 1014 3881 ln
1032 3831 1121 3880 lurore
1137 3833 1306 3894 perstantes,
1337 3831 1380 3882 et·

286 3901 378 3968 plotus)
389 3902 525 3952 4004000444
540 3903 814 3968 etfrequenterapud
851 3903 967 3954 irenes.»
991 3902 1084 3955 Catull.
1104 3903 1151 3964 63,
1164 3904 1211 3953 434
1231 3904 1276 3954 Uti
1291 3907 1380 3966 400440

289 3979 391 4040 poetas.
410 3975 458 4026 Od.
473 3977 497 4034 4,
515 3977 560 4038 44,
574 3977 620 4027 434
639 3978 814 4027 0040044444-
850 3979 987 4028 Nomades
1004 3979 1032 4027 ot
1047 3978 1143 4027 4044044
1159 3977 1328 4041 hemmam
1349 4005 1378 4015 -

290 4055 346 4099 4044.
374 4049 450 4100 Silius
468 4049 495 4108 6,
514 4049 575 4100 nto:
601 4051 703 4100 44040044
719 4051 815 4099 4044404
851 4056 886 4101 est
901 4053 974 4115 mitt]
1001 4053 1073 4102 llaec
1091 4051 1175 4101 Codd.
1194 4052 1274 4102 lectio
1290 4057 1380 4116 magis

289 4123 352 4184 40444
368 4124 489 4174 4444404444.
851 4127 955 4190 poetica
966 4128 995 4176 04
1005 4126 1140 4177 0444040404
1153 4129 1196 4177 est
1206 4139 1290 4189 quam
1301 4128 1381 4176 440444-

323 4196 347 4244 4.
377 4197 458 4256 Eoos,
484 4197 571 4260 parce]
589 4197 679 4247 lietuit
696 4197 814 4261 primunr
851 4197 894 4248 leli
911 4201 944 4249 tit
957 4201 1028 4249 04444.
1043 4228 1071 4238 -
1085 4197 1207 4262 Θυιάδες
1219 4213 1241 4250 s.
1255 4199 1381 4264 Θοῐοὶδες
