2934 4884
679 335 808 418 nonam
827 368 996 420 cremnon

519 555 526 564 ,
548 503 655 568 Martis
677 503 771 590 equis
793 504 975 570 Acheronta
996 506 1092 592 fugit,

465 663 597 727 Gratum
620 639 748 727 elocuta
770 660 1013 728 consiliantibus

472 783 593 847 lunone
616 781 714 847 divis:
738 781 832 857 llion,
856 781 935 848 liion

509 900 625 967 Fatalis
648 900 857 989 incestusque
880 903 978 969 iudex

548 1023 585 1087 Et
610 1020 725 1088 mulier
749 1024 920 1110 peregrina
942 1025 1036 1090 vertit

464 1181 498 1244 ln
521 1178 705 1266 pulverem,
729 1201 770 1245 ex
792 1199 858 1266 quo
881 1179 1025 1246 destituit
1046 1181 1127 1247 deos

362 1368 402 1417 46.
421 1365 504 1418 Patris
520 1369 589 1429 equis
606 1365 671 1417 Cod.
692 1365 727 1430 (4)
758 1366 868 1426 Barlbii,
896 1367 973 1430 prob.
992 1368 1120 1418 Bentleio.
1144 1396 1170 1406 —
1201 1373 1241 1422 47.
1261 1375 1350 1423 lictum

327 1443 417 1505 Progr.
437 1441 548 1492 Scholae
566 1441 763 1492 Tremoniensis
780 1455 804 1490 a.
826 1441 897 1492 4840.
920 1468 946 1478 -
965 1443 1006 1491 st.
1026 1443 1133 1492 distintis
1149 1445 1177 1494 T.

295 1591 341 1648 ὅτι
368 1594 563 1669 σωφροσύνην
591 1601 652 1663 μετ’
688 1593 820 1669 ἀνδρείας
857 1600 884 1649 in
896 1599 1009 1651 Hercule
1021 1604 1091 1654 inter
1101 1604 1168 1656 deos
1180 1607 1381 1670 recipiendo.—

295 1665 453 1732 ἀσκοῦντες
474 1671 522 1722 ἐπὶ
547 1671 680 1723 πλεῖστον
706 1667 821 1743 ἀνθρω-
858 1674 916 1732 Quo
941 1679 1032 1726 autem
1056 1678 1138 1730 huius
1154 1681 1281 1732 orationis
1298 1683 1385 1746 digni-

295 1747 378 1808 πίνης
395 1737 550 1809 ἀφίξονται
564 1743 723 1812 δυνάμεως.
751 1747 818 1797 Plut.
858 1749 940 1797 tatem
965 1750 1072 1812 penitus
1096 1755 1291 1816 persentimus,
1318 1771 1385 1809 con—

295 1819 370 1868 liom.
389 1819 430 1868 28.
466 1819 574 1880 (Quirini
600 1821 700 1884 effigies
726 1824 769 1872 est
792 1822 820 1870 in
857 1821 1011 1884 temptanda
1027 1823 1075 1875 tibi
1092 1829 1155 1877 sunt
1170 1830 1277 1880 lunonis
1299 1833 1385 1881 simu-

225 1935 231 1950 ς
295 1903 405 1940 nummo
428 1891 455 1940 C.
479 1894 603 1944 nsum.
629 1895 655 1944 C.
675 1895 702 1944 F.
731 1896 819 1944 Riocio
856 1892 929 1944 lacra
946 1898 1067 1961 antiqua,
1094 1902 1225 1964 imprimis
1247 1905 1314 1954 iuno
1332 1907 1385 1955 Lu-

293 1965 329 2015 lil.
349 1965 379 2014 F.
398 1965 428 2014 li.
446 1977 473 2028 p.
493 1965 560 2028 444.)
581 1995 607 2003 -
633 1970 726 2019 Μονιίε
742 1969 820 2032 equis]
857 1968 996 2032 dovigiaua
1013 1975 1040 2022 et
1051 1975 1221 2026 Praenestina
1236 1978 1386 2041 apud-uui

294 2037 370 2088 Ouid.
398 2040 459 2088 Met.
488 2039 534 2102 44,
561 2041 609 2090 805
634 2055 710 2105 seqq.
749 2044 818 2093 Fast.
856 2040 897 2091 ler
921 2045 1026 2095 Πιτύεια.
1052 2048 1083 2097 11.
1111 2050 1139 2109 t,
1166 2049 1206 2100 34.
1233 2053 1262 2100 et
1286 2052 1330 2102 st.
1356 2080 1383 2089 -

294 2113 324 2172 2,
352 2112 418 2162 493:
454 2114 518 2164 Hinc
542 2119 630 2177 ιοιισι,
659 2117 716 2166 hinc
739 2118 822 2166 missia
855 2117 936 2178 bion,
954 2119 1029 2184 ilioni
1049 2122 1160 2185 Dionys.
1177 2125 1258 2187 Long.
1278 2127 1383 2190 Fragm.

294 2185 454 2248 abnunpittrr
465 2187 563 2251 ipoibus
573 2190 676 2238 aethe:
693 2191 733 2239 Fit
742 2191 820 2254 [τιςω
857 2190 881 2240 8.
900 2204 927 2254 p.
948 2193 1005 2242 tes.
1024 2196 1127 2257 Egger:
1145 2195 1248 2260 Πόθος
1264 2198 1386 2252 ποιοῦσι

294 2273 342 2309 ren
371 2262 467 2323 patriis
501 2267 573 2312 astra
602 2263 703 2324 petebat
740 2266 818 2324 equis.
857 2265 907 2313 καὶ
923 2267 955 2314 οἱ
974 2261 1254 2336 ἀναδιπλασιασμού·
1283 2272 1386 2339 Θῆβαι

294 2335 380 2384 Etiam
397 2336 507 2398 Dionys.
527 2335 610 2386 Halic.
630 2338 660 2398 Ξ,
679 2339 720 2386 ot.
740 2337 821 2387 tradit
857 2335 899 2398 δέ,
911 2337 1008 2404 Θῆβαι
1018 2344 1150 2405 (nesebin.
1160 2347 1185 2395 in
1194 2347 1384 2412 Ctes.5.l33.).

294 2421 358 2458 eum
369 2402 491 2458 ἀπὸτοῦ
504 2403 820 2482 τατρὸςἌρεωςάνηρ-
864 2415 931 2483 ‚ta
958 2417 1064 2482 Fatalis]
1095 2433 1126 2468 «a
1151 2420 1210 2482 latis
1235 2421 1270 2471 ad
1290 2424 1385 2474 Troiae

295 2477 415 2530 πάσθαι.
437 2482 821 2547 —Aelteronto11’indani'rT
858 2490 991 2541 excidium
1023 2491 1171 2545 destinatus
1206 2491 1384 2567 (Δύσπαρις,

296 2557 341 2614 44,
361 2555 385 2606 4.
416 2557 483 2606 Diss.
503 2557 613 2609 dedis:
644 2559 741 2611 Κεϊνοι
765 2557 820 2631 γάρ
857 2561 1023 2636 Αἰνότισρις)
1048 2569 1130 2631 atque
1150 2573 1260 2632 propter
1275 2574 1385 2637 raptum

294 2631 317 2678 τ’
343 2621 450 2678 ἄνοσοι
483 2631 533 2680 καὶ
557 2624 683 2702 ἀγήραοι
715 2633 820 2685 Πόνον
858 2637 974 2690 Helenae
996 2641 1086 2704 (quam
1104 2642 1155 2692 dea
1172 2646 1312 2696 nominare
1331 2661 1386 2698 non

294 2703 317 2750 τ’
341 2693 472 2770 ἄπειροι,
501 2701 653 2773 βαρυβόαν
678 2705 821 2778 Πορύμὸν
857 2711 987 2776 dignatur)
1005 2714 1127 2779 impurus
1143 2716 1262 2780 adulter,
1280 2719 1318 2770 ob
1332 2723 1386 2774 boc

295 2771 469 2841 πεφευγότες
488 2768 661 2849 Ἀχέροντος.
707 2782 819 2833 Theocr.
857 2787 947 2838 scelus
967 2789 1055 2851 ipsum
1076 2805 1092 2840 a
1113 2791 1173 2843 latis
1189 2791 1309 2855 electus,
1339 2799 1385 2861 qui

295 2850 341 2910 47,
360 2849 408 2900 ld:
438 2849 576 2921 Βερενίκα
600 2848 723 2919 Εύειδὴς
742 2850 820 2916 Ἀχέ-
857 2865 971 2926 patriam
988 2868 1148 2916 everteret.»
1169 2895 1197 2904 -
1220 2869 1387 2934 iodac1Eri-

293 2937 381 2994 ροντα
398 2921 579 2976 πολύστονον
597 2923 652 2978 ούιι
669 2929 818 3001 ἐπέρασεν.
857 2936 899 2986 dis
915 2949 978 2987 cum
995 2937 1096 2990 malum
1112 2955 1239 3004 aureum,
1264 2943 1387 3008 pulchri-

296 3025 323 3033 -
341 2998 418 3063 sopit]
436 3001 466 3049 ut
482 3000 530 3050 od.
550 3001 579 3062 3,
599 3004 627 3064 4,
647 3004 693 3055 si:
711 3006 821 3070 faciente
858 3010 955 3061 tudinis
972 3014 1140 3076 praemium,
1166 3017 1320 3079 posthabita
1340 3023 1386 3071 lu-

292 3085 386 3132 pcnnc.
857 3098 927 3136 none
945 3090 972 3136 et
996 3089 1127 3149 Minerva,
1155 3091 1253 3140 Veneri
1276 3093 1386 3145 adiudi-

328 3145 367 3194 ⁴7.
398 3145 438 3197 48.
469 3148 589 3214 Gratwn]
619 3152 718 3204 Omnes
747 3156 820 3205 enim
857 3161 934 3210 eavit.
953 3162 1103 3224 Virg.lteu.
1123 3164 1386 3222 witmundum

293 3218 405 3270 Romulo
422 3221 554 3274 favebant.
578 3249 605 3260 ·-
625 3228 819 3293 eccellentiae]
855 3240 936 3284 neate
969 3241 1096 3297 repostum
1130 3239 1253 3289 ludicim
1282 3243 1386 3294 Ραιύαίι

294 3293 532 3358 «deliberantibus,
562 3301 652 3350 utrum
670 3301 695 3350 in
714 3300 819 3354 caelum
855 3313 1001 3369 ιριιῑαεςιιε
1022 3311 1119 3359 iniuria
1133 3313 1239 3374 fornae.
1274 3315 1385 3369 Fundus

293 3368 462 3431 recipiendus
480 3375 552 3421 esset
569 3385 681 3424 necne.»
703 3376 743 3424 De
760 3377 818 3439 ipso
855 3381 961 3433 tabulae
978 3387 1021 3434 est
1037 3383 1110 3435 lliad.
1127 3403 1165 3446 ω,
1183 3389 1306 3451 stt-ao„
1339 3397 1385 3456 qui

292 3455 317 3489 v.
331 3443 461 3492 conditori
472 3445 498 3494 in
511 3445 644 3498 nonnullis
656 3449 819 3512 scriptorum
855 3457 947 3507 tamen
962 3455 1037 3509 locus
1054 3459 1143 3510 multis
1162 3463 1199 3522 (ut
1208 3462 1305 3514 Wolfio
1318 3469 1386 3518 Pro-

293 3513 357 3564 locis
382 3521 525 3580 suspecto,
553 3520 597 3570 bic
619 3523 646 3570 et
661 3525 692 3571 Α.
711 3525 740 3572 Ρ.
760 3523 817 3573 496.
855 3528 923 3594 legg.
946 3545 973 3595 p.
991 3533 1059 3594 443.)
1085 3534 1157 3583 haud
1173 3537 1309 3588 immerito
1336 3555 1385 3592 su-

293 3590 382 3651 cerm,
409 3590 456 3639 eir.
481 3593 543 3642 Em.
570 3594 604 3644 ad
622 3597 683 3646 Tac.
701 3597 767 3647 Hist.
786 3599 817 3657 2,
856 3607 965 3668 spectus
981 3606 1043 3666 iuit;
1068 3607 1165 3658 clarius
1183 3610 1280 3663 deiude
1296 3627 1385 3679 expo-

292 3661 339 3710 53:
366 3677 456 3714 rurae
470 3667 643 3729 comitiatum
672 3671 737 3720 item
755 3673 819 3720 For·
855 3679 905 3729 sita
916 3681 959 3729 est
969 3681 996 3730 in
1008 3681 1126 3744 Cypriis.
1146 3683 1286 3748 aliquoties
1297 3689 1385 3751 signi-

293 3733 427 3785 cellinum.
443 3763 471 3774 -
483 3739 584 3805 [marte]
601 3742 690 3794 Simile
703 3747 745 3795 est
755 3745 820 3794 deo-
855 3751 933 3802 licata
949 3752 985 3802 ab
1000 3754 1125 3818 Euripide
1137 3758 1211 3820 (lice.
1224 3760 1282 3821 649,
1300 3773 1383 3828 seqq.

292 3821 354 3858 mm
380 3810 519 3862 consilium
544 3815 615 3877 apud
640 3818 730 3883 Eurip.
758 3817 816 3869 Hel.
854 3827 912 3890 lph.
933 3826 991 3877 Aul.
1016 3829 1088 3879 4300.
1118 3831 1214 3883 Troad.
1236 3835 1293 3885 925.
1322 3837 1382 3888 liei.

292 3883 349 3934 878.
369 3884 465 3935 Diod:
487 3880 567 3958 Ἔρις
591 3888 646 3960 γὰρ
671 3891 701 3942 ἐν
717 3893 816 3956 θεοῖς,
855 3901 896 3950 23.
914 3900 996 3951 Andr.
1014 3903 1100 3967 284),
1130 3918 1213 3970 saepe
1238 3909 1321 3959 etiam
1349 3913 1384 3963 ab

293 3952 436 4025 σύλλογός
451 3974 482 4010 τε
497 3958 550 4012 τοῦ
568 3965 632 4035 πέρι
641 3959 744 4018 Ἔσται
760 3965 818 4018 τά.
854 3975 969 4039 antiquis
1000 3977 1146 4029 artificibus
1178 3993 1321 4044 expressa,
1357 3993 1384 4038 ut

292 4029 392 4102 ρεδρος
408 4035 478 4099 Ζηνὶ
493 4033 557 4102 τῷδ’
576 4038 607 4088 ἐν
624 4033 722 4104 ἤματι.
745 4036 818 4115 Ἦρα
855 4051 897 4099 est
918 4051 1066 4102 Mercurius
1088 4055 1144 4104 tres
1167 4055 1233 4106 deas
1250 4057 1285 4106 ad
1310 4060 1385 4111 iudi-

292 4107 361 4166 μέν,
390 4101 409 4172 ἧ
434 4123 483 4160 σοι
507 4107 652 4178 δυσμενὴς
676 4116 817 4186 πάροιθεν
855 4124 928 4174 cium
952 4124 1056 4177 ducens
1086 4129 1113 4177 in
1138 4130 1257 4180 Gerhard
1286 4133 1384 4186 Vaseo-

292 4169 345 4241 ἤν,
364 4179 425 4231 Νῦν
441 4182 518 4234 ἐστιν
536 4178 646 4249 εύνσνς.
682 4191 723 4239 Sic
736 4192 817 4242 etiam
854 4211 918 4258 pern.
945 4199 973 4247 Τ.
1001 4199 1040 4249 72.
1079 4205 1160 4267 atque
1190 4206 1324 4270 imprimis
1355 4212 1382 4260 T.
