2934 4884
688 377 816 427 Hortarii
830 377 1013 429 clamitari.

534 535 649 620 Sperat
671 533 800 599 nescius
823 553 921 598 aurae

596 653 740 722 Fallacis.
784 653 907 730 Miseri,
930 651 1049 740 quibus

512 826 666 889 intentata
688 821 785 888 nites!
808 821 858 886 lie
880 818 989 887 tabula
1010 839 1103 886 sacer

510 945 620 1011 Votiva
642 943 750 1031 paries
772 940 892 1008 indicat
913 939 1009 1007 uvida

592 1062 810 1153 Suspendisse
831 1063 952 1151 potenti

657 1186 851 1253 Vestimenta
871 1185 970 1251 maris
992 1183 1064 1250 deo.

366 1389 406 1437 43.
424 1388 570 1448 inemptam
582 1385 634 1435 bSe
651 1389 678 1436 et
695 1399 726 1435 ex
745 1387 796 1436 hae
813 1386 942 1449 scriptura
959 1385 1126 1446 emptorum
1142 1385 1170 1434 T.
1193 1412 1220 1420 -
1240 1383 1279 1434 44.
1298 1385 1348 1432 44-

285 1502 290 1512 .
332 1464 402 1511 444464
418 1463 542 1524 quattuor
559 1463 640 1520 Poll,
660 1460 748 1511 Aldus.

300 1654 324 1687 44.
345 1640 384 1688 49.
401 1666 428 1674 -
447 1652 527 1688 auras
541 1637 648 1702 fallacis]
668 1637 772 1688 4444444
785 1637 824 1688 44-
858 1650 900 1686 444
915 1637 1003 1686 Ferme
1017 1637 1084 1699 444444
1099 1636 1203 1686 neuster
1218 1637 1315 1686 amaris
1335 1637 1386 1684 Hic

299 1714 386 1763 vitatis
402 1715 482 1775 atque
494 1714 692 1772 inconstantiae,
714 1713 822 1775 quaete
857 1716 969 1772 44444444,
998 1711 1083 1759 mutis
1106 1711 1166 1759 olim
1184 1709 1323 1760 uenerabile
1348 1711 1387 1758 li—

300 1801 408 1852 semper
419 1786 527 1850 impellit
538 1787 572 1836 ad
584 1786 663 1838 alium
676 1799 821 1849 rursusque
857 1799 949 1849 pawn:
974 1786 1073 1835 semoti
1093 1797 1127 1833 444
1146 1785 1220 1834 44444444
1238 1784 1281 1833 ubi
1303 1786 1389 1848 ttqere

300 1861 379 1912 alium
397 1861 595 1911 irretiendum»
629 1863 671 1912 Sic
688 1874 755 1912 aura
773 1874 823 1922 po-
859 1861 927 1909 (444444
942 1859 1052 1909 solebam
1068 1859 1189 1908 latranti
1204 1859 1260 1908 dieo
1276 1864 1389 1908 44444444

295 1937 407 1998 palaris,
428 1937 513 1997 lavor,
538 1937 581 1999 qui
600 1935 664 1987 levis
682 1949 763 1986 aurae
780 1937 823 1985 in·
858 1935 1004 1995 suspendere
1019 1938 1103 1982 4444444
1133 1933 1289 1983 Diodorus·
1283 1947 1308 1982 ru
1326 1938 1387 1982 An·

300 2017 355 2062 star
376 2024 484 2076 semper
505 2013 628 2060 mutatur.
670 2011 723 2061 Cic.
745 2012 819 2060 Verr.
859 2005 1387 2093 4444143444Ρ41.4.ρ.466;4(αρπαθίηι

299 2088 361 2134 nec.
390 2086 414 2146 4,
442 2086 482 2145 43,
505 2086 548 2135 35:
576 2085 621 2134 sibi
642 2099 735 2136 auram
752 2098 823 2147 posse
859 2073 1305 2170 ὄτενοκιὸςᾶλαοτρέψαντος
1287 2077 1386 2146 αήτου

299 2160 412 2221 aliquam
429 2160 569 2224 ustiure--
555 2161 820 2209 -4444444444444444444444
859 2155 984 2206 Aulium
990 2151 1130 2244 Βορῤαίῃ
1146 2155 1273 2207 4444444444
1290 2155 1388 2206 ἐσεῖδε

299 2234 371 2284 Ovid.
391 2238 449 2284 Am.
468 2236 493 2296 4,
507 2235 530 2294 9,
544 2235 591 2286 334
610 2237 706 2284 ineerta
723 2235 824 2296 Cupidi-
858 2233 952 2302 κέρας,
962 2224 1160 2300 Εὔξατοκῆρα
1168 2246 1277 2298 φογων,
1287 2227 1388 2281 Βοιώ-

299 2311 338 2358 nis
353 2323 428 2359 aura.
858 2320 917 2368 τιε,
944 2307 993 2357 σοί
1017 2319 1068 2370 με,
1094 2303 1218 2378 Κάβειρο
1238 2305 1385 2367 Δέσποτα,

334 2384 373 2434 43.
393 2384 558 2447 4444444444]4
546 2384 683 2434 «nondum
702 2385 822 2448 spectata
858 2383 1011 2468 χειμερ4ης
1020 2374 1136 2446 ἄνθεμα
1152 2378 1306 2446 ναυτιλίης,
1320 2373 1389 2451 'Ap-

299 2459 416 2521 saiisque
429 2459 558 2520 cognita.»
573 2458 708 2521 —nites]«
696 2457 822 2521 «pulchra
858 2453 958 2521 τήσειν
990 2449 1086 2522 ἁγίοις
1119 2452 1186 2506 τόδε
1214 2451 1322 2506 λώπιον
1351 2455 1388 2506 ἐν

299 2537 325 2582 et
337 2531 592 2582 umabrlrsirdens
601 2533 741 2582 Semel
735 2545 822 2596 ipsum
859 2529 1046 2616 τροπολιάοις
1063 2529 1206 2597 Διογένης
1224 2524 1387 2592 almeo*

298 2604 378 2655 4444444
387 2605 543 2668 naufragum
560 2619 591 2655 en
607 2605 741 2666 fluetibus,
759 2608 824 2669 Pyr·
859 2599 939 2675 ἀνιρι
955 2607 1005 2656 nul
1022 2607 1130 2670 vestm.

299 2681 363 2730 rhae
381 2693 501 2730 amorem
519 2682 560 2730 rix
579 2681 686 2731 tandem
704 2682 821 2732 evasisse
892 2681 931 2732 44.
963 2681 1049 2745 wida]
1075 2679 1142 2730 Olim
1161 2679 1265 2728 4444444444
1283 2693 1316 2729 ex
1336 2693 1390 2730 se-

299 2754 392 2804 festino
404 2767 465 2803 cum
478 2757 535 2804 ioeo
547 2754 660 2804 dieite
649 2756 727 2818 «Ego,
741 2769 822 2819 quern
858 2755 902 2806 lita
919 2757 1057 2819 utriusque
1074 2753 1196 2804 vocabuli
1216 2753 1386 2816 confusione,

298 2833 326 2878 tu
352 2831 450 2880 misere
477 2829 618 2894 decepisti,
649 2831 682 2880 ita
711 2833 740 2880 ut
765 2832 822 2894 spei
859 2837 910 2895 qua
940 2830 973 2881 de
1006 2830 1205 2880 accuratissime
1238 2827 1390 2892 disputarit

299 2916 376 2953 meae
394 2905 420 2953 4ο
440 2904 543 2954 iruendi
560 2903 640 2954 veluti
657 2905 822 2968 naufragium
858 2907 975 2969 Wagner
991 2905 1025 2955 ad
1042 2905 1112 2967 virg.
1133 2907 1178 2954 Ge.
1198 2904 1221 2963 4,
1240 2903 1296 2954 llil.

298 2978 420 3038 iecerim,
433 2977 479 3027 tihi
492 2991 612 3028 amorem
624 2979 650 3028 444
662 2983 822 3043 perpetuum
892 2981 931 3030 46,
955 2981 1015 3029 444444
1027 2984 1115 3041 potens
1129 2980 1218 3038 44444444,
1241 2981 1271 3027 ut
1286 2977 1334 3027 Od.
1357 2981 1384 3033 4,

298 3053 459 3112 renuntiari3
480 3067 531 3103 non
550 3055 639 3103 tamen
658 3054 706 3114 ita,
727 3053 821 3103 uttihi
858 3055 882 3115 3,
902 3057 930 3103 i:
958 3055 1126 3116 Diuapotens
1142 3055 1226 3116 cypri.
1256 3081 1283 3090 -
1310 3054 1388 3103 inter

299 3128 380 3178 iratus
397 3128 474 3178 sim.»
504 3125 629 3178 solebant
646 3131 736 3177 autem
755 3141 822 3177 neu·
859 3129 955 3180 multas
966 3130 1080 3194 Neptuni
1096 3129 1234 3191 imagines,
1253 3141 1321 3190 quae
1334 3141 1388 3178 su-

298 3202 405 3268 iragilin
423 3203 535 3267 Neptuni
554 3205 598 3253 ant
619 3202 684 3252 alius
701 3203 745 3252 dei
762 3215 821 3252 mu·
857 3203 1388 3268 persuntliidevelMillinmpttol.(1'ei-

297 3277 347 3326 rini
359 3276 470 3328 delubro
483 3277 570 3342 aliquo
588 3277 772 3341 (saesrpun'es)
785 3280 823 3326 44-
857 3279 940 3342 lario),
969 3279 1098 3342 imprimis
1121 3275 1295 3328 memorabile
1316 3277 1387 3326 mihi

297 3351 388 3402 hulam
403 3353 520 3402 votivum
537 3365 663 3403 unacum
675 3353 821 3403 vestimen·
858 3365 966 3416 semper
982 3354 1069 3403 visum
1087 3356 1128 3403 est
1147 3355 1226 3416 eaput
1243 3353 1300 3403 eius
1317 3351 1389 3400 iser-

297 3427 338 3486 tis,
358 3427 383 3476 in
396 3427 493 3491 quibus
502 3431 577 3478 erunt
587 3429 692 3488 servati,
706 3441 821 3490 suspen·
857 3427 899 3477 bis
924 3423 1033 3477 marinis
1058 3427 1211 3477 redimitum
1238 3429 1263 3477 in
1289 3425 1389 3476 iliiller

297 3501 369 3550 dere.
389 3503 458 3562 Virg.
478 3507 541 3552 Aen.
557 3505 595 3562 44,
613 3504 674 3553 4664
694 3502 821 3551 Fortem·
857 3502 961 3552 nmen.
981 3504 998 3552 l.
1019 3502 1041 3552 4.
1062 3505 1091 3551 N.
1111 3501 1167 3552 434.

652 3821 1016 3881 EXCURSUS

767 3955 899 4003 incl.

345 4071 410 4120 ilinc
429 4083 489 4120 eum
511 4071 640 4134 incipiunt
655 4073 750 4133 poetae
768 4085 873 4124 amores
896 4089 958 4126 curn
984 4075 1087 4135 felices,
1111 4080 1166 4127 tum
1190 4075 1318 4135 infelices,
1343 4077 1389 4128 le-

297 4154 361 4203 ctori
380 4155 560 4219 maximopere
580 4154 740 4205 commendo
758 4156 889 4217 Teuffelii,
917 4159 1033 4210 doctoris
1051 4159 1237 4223 Tuhingensis.
1257 4161 1387 4212 iestivum

296 4237 454 4303 opuseulum
479 4239 517 4288 lle
543 4237 670 4288 (4444444444
694 4239 795 4290 Horatii
820 4241 894 4300 444444
913 4245 944 4294 Ν.
967 4243 1121 4293 inimiciter
1141 4245 1228 4307 suppl.
1247 4245 1288 4293 Vl.
1307 4245 1332 4294 4.
1354 4261 1384 4310 p.
