2934 4884
546 393 731 445 amerino.
1134 393 1189 444 Nlll

109 558 272 616 cesserunt
290 561 410 624 umen,
427 559 581 636 quantum
600 548 642 615 ad
666 569 735 616 rem
752 547 895 616 criticam
909 559 1045 637 spectat,
1061 561 1190 637 practer

110 670 231 737 Codicis
245 671 411 735 Berueners
425 672 531 758 quarti
544 669 585 754 (d)
603 669 775 744 lectiones,
799 670 861 735 iam
876 669 917 736 ad
932 671 1056 738 calcem
1070 671 1190 738 Editio-

109 791 153 856 nis
167 790 334 858 secundae
350 791 427 874 (Vol.
442 793 480 856 ll.
492 812 523 878 p.
535 791 598 856 805
610 793 694 878 sqq.)
707 789 909 874 exhibitas'l
924 793 1020 858 etiarn
1034 793 1190 860 Codicum

109 913 355 978 Bortieioaormn
383 912 555 989 lectiones,
591 921 753 1000 quotquot
779 933 799 978 a
821 911 973 979 Britanno
1003 912 1190 981 doctissimo

110 1045 248 1100 enotatae
272 1043 362 1111 sunt,
386 1033 427 1100 ab
443 1032 565 1101 Orellio
581 1033 695 1099 litteris
718 1033 845 1120 graecis
866 1033 915 1100 sic
929 1033 1189 1120 designatorum:

163 1163 277 1231 Codex
313 1163 500 1230 Gmnrnuus
534 1167 588 1249 (β)
623 1165 695 1232 Sec.
729 1163 765 1230 x.
799 1163 868 1230 llid.
902 1162 1073 1233 Kircltneri
1112 1166 1190 1232 Nov.

110 1287 246 1362 Quaestt
271 1285 382 1352 Horat.
404 1306 436 1371 p.
459 1285 500 1352 28
523 1306 571 1373 sq.

166 1415 279 1484 Codex
302 1417 462 1482 murras
485 1417 524 1502 (y)
553 1415 625 1482 Sec.
643 1415 680 1480 x.
703 1414 772 1480 Vid.
788 1413 917 1482 Kirchn.
934 1415 970 1481 N.
986 1417 1024 1497 Q.
1038 1417 1077 1482 ll.
1093 1437 1125 1504 p.
1140 1417 1191 1482 36.

166 1545 278 1612 Codex
310 1547 550 1612 Zuercnnumuus
582 1547 619 1630 (ὃ)
649 1546 720 1612 Sec.
751 1545 817 1611 llll.
846 1545 916 1612 vid.
944 1546 1073 1614 Kirehn.
1095 1547 1130 1613 N.
1153 1547 1192 1626 Q.

110 1667 142 1731 ll.
163 1688 191 1753 p.
213 1668 267 1732 56.

167 1796 281 1864 Codex
312 1799 477 1864 Vcssnuus
500 1801 545 1882 (ς),
578 1795 759 1884 «prioribus
787 1795 849 1862 illis
871 1797 1000 1883 optimis
1021 1817 1085 1863 non
1113 1797 1193 1864 inle-

114 1920 200 1984 rior.»
247 1917 354 1985 Bentl.
377 1917 479 1984 Praei
503 1917 555 1984 ed.
578 1919 663 2006 Lips.
687 1939 718 2005 p.
742 1919 791 1985 vl.

165 2048 278 2116 Codex
303 2049 477 2115 merxuus
501 2051 552 2133 (o),
579 2047 652 2136 «qui
676 2046 836 2136 Epistulas
850 2047 948 2116 modo
962 2047 1089 2116 habet».
1113 2047 1192 2115 lbid.

112 2191 138 2256 p.
158 2171 204 2236 Vl.

168 2299 281 2368 Codex
317 2299 450 2388 Collegii
481 2302 660 2368 Rucruuusrs
692 2298 811 2367 Oxonii
844 2301 897 2384 (κ)
931 2299 1003 2365 Sec.
1025 2299 1077 2363 Xl.
1124 2299 1196 2367 «Ex

112 2421 316 2500 Britannicis,
340 2441 424 2508 quos
443 2441 558 2487 omnes
580 2420 642 2509 ipsi
664 2420 768 2488 oculis
790 2419 1033 2508 usurpavimus,
1056 2417 1196 2507 palmam

113 2541 195 2609 lacile
229 2541 351 2617 aufert,
384 2541 474 2609 DCC.
499 2561 656 2608 annorum
685 2551 718 2608 et
747 2542 788 2608 ab
817 2540 903 2608 omni
926 2551 1018 2629 parte
1040 2540 1193 2629 integer.»

115 2662 206 2729 Bentl.
230 2663 338 2730 Praei.
361 2683 393 2750 p.
416 2663 465 2728 Vl.

169 2792 283 2860 Codex
305 2813 324 2858 c
346 2789 545 2858 Bibliotheca
568 2793 682 2858 linens
699 2793 877 2859 sociemus
900 2793 1034 2860 Londini
1052 2796 1100 2879 (t).
1116 2793 1195 2860 lbid.

171 2922 285 2991 Codex
309 2923 476 2988 Pnranusrs
497 2923 607 2988 Douus
629 2921 854 3010 Cantabrigiae
877 2924 931 3010 lu).
966 2921 1045 2990 lbid.

172 3053 285 3121 Codex
309 3050 443 3140 Collegii
466 3052 714 3118 llxenununusrs
736 3052 854 3121 Oxonii
877 3055 924 3138 (ν).
947 3051 1027 3119 lbid.

171 3184 284 3252 Codex
306 3185 423 3250 liceum
446 3183 540 3251 Gum
564 3185 609 3269 (ξ).
654 3182 734 3250 lbid.

172 3493 196 3554 *l
216 3491 301 3543 «Cod.
320 3493 498 3543 Ber-nensis
524 3494 554 3542 N.
574 3494 631 3544 508.
651 3491 766 3544 membr.
786 3471 872 3542 seculi
894 3491 948 3542 ΧΗ.
966 3492 1093 3553 ineuntis,
1120 3492 1199 3544 Galli-

119 3577 191 3616 canae
216 3568 334 3631 originis.
372 3568 416 3617 Est
438 3567 477 3618 sie
500 3567 563 3617 satis
586 3567 687 3626 honus,
714 3566 917 3633 post-ponendus
939 3569 1029 3618 tamen
1049 3567 1134 3620 tribus
1150 3567 1199 3620 iNis

119 3637 292 3692 dernensibus
310 3641 373 3692 olim
386 3654 400 3690 a
414 3653 457 3691 me
474 3640 588 3704 collatis,
608 3643 672 3692 ilem
689 3641 841 3702 Turicensi,
860 3641 1022 3705 sangallensi
1039 3645 1067 3693 el
1082 3642 1201 3694 Eiuslad·

119 3708 190 3762 lensis
213 3715 343 3779 reliquiis.
378 3717 435 3766 Non
459 3717 550 3766 temen
568 3729 600 3766 ex
619 3715 670 3766 ullo
692 3715 868 3766 Beruensium
884 3729 1008 3767 meorum
1023 3718 1143 3782 priorum
1161 3718 1198 3780 (B,

119 3783 143 3844 b,
160 3788 180 3849 c)
198 3789 351 3854 descriptus
370 3792 424 3850 est,
443 3791 481 3839 uti
498 3788 582 3854 liquet
598 3787 640 3840 vel
659 3803 691 3838 ex
701 3801 755 3839 una
772 3789 814 3839 illa
825 3788 938 3841 lectione
950 3791 1032 3854 Epist.
1047 3792 1075 3852 l,
1095 3789 1138 3850 tl,
1152 3791 1197 3840 ⁴7:

119 3873 205 3911 moue
227 3866 329 3928 nepctto
349 3877 400 3929 pro
416 3865 498 3914 metro
514 3865 628 3928 nepotis,
656 3875 738 3927 quom
755 3865 878 3929 quidem,
905 3865 979 3928 quod
996 3866 1092 3925 sciam,
1120 3876 1200 3914 nemo

122 3937 211 3987 notarit
232 3941 341 4002 praeter
356 3939 451 3989 Feam:
476 3953 524 3988 rex
545 3940 592 3990 Ns.
617 3939 643 3988 ln
660 3953 707 3989 ora
725 3939 768 3989 ed.
785 3939 843 3989 Aldi
866 3941 939 3990 ltl9.
958 3941 984 3990 in
1005 3938 1072 3989 Bibl.
1090 3937 1199 4002 Augei.»

121 4008 187 4060 Adde
199 4013 253 4061 Sat.
269 4014 292 4073 l,
307 4015 333 4075 l,
347 4012 404 4074 38.,
423 4013 469 4063 uhi
487 4012 521 4064 illl
540 4017 593 4064 tres
607 4015 719 4076 potiens,
738 4013 782 4063 hic
792 4014 903 4075 sapient,
923 4016 950 4062 ct
965 4014 1004 4064 sic
1019 4026 1150 4077 persaepe
1165 4012 1200 4062 ab

123 4079 165 4133 illis
179 4085 328 4150 discrepat,
359 4088 492 4138 interdum
519 4089 544 4138 in
570 4087 691 4140 melius.»
725 4089 754 4138 ln
781 4088 831 4138 hoc
856 4088 955 4138 Codice
980 4088 1050 4139 Odas
1076 4089 1199 4139 Carmine

123 4157 227 4210 seculari
245 4163 344 4213 omisso
362 4163 497 4226 excipiunt
514 4163 614 4227 Epodt,
639 4163 745 4228 Epodos
762 4166 811 4214 Ars
828 4165 945 4228 poetica,
973 4165 1041 4215 hanc
1058 4160 1198 4228 Epistulae,

125 4229 243 4293 Epistoles
261 4235 369 4286 satirae.
407 4238 480 4297 Quae
498 4238 610 4300 desunt,
630 4239 685 4289 suls
702 4235 767 4288 locis
784 4237 967 4289 indicavimus.
