2934 4884
527 341 628 390 titana.
665 343 764 392 CARM.
787 343 838 394 vn.

494 623 852 690 (imm

295 793 381 870 Quo,
405 811 471 878 quo
494 791 622 858 scelesti
645 795 766 860 ruitis?
789 807 843 861 aut
865 819 923 864 our·
945 799 1086 866 dexteris

336 915 492 998 Aptantur
513 933 610 978 enses
632 913 780 980 conditi?

296 1033 456 1097 Parumne
478 1033 602 1120 campis
626 1045 723 1122 atque
747 1038 894 1124 Neptuno
921 1059 1021 1126 super

339 1153 459 1217 Fusum
481 1163 531 1217 est
551 1153 653 1218 Latini
677 1156 862 1242 sanguine,

294 1275 380 1349 Non,
403 1283 438 1337 ut
461 1273 621 1360 superbas
644 1273 772 1342 invidae
796 1276 998 1366 Karthaginis
1192 1285 1211 1346 5

335 1395 498 1463 Romanus
520 1414 614 1460 arces
635 1405 764 1471 ureret,

295 1517 433 1579 intactus
455 1524 510 1580 aut
530 1513 702 1580 Britannus
723 1525 759 1582 at
783 1515 999 1584 descenderet

188 1675 244 1723 vn.
263 1676 345 1724 lusor.
363 1672 432 1736 voig.
451 1673 489 1724 Ad
501 1675 626 1723 iionmnor
640 1673 683 1724 vei
699 1675 738 1724 Ad
750 1677 872 1738 populien
884 1679 1032 1730 donicum.
1048 1707 1075 1716 -
1093 1683 1177 1733 binio

152 1749 222 1798 cicili
247 1747 308 1798 dedo
330 1748 401 1811 finito
424 1753 454 1796 at
477 1747 510 1796 ei
534 1748 664 1797 uiiodciio
681 1749 1038 1818 absumendam-ccam,
1061 1757 1175 1816 itania,

153 1823 216 1874 sed:
234 1828 324 1872 nicaei.
345 1851 373 1857 -
392 1824 417 1871 a.
435 1822 602 1885 Karthaginis
616 1823 711 1888 scripsi
728 1837 792 1874 cum
809 1827 947 1889 antiquiss.
967 1829 995 1878 B.
1018 1858 1043 1866 -
1075 1831 1099 1879 6.
1118 1845 1177 1881 ocr-

153 1903 217 1947 terct
232 1897 281 1946 Ed.
300 1897 365 1945 Veu.
386 1895 459 1946 rtet.

152 2037 207 2086 vn.
230 2035 332 2086 Referri
346 2035 452 2084 videtur
468 2035 521 2084 hoc
537 2047 646 2085 carmen
683 2034 736 2098 poi.
764 2036 829 2087 ddi:
857 2039 914 2088 Noa
939 2053 1015 2090 enno
1039 2055 1117 2092 saeva
1140 2045 1210 2094 mike
1310 2047 1318 2064 ⁸

120 2112 154 2162 ad
181 2111 284 2160 initium
307 2107 369 2158 belii
395 2109 556 2158 Perusinia.
574 2121 602 2158 u.
621 2122 644 2158 c.
683 2110 788 2172 aptabat
807 2123 894 2162 manu.
916 2139 943 2148 -
961 2115 1067 2176 conditi]
1093 2118 1208 2178 «vaginis

120 2187 178 2236 7⁴3.
188 2185 257 2234 Vide
269 2184 304 2234 ad
312 2185 395 2247 Epod.
406 2185 447 2233 to.
461 2183 647 2246 Dillenburger
683 2181 803 2234 inclusi·
815 2187 910 2234 Acron.
925 2187 995 2249 (post
1006 2188 1136 2252 proelium
1149 2191 1208 2240 Phi·

119 2261 250 2323 scriptum
273 2271 332 2308 esse
351 2261 444 2308 censet
467 2271 491 2307 a.
511 2259 568 2307 746.
597 2258 646 2308 inii
682 2257 802 2321 lippensa
824 2263 1007 2324 auditi.)
1030 2289 1058 2300 -
1076 2265 1207 2324 Neptunus

120 2334 241 2384 referunt
261 2332 295 2381 ad
318 2332 420 2382 initium
437 2331 547 2382 secundi
567 2331 643 2393 belii,
682 2330 836 2394 frequenter
859 2347 874 2382 a
901 2336 986 2397 poetis
1011 2349 1060 2399 pro
1086 2339 1152 2388 mari
1180 2341 1209 2388 et

120 2407 193 2471 quod
216 2406 375 2455 Octavianus
397 2418 460 2455 cum
476 2407 510 2456 Μ,
533 2407 645 2456 Antonio
681 2419 731 2469 pro
749 2408 841 2469 quavis
858 2421 926 2472 aqua
943 2411 1059 2472 ponitur.

119 2482 203 2544 gessit
219 2495 243 2530 a.
262 2494 290 2530 u.
309 2495 332 2530 c.
347 2482 404 2529 722.
423 2481 466 2529 Sic
477 2481 567 2530 autem
579 2494 645 2530 cou-
713 2482 738 2530 5.
757 2482 781 2530 6.
808 2482 878 2546 Non]
899 2483 949 2532 «Et
967 2483 1077 2547 quidem
1094 2498 1147 2536 noa
1166 2486 1207 2536 iu·

118 2557 218 2606 tiueret
233 2554 306 2604 haud
317 2555 395 2604 nimis
405 2553 539 2603 occultam
551 2565 646 2617 repre·
681 2568 727 2604 sus
745 2557 787 2604 est
804 2557 910 2618 sanguis
927 2556 983 2618 iila,
1002 2561 1032 2607 ut
1048 2561 1117 2607 cet.»
1151 2558 1207 2610 Noli

119 2630 278 2680 heusiouem
299 2629 382 2692 ipsius
400 2629 481 2677 etiam
499 2629 643 2688 Octaviani,
680 2641 763 2680 uuam
790 2630 932 2693 periodum
958 2632 1112 2682 continuare
1138 2646 1154 2680 a
1180 2647 1205 2682 v.

118 2717 201 2768 quam
219 2701 263 2752 iiio
279 2704 400 2766 tempore
421 2704 462 2752 vix
481 2703 645 2751 couvenieu-
682 2704 753 2753 i-td.
768 2729 796 2740 ·-
815 2705 922 2768 invidae]
941 2704 991 2756 Sui,
1006 2707 1062 2756 Cat.
1077 2707 1120 2755 iti:
1138 2707 1207 2756 Kar·

119 2783 174 2828 tem
182 2775 226 2826 rei
234 2775 395 2840 prudentem
404 2776 642 2838 iudicassetpoe'ta.
680 2779 756 2841 mogo
781 2780 881 2830 omnnio
919 2780 1010 2842 irnpcri
1034 2781 1149 2830 itantdui.
1178 2807 1206 2818 -·
1268 2823 1278 2833 .

118 2855 260 2902 Praeterea
284 2851 364 2900 totius
384 2851 510 2900 carminis
528 2849 645 2900 coloret
680 2866 752 2902 orces
772 2854 865 2917 araret]
893 2857 938 2904 «ut
963 2855 1062 2906 iactum
1083 2857 1125 2906 est
1146 2855 1206 2904 aute

118 2939 209 2978 sermo
227 2925 318 2974 nescio
336 2923 400 2987 quid
417 2923 500 2973 hahet
518 2921 641 2974 iuvenile.
680 2926 729 2975 hos
748 2927 800 2976 CV.
820 2940 930 2978 annos.»

120 3027 147 3038 -
161 3000 282 3050 Graviter
294 3011 358 3049 suos
370 3000 441 3049 cives
452 2999 573 3062 increpat
583 3009 644 3060 pro—
713 3002 737 3049 7.
756 3001 780 3050 8,
807 3003 928 3066 lacaena]
953 3005 1050 3054 «armis
1067 3003 1204 3063 Romanis.

119 3077 180 3138 pier
197 3085 272 3122 arma
285 3071 370 3122 civilia
387 3072 477 3122 denuo
492 3073 609 3134 sumpte.
680 3073 778 3134 idest,
798 3074 918 3124 noudum
934 3076 1129 3140 perdomitus.»
1157 3077 1204 3128 Od.

151 3148 207 3197 4-3.
228 3153 274 3197 cet
289 3147 345 3210 cur]
363 3147 571 3210 Cuuiughamius
588 3158 645 3195 ma·
680 3147 709 3208 3,
723 3146 768 3208 di,
788 3149 816 3196 t:
853 3149 980 3198 Intactis-
994 3151 1124 3200 Theranda
1143 3150 1208 3200 Ara·

117 3221 192 3273 tebet
218 3227 242 3272 ct
266 3236 324 3281 cer,
351 3222 425 3284 quod
450 3223 523 3271 esset
546 3232 644 3283 prosae
680 3222 746 3271 bem.
776 3249 802 3257 -
830 3223 991 3284 dcscmdcrct]
1019 3223 1072 3272 Cio.
1092 3223 1126 3272 ad
1151 3226 1203 3273 Ati,

117 3296 245 3346 orationis
262 3307 343 3358 quam
367 3295 565 3352 sedatissimae;
593 3294 646 3342 im·
680 3296 708 3356 i,
729 3296 755 3345 3:
785 3307 842 3345 cem
859 3296 942 3346 Socra
957 3297 1002 3346 viu
1018 3297 1204 3358 descenderem,

117 3373 259 3434 petuosam
275 3381 325 3420 suo
345 3370 403 3418 iure
419 3367 544 3433 praetulit
555 3371 643 3432 poeta.
680 3372 804 3420 insecteris
815 3375 849 3420 cst
865 3383 912 3420 mc.
928 3396 957 3406 -
972 3371 1055 3420 «Cum
1068 3384 1082 3419 e
1095 3372 1204 3432 regione

117 3447 203 3494 Nemo
214 3446 306 3493 nmen
317 3442 352 3493 ilii
364 3442 567 3505 obtemperavit,
582 3456 645 3492 cum
680 3444 867 3507 amphitheatri
885 3443 976 3504 Flavii,
995 3444 1063 3493 inter
1075 3441 1204 3507 tempium

118 3520 213 3568 contra
229 3517 313 3582 Epod.
332 3519 361 3578 a,
383 3518 408 3566 3.
426 3515 549 3581 plerique
566 3530 645 3566 rece·
680 3518 755 3568 Pacis
772 3531 804 3567 ae
828 3515 957 3581 templum
975 3517 1086 3568 Veneris
1104 3520 1131 3567 ct
1152 3518 1206 3567 Ro-

118 3593 207 3656 periut
223 3593 323 3654 etquid
346 3604 396 3655 pro
419 3597 466 3640 eut
490 3592 567 3652 guid,
594 3591 644 3640 etsi
680 3605 757 3651 mae,
787 3590 834 3640 uhi
859 3605 930 3642 nunc
956 3593 997 3641 est
1023 3588 1151 3653 templum
1178 3593 1203 3639 S.

119 3666 156 3716 ibi
172 3679 281 3730 quoque
299 3667 382 3715 oratio
400 3668 442 3716 est
458 3663 598 3714 turbatior.
614 3691 641 3701 -
680 3668 777 3716 Mariae
800 3679 899 3726 novae,
927 3667 985 3729 quis
1008 3664 1206 3728 ingrediebatur

119 3739 221 3803 musti]
239 3738 358 3805 ἐναγεῖς.
377 3739 425 3788 Od.
440 3740 467 3799 i,
485 3740 517 3799 2,
535 3739 580 3788 29:
599 3740 646 3789 Cui
680 3742 789 3790 Sacram
815 3742 899 3800 vium,
930 3739 1024 3790 leuiter
1048 3737 1206 3788 descendebat

119 3814 189 3864 debit
208 3819 296 3875 porta
317 3815 396 3864 scelus
411 3815 534 3875 captandi
556 3814 645 3875 Iuppi-
680 3827 766 3877 usque
784 3813 819 3863 ad
838 3811 967 3876 templum
979 3813 1083 3862 Antonii
1099 3811 1205 3861 etian-

119 3887 175 3940 Μ
197 3887 290 3949 Odi,
315 3889 360 3948 35,
379 3888 420 3939 35.
448 3888 496 3937 0d.
516 3889 545 3948 Ξ,
571 3889 600 3947 t,
618 3889 642 3937 o.
680 3890 779 3946 stiuae3
804 3886 865 3938 iude
886 3884 980 3936 leniter·
997 3899 1091 3935 rursus
1108 3897 1205 3934 ascen-

122 3991 148 4000 -
166 3963 300 4026 Δρωπίων]
319 3976 383 4012 «eur
399 3961 477 4026 gladii
494 3961 584 4011 denuo
595 3961 645 4011 de·
681 3961 763 4012 debat
779 3974 865 4023 usque
878 3960 912 4010 ad
924 3972 1017 4009 arcum
1029 3959 1147 4022 Septimii
1159 3960 1204 4008 Se-

121 4037 323 4098 striuguutur‘i»
341 4038 465 4100 Proprie:
486 4037 536 4085 «ita
548 4036 575 4084 iu
587 4048 646 4085 ma·
680 4037 745 4086 veri.
765 4037 802 4085 Ex
813 4036 888 4098 porta
897 4031 1057 4096 Triumphaii
1069 4046 1119 4096 per
1128 4033 1205 4084 Caur-

121 4123 171 4161 aus
189 4112 345 4172 sumuntur,
371 4113 402 4160 ut
423 4109 458 4160 ad
483 4111 552 4160 ictus
577 4109 646 4159 inie·
681 4123 745 4174 pum
763 4108 899 4168 Martium,
919 4105 1076 4168 Velabrum,
1098 4107 1203 4157 Circum

122 4185 220 4235 reudos
237 4183 340 4234 habiles
357 4186 435 4234 sint.»
462 4185 563 4234 Seneca
581 4184 647 4247 iiip-
681 4184 826 4232 maximnm
849 4182 875 4230 et
896 4193 949 4243 qua
970 4192 1040 4230 nunc
1062 4183 1104 4230 esi
1126 4193 1205 4228 arcus
