2934 4884
508 355 567 404 itit.
584 355 626 405 lll.
662 357 691 406 C.
711 357 741 406 ll.

298 511 364 574 Neo
391 509 488 574 sumit
509 519 564 575 aut
582 511 672 596 ponit
694 531 829 577 secures

338 627 476 694 Arbitrio
498 629 663 716 popularis
685 651 795 697 aurae.

256 788 360 852 Virtus
386 785 557 854 recludens
580 789 745 854 immeritis
767 790 848 854 mori

256 906 388 973 Caelum
410 917 525 994 negata
546 918 646 974 tentat
668 909 728 975 iter
749 909 818 984 via,

301 1029 489 1114 Coetusque
511 1028 661 1115 volgares
684 1039 716 1096 et
738 1029 837 1096 udam

340 1149 468 1236 Spernit
490 1147 622 1215 humum
643 1149 784 1235 fugiente
806 1171 921 1237 penna.

258 1309 313 1372 Est
335 1315 367 1372 et
388 1305 475 1374 fideli
500 1317 565 1373 tuta
589 1305 716 1373 silentio
1130 1311 1173 1374 25

155 1467 192 1516 ts.
204 1467 257 1516 Noe
269 1467 342 1528 ponit
353 1471 399 1514 aot
414 1467 489 1516 nmait
499 1475 578 1530 κψω.
594 1493 621 1502 -
636 1467 676 1516 ii.
691 1467 815 1516 minentis
828 1465 928 1518 bs‘lcd
946 1495 972 1503 —
985 1469 1026 1517 22.
1041 1474 1144 1532 tenrptot

123 1538 183 1589 bic.
213 1565 241 1576 -
270 1540 327 1604 iter]
346 1541 396 1600 iro,
424 1541 508 1590 erasis
534 1542 594 1590 aute
620 1540 690 1590 hano
707 1553 805 1592 vocem
823 1540 924 1604 aliquot
940 1540 1046 1602 litteris,
1065 1544 1092 1592 Τ.
1115 1570 1141 1579 -

125 1613 162 1663 2³.
179 1615 297 1678 mttqoris
312 1615 340 1663 Τ.
363 1639 387 1649 -
408 1612 449 1663 tt.
464 1615 547 1678 ptem
562 1613 654 1664 Bland.
674 1615 812 1679 antiquiss.

96 1744 164 1792 notis.
200 1745 271 1794 «Nec
295 1746 352 1794 eius
377 1745 490 1808 dignitas
515 1743 615 1809 pendet
651 1744 1176 1807 attutmt.virgtiturien.o,stt.osne

97 1818 211 1867 elavore
223 1817 357 1881 populari,
376 1819 425 1869 sed
436 1818 532 1870 eadem
544 1831 615 1868 sem
652 1818 694 1868 est
711 1831 825 1868 numero
842 1818 954 1882 plurali:
981 1821 1087 1871 men
1108 1836 1176 1885 ραυ-

96 1894 267 1954 permanet.»
296 1892 484 1954 0d.t‚9‚3tt.
507 1894 613 1956 sapiens
651 1893 710 1940 dens
730 1893 899 1955 poputum
923 1897 1002 1944 mett.
1044 1897 1099 1946 Cic.
1127 1909 1176 1960 pro

97 1965 266 2016 cmm-nort
282 1969 357 2016 unius
381 1968 450 2016 noni.
491 1967 546 2018 Cio.
564 1979 613 2030 pro
652 1964 773 2016 Cluentio
790 1966 839 2017 t‘t:
857 1973 944 2017 om
955 1970 1096 2030 motare.

97 2040 175 2088 Sestio
186 2039 389 2098 ss‚6t:virtus
400 2041 615 2090 toretmundum
684 2040 806 2091 st-tt.
833 2042 966 2090 &emmila
989 2041 1068 2105 mori]
1098 2043 1176 2092 «viris

96 2114 288 2175 --splerrdetqns
300 2127 349 2175 per
360 2127 411 2164 rese
426 2127 522 2177 semper
536 2127 615 2176 neme
652 2112 848 2163 immortalitate
861 2114 972 2176 dignis.»
987 2141 1015 2151 -
1026 2117 1177 2165 rectuden-

97 2187 302 2249 menumquam
314 2189 612 2239 sordidusolisotrseit.-
652 2187 768 2250 creton]
789 2185 895 2236 Antinoi.
913 2185 967 2237 Pal.
988 2190 1007 2237 l.
1029 2190 1092 2239 379:
1119 2203 1175 2247 eos,

97 2261 236 2312 inundanti
252 2265 342 2313 autem
358 2264 462 2314 honores
478 2275 616 2327 opponun-
652 2259 892 2324 quiThermopylis
904 2261 1070 2322 ceciderunt,
1089 2258 1176 2332 ἀρετὴ

99 2335 205 2396 turiliis,
225 2337 270 2400 qui
284 2338 309 2386 in
322 2337 426 2387 civitate
438 2351 569 2401 persaepe
589 2341 616 2387 et
652 2330 835 2404 καθύπερθεν
872 2332 1044 2386 liodntvouo'
1078 2331 1178 2403 ἀνάγει

99 2407 182 2460 lraude
200 2412 229 2460 et
246 2410 407 2461 iecinoribus
429 2415 491 2462 sunt
513 2410 612 2474 poliuti.
652 2407 786 2475 δώματος
812 2405 843 2471 ἐξ
868 2402 970 2458 Ἀΐδεω.
1002 2437 1030 2446 -
1070 2411 1176 2475 ποραω]

128 2485 165 2533 is.
182 2485 224 2534 20.
243 2485 430 2548 Nescioquam
439 2485 616 2536 reeteadhos
655 2485 817 2548 “asperrime
840 2496 974 2547 quaque·
1017 2486 1078 2536 Seu.
1097 2487 1175 2536 itere.

100 2571 136 2605 vv.
149 2559 246 2608 Franks
259 2573 285 2622 p.
298 2559 353 2608 ⁴87.
370 2559 437 2609 haee
449 2563 616 2610 commenta·
654 2559 703 2609 lur.
722 2558 787 2609 tati:
806 2559 863 2607 Non
879 2564 914 2607 est
930 2560 965 2607 nd
980 2564 1053 2608 nstro
1067 2560 1179 2609 mollius

100 2633 187 2682 tussit:
202 2633 616 2696 «Necmmitiinhisnonimme-
653 2635 796 2682 testante.
818 2660 845 2668 -
870 2633 962 2697 mmo]
988 2647 1097 2685 «crosso
1114 2640 1177 2684 aere

102 2705 144 2755 rito
160 2708 304 2770 suspiceris
321 2707 492 2759 Octavianum
517 2709 617 2772 siguifi-
654 2707 767 2758 obsitam
785 2721 817 2756 sc
843 2711 983 2771 propterea
1009 2709 1118 2758 minimo
1136 2709 1178 2758 di-

102 2782 182 2830 catum
195 2793 270 2840 esse,
289 2782 334 2843 qui
345 2795 369 2830 a.
383 2783 440 2832 726.
459 2784 493 2832 de
504 2785 616 2846 imperio
654 2795 746 2845 gnam
764 2783 792 2831 in
809 2795 861 2844 qua
876 2783 964 2832 Virtus
982 2786 1128 2832 moretur.»
1149 2809 1177 2818 -

100 2851 252 2916 deponendo
261 2857 403 2916 cogitaret»
415 2857 464 2918 (vel
474 2859 573 2921 potius:
587 2871 616 2907 se
653 2855 772 2918 srtqieirte]
798 2856 927 2919 Exprimit
951 2858 978 2906 ot
995 2858 1178 2919 contemptim

102 2928 206 2988 mpure
217 2927 372 2991 simularet).
392 2930 522 2994 Equidem
535 2930 617 2981 oredo
655 2942 747 2980 rerum
764 2931 941 2980 humanarum
958 2934 986 2980 et
1003 2930 1177 2989 celeritatem,

102 2999 170 3050 huius
177 3001 617 3066 consiliisigniiloationemomnem
655 3016 707 3068 qua
725 3006 752 3053 in
770 3002 874 3053 caelum
891 3017 952 3054 seso
969 3004 1042 3054 tollat
1053 3006 1149 3053 Virtus.

102 3073 164 3124 iuud
188 3077 268 3127 nimis
285 3081 387 3139 gratem
404 3078 519 3131 luturam
536 3080 617 3130 tuisse
687 3079 728 3126 stt.
756 3078 801 3126 Est
823 3077 857 3140 et]
884 3079 980 3126 «socia
1004 3080 1113 3128 Virtutis
1137 3079 1181 3128 est

102 3151 256 3201 astutissimo
265 3149 299 3200 iili
308 3153 460 3214 Octaviano,
474 3154 545 3216 quod
556 3165 617 3204 curn
656 3151 741 3202 Fides,
785 3151 856 3200 ilaec
881 3153 972 3200 autem
997 3152 1039 3201 vei
1065 3153 1179 3202 maxime

103 3223 177 3284 probe
204 3224 361 3288 intelligeret
387 3227 520 3288 Horatius,
553 3241 618 3278 sane
656 3226 792 3288 spectatur
803 3224 829 3271 in
841 3224 1031 3284 mysteriorum
1048 3226 1180 3274 caerimo-

102 3297 221 3361 ialequid
234 3299 301 3350 iacili
317 3301 557 3364 operadevitobat3
576 3301 619 3352 vel
656 3299 706 3349 niis
737 3294 859 3358 religiose
888 3295 1025 3356 tacendis,
1054 3298 1180 3359 quonium

103 3374 179 3432 potius
205 3373 240 3424 de
270 3375 321 3424 lioe
348 3376 455 3425 omnino
482 3388 618 3439 nunquam
656 3383 790 3423 summam
815 3369 898 3419 iidem
922 3369 964 3418 dis
984 3369 1179 3419 immortalibus

104 3449 226 3508 cogitavit.
246 3473 273 3484 -
291 3448 399 3512 exures]
418 3462 466 3512 pro
484 3448 617 3509 fascibus,
656 3445 797 3496 dabamus.
841 3445 970 3502 Quocirca
999 3442 1088 3493 laesae
1117 3443 1179 3492 lidei

104 3519 228 3572 honorum
246 3523 406 3585 insignibam
425 3524 498 3585 ponit
514 3527 617 3582 autem,
657 3519 758 3570 nullum
783 3520 868 3569 maius
894 3517 1046 3582 exemplum
1069 3518 1181 3581 reperiri

104 3596 174 3646 otiam
200 3601 332 3660 quatenus
358 3599 433 3659 gesto
455 3596 542 3660 aliquo
561 3611 620 3647 ma·
657 3596 757 3659 potest,
782 3606 863 3656 wem
886 3594 909 3643 si
926 3593 985 3656 quis
1001 3590 1181 3644 occultissima

104 3669 204 3728 gtstratu
244 3673 355 3735 propter
389 3670 514 3720 invidiam
548 3671 620 3735 opud
658 3669 763 3719 Cereris
774 3681 851 3718 sacra
861 3667 958 3731 prodat
968 3667 1095 3731 prolenis.
1130 3667 1182 3715 Ts—

104 3744 223 3806 populum
241 3744 306 3795 alios
319 3745 434 3795 honores
453 3747 545 3808 postea
566 3757 619 3794 non
657 3743 710 3793 lem
735 3742 907 3802 hominem»,
945 3744 1040 3806 inquit,
1071 3753 1182 3791 «omues

105 3815 206 3868 obtinet.
229 3846 255 3854 -
271 3819 406 3880 populor-is
423 3819 517 3882 aurae]
536 3821 619 3868 Sene·
657 3830 765 3868 mecum
782 3830 869 3880 aeque
886 3815 1082 3866 abominantur.
1109 3815 1184 3864 Eius·

104 3903 130 3938 ra
153 3893 260 3954 thyest.
280 3893 344 3944 tto:
374 3895 525 3957 Sapientem
553 3907 620 3942 nun·
659 3892 730 3943 modi
742 3903 808 3940 vero
819 3890 909 3941 scelus
920 3891 1091 3951 gravissimae
1100 3887 1183 3936 deum

105 3977 172 4023 mitta
188 3967 285 4017 stabilis
298 3967 373 4029 [ανον
394 3967 461 4030 Votpi
475 3969 621 4030 mancipitts
658 3979 762 4030 poenae
781 3968 978 4027 consequantur
990 3975 1102 4013 necesse
1114 3963 1181 4010 est.»

104 4045 184 4090 meva.
215 4043 292 4092 ilerc.
321 4041 370 4091 lar.
394 4043 458 4091 ⁴69:
490 4041 619 4105 (Stultum)
661 4067 688 4076 -
706 4038 903 4104 fideti-silentio]
921 4036 1181 4099 Virg.Aen.3,it2:

103 4115 183 4174 populi
209 4115 283 4178 [error
316 4117 450 4165 ottortitum
485 4117 621 4178 Fluctuquo
657 4115 710 4178 fido
732 4115 831 4164 silentio
854 4113 942 4162 saetis.
985 4112 1085 4160 Seneca
1103 4110 1180 4159 llere.

105 4191 178 4250 rupis
202 4191 289 4240 mobile
310 4189 397 4254 volpis
413 4191 484 4240 dte-a
500 4191 621 4240 tumidum
660 4189 709 4238 lur.
741 4189 801 4238 303:
842 4187 887 4236 tibi
912 4190 984 4235 muto
1009 4187 1058 4249 fide
1085 4185 1183 4247 Lonqos
