2934 4884
435 402 494 451 till.
514 401 555 451 lV.
591 402 620 451 C.
639 402 703 452 Vlll.

217 556 358 621 Ornatus
380 553 478 620 viridi
500 564 647 642 tempora
669 559 821 644 pampino

216 674 313 741 Liber
334 685 409 741 veta
432 674 536 745 bones
559 676 648 744 ducit
670 676 710 743 ad
735 678 848 745 exitus.

149 853 192 902 36.
211 852 286 901 citavit
301 852 349 903 Bd.

86 1008 176 1081 πήρας
191 1004 316 1074 ἔχοντες.
337 1039 365 1049 -
379 1012 514 1075 pampino]
536 1012 616 1063 Simi-
652 1026 759 1077 quoque
790 1028 822 1064 ex
851 1014 955 1065 mortali
981 1017 1050 1068 deus
1075 1017 1178 1071 tectus.

84 1084 143 1135 liter
159 1086 215 1137 lam
232 1086 280 1135 0d.
304 1086 454 1148 3,25‚to:
474 1086 616 1150 Cinpmtem
652 1089 681 1136 ut
691 1090 788 1150 pu'etee
800 1089 956 1140 cecinerunt
970 1090 1025 1154 (Od.
1039 1089 1064 1151 3,
1077 1090 1103 1153 3,
1116 1092 1177 1155 la),
1253 1126 1256 1139 .

84 1158 161 1208 abidi
182 1165 298 1221 tempora
314 1162 449 1221 petrapium
476 1158 547 1209 unde
570 1158 614 1209 hic
649 1161 713 1210 uotis
739 1162 863 1213 homines
887 1164 992 1213 damnat
1018 1164 1096 1228 (virg.
1121 1163 1176 1215 Ecl.

86 1234 110 1282 in
122 1234 305 1297 suspicionem
317 1232 448 1285 adductus
461 1235 503 1285 est
520 1246 615 1284 versus
650 1235 677 1296 b,
704 1235 774 1298 su),
809 1237 933 1286 votorum
966 1250 1013 1289 eus
1039 1240 1178 1303 compotes

87 1307 169 1357 etiam
187 1306 222 1357 ab
241 1308 393 1357 Hermanno
415 1310 442 1357 at
465 1308 615 1358 Lachman-
649 1309 764 1359 reddit.»
793 1312 879 1375 Atque
906 1306 977 1374 θεὸς
1008 1308 1108 1384 σωτὴρ
1136 1315 1178 1365 est

84 1394 126 1430 nn.
145 1380 201 1431 Sed
212 1382 286 1431 unani
298 1382 415 1445 epitheto
430 1394 523 1431 carere
535 1381 615 1432 Liber
650 1385 817 1448 Lycophruni
834 1386 891 1435 ἰοῦ.

86 1455 112 1502 h.
131 1453 149 1504 l.
169 1454 212 1504 vix
234 1456 331 1519 potest.
361 1482 388 1491 -
424 1455 510 1519 tiber]
539 1457 611 1520 «ipsa

559 1652 705 1665 -ιι--ι

446 1826 812 1887 Excutiens

559 1961 702 2011 invii.

149 2080 208 2129 Non
226 2080 355 2141 incendic]
383 2078 485 2143 Duplici
502 2081 673 2131 excusatione
692 2082 755 2143 eget
774 2082 818 2131 hic
833 2081 998 2144 versiculus,
1025 2084 1175 2147 primumn

86 2176 215 2224 caesura,
235 2176 316 2227 quarn
333 2162 535 2227 pessumdatam
553 2164 645 2215 dicunt
662 2164 822 2215 necessitate
839 2166 953 2216 nominis
970 2168 1084 2230 proprii,
1103 2168 1176 2230 quod

87 2244 164 2297 aliter
188 2258 285 2297 versus
310 2260 363 2297 nen
389 2249 551 2311 recepisset3
586 2247 683 2298 deinde
708 2248 740 2297 ut
764 2248 880 2298 incendic
912 2246 1116 2313 «generaliter»,
1146 2252 1176 2300 nl

86 2330 175 2390 aiunt,
208 2332 251 2378 ast
271 2331 391 2393 poetice»
418 2331 582 2395 accipiantur
605 2343 654 2395 pro
673 2327 793 2381 cladibus
819 2331 858 2393 (ut
874 2333 939 2381 Aen.
968 2332 996 2392 l,
1014 2333 1080 2383 566:
1110 2334 1175 2383 tanti

84 2413 202 2463 incendia
227 2412 299 2474 belli,
329 2415 408 2477 atque
435 2415 557 2478 opinatus
581 2415 623 2465 est
646 2414 779 2477 Bb‘ttiger,
808 2414 923 2464 Ennium
940 2414 1052 2465 tortasse
1076 2414 1175 2466 alicubi

84 2496 250 2559 Karthaginis
268 2494 358 2546 clades
376 2494 594 2560 calamitatesque
611 2510 722 2547 vocasse
741 2498 798 2548 eius
815 2497 951 2562 incmdiu.)
979 2498 1022 2549 vel
1040 2500 1121 2549 etiem
1139 2499 1173 2549 de

84 2578 153 2630 binis
178 2580 274 2629 castris
291 2579 419 2643 Syphacis
443 2580 470 2629 et
487 2579 659 2631 Hasdrubalis
681 2581 836 2644 ascipione
853 2582 969 2632 incensis
988 2582 1051 2645 (Liv.
1073 2582 1119 2642 ³0,
1137 2582 1172 2645 ὃ.)

83 2664 266 2725 crematisque
284 2662 540 2726 Karthaginiensium
557 2664 588 2713 D.
607 2662 720 2714 navibus
740 2664 802 2727 [liv.
821 2664 867 2725 30,
886 2664 954 2727 lb),
980 2665 1089 2715 minime
1106 2678 1172 2715 vero

84 2747 138 2810 (qni
155 2744 285 2796 ridiculus
302 2744 370 2796 leret
387 2760 477 2808 error,
497 2748 592 2811 poetae
608 2760 746 2811 nunquam
761 2747 941 2811 imputandus)
961 2748 994 2799 de
1013 2748 1172 2812 Kartha-gine

83 2830 240 2893 ascipiune
255 2828 377 2879 Abicano
400 2830 504 2880 minore
526 2830 634 2879 incensa
657 2831 737 2893 atque
759 2832 857 2881 excisa.
892 2833 985 2895 Neque
1008 2844 1073 2881 vero
1098 2830 1172 2881 clen-

82 2911 189 2973 cnlum,
208 2914 239 2961 ut
255 2912 289 2963 ita
307 2912 412 2973 dicam,
431 2912 530 2961 intrudi
541 2914 631 2976 potest
642 2912 728 2977 Scipio
741 2914 841 2993 minor,
860 2917 890 2964 ul
903 2916 964 2978 pest
975 2914 1135 2966 Glareanum
1146 2918 1174 2966 et

83 2998 233 3046 Gesnerum
251 2995 350 3046 lactum
366 2996 445 3046 video
463 2996 543 3047 etlam
561 3010 575 3045 n
594 3010 696 3060 nupero
714 2996 876 3059 interprete:
899 3000 1058 3060 «Poterat»,
1077 3000 1171 3062 inquit,

83 3081 180 3144 «poeta
191 3080 219 3129 in
231 3079 273 3128 his
284 3092 384 3129 nomen
394 3080 523 3142 Scipionis
535 3092 631 3141 urgere
650 3080 677 3127 et
694 3077 799 3128 silentio
816 3079 979 3141 praeterire,
999 3082 1070 3144 quod
1088 3082 1175 3132 iunior

82 3162 195 3212 demum
212 3162 299 3225 Scipio
309 3162 496 3225 Karthaginem
519 3162 642 3212 incendio
654 3159 809 3210 deleverit.»
844 3161 921 3211 Haud
933 3163 1031 3224 magis,
1051 3166 1173 3226 quaeest

82 3245 195 3295 Gerberi
216 3244 399 3295 sententiaeb
417 3258 450 3295 eo
468 3247 509 3295 tar
525 3244 676 3310 prolatet),
698 3245 775 3306 liius,
794 3244 888 3305 quin
903 3245 978 3293 rediit
996 3258 1045 3309 pre
1062 3243 1174 3295 alicuius

82 3328 223 3379 domitoris
246 3328 349 3378 Africae
375 3328 436 3378 fleta
462 3329 552 3379 nescio
578 3342 630 3391 qua
656 3339 773 3391 persona
794 3326 887 3376 haberi
907 3328 1010 3390 potest,
1041 3341 1104 3378 cum
1122 3328 1173 3378 hoc

82 3414 156 3462 vetet
173 3412 201 3461 el
225 3410 380 3461 indicativus
402 3412 477 3461 rediit
493 3413 520 3461 et
538 3414 595 3476 ipsa
620 3412 695 3461 Ennii
713 3411 830 3471 mentio,
857 3423 963 3483 nequet,
982 3412 1012 3459 nt
1027 3408 1111 3461 voluit
1135 3412 1171 3461 lo.

82 3496 220 3546 Deodatus
234 3492 414 3558 Frdhhch**)‚
437 3494 560 3546 celabas
570 3496 679 3545 Pierides
695 3494 819 3544 universe
837 3492 984 3557 significare
1001 3496 1115 3557 possunt
1125 3508 1176 3544 ne-

81 3581 138 3629 scio
168 3592 238 3643 quae
270 3579 388 3628 carmina
415 3579 575 3642 panegyrica
604 3591 620 3628 a
647 3578 739 3628 nescio
767 3590 819 3640 que
848 3578 875 3626 in
904 3577 1032 3640 Scipionis
1063 3578 1173 3627 minoris

80 3662 191 3713 landem
209 3663 365 3726 composita.
401 3664 468 3713 Nam
491 3660 554 3712 nihil
578 3662 662 3725 magis
688 3653 801 3731 ἄκυρον
821 3661 1063 3724 inconcinnumqne
1081 3660 1174 3711 brissei

81 3749 163 3808 atqua
189 3745 360 3809 ambignum,
387 3756 469 3809 qlram
494 3746 516 3796 si
540 3744 659 3796 Calabris
676 3729 842 3806 l5ieridibus,
870 3759 938 3809 quae
962 3745 1040 3795 unice
1057 3744 1172 3793 Ennium

81 3828 232 3891 significare
251 3830 378 3893 possunt,
402 3830 488 3879 totum
506 3842 590 3893 genus
607 3830 801 3894 panegyricum
818 3829 946 3881 debetne
963 3828 1098 3879 voluisset.
1133 3828 1172 3876 lta

82 3926 136 3962 non
158 3912 281 3977 peccavit
297 3912 429 3963 lloratius.
464 3914 519 3963 Nec
541 3912 651 3964 tandem
673 3911 824 3965 tolerabiles
846 3914 907 3963 sunt
930 3912 1099 3962 coniecturae
1117 3910 1171 3959 Cu-

144 4182 162 4233 ’)
178 4179 294 4225 zeitschr.
310 4180 326 4224 i.
342 4180 466 4225 AlterthW.
483 4179 546 4225 ⁴839.
563 4190 586 4235 p.
602 4179 637 4225 ll.
655 4178 737 4234 Prcgr.
754 4179 886 4224 Sendersh.
903 4174 958 4223 luti
979 4182 1004 4223 et
1020 4175 1082 4224 lule.

145 4256 172 4311 ”l
188 4254 270 4310 progr.
288 4254 374 4309 Gymn.
390 4255 464 4310 nullu.
482 4254 574 4300 Monac.
591 4254 653 4299 ⁴837.
671 4266 694 4309 p.
710 4254 724 4299 9
740 4264 793 4308 sqq.
