2934 4884
317 354 379 418 404
701 354 831 405 flottam
848 351 1016 405 castutius

444 514 493 578 lle
517 532 601 578 nunc
624 511 761 577 Thressa
782 508 882 577 Chloe
904 510 1004 597 regit,

485 632 604 701 Duloes
627 632 722 700 docta
744 630 860 698 modos
881 642 914 699 et
935 630 1078 698 citharae
1099 630 1226 708 eciem,
1356 630 1393 694 to

440 758 502 821 Pro
528 775 593 843 qua
615 774 678 821 non
700 763 842 820 metuam
864 752 967 828 mori,

485 878 517 943 Si
540 886 674 965 parcent
695 876 821 942 animae
842 874 906 941 lata
928 873 1101 961 superstiti.

442 1036 492 1103 lle
514 1045 613 1103 torret
634 1035 703 1101 lace
726 1044 837 1100 mutua

484 1156 613 1222 Thurini
637 1155 743 1223 Calais
764 1153 849 1221 lilius
871 1155 1007 1243 Ornyti,

393 1354 396 1364 y
440 1282 502 1345 Pro
525 1299 591 1367 quo
613 1277 663 1344 bis
686 1278 791 1365 patiar
811 1277 910 1355 mori,
1358 1276 1392 1340 45

484 1400 517 1467 Si
539 1409 672 1488 parcent
692 1419 796 1487 puero
817 1398 880 1465 lata
894 1399 1079 1486 superstiti.

379 1590 403 1639 9,
433 1552 600 1649 4444444443,
627 1588 715 1638 &eoo
736 1604 773 1652 μ,
799 1587 847 1638 Ed.
867 1588 990 1639 Locheri.
1020 1612 1046 1623 -
1073 1587 1139 1651 ripct
1157 1602 1199 1654 γι,
1226 1600 1268 1651 pr.
1286 1586 1316 1648 β.
1337 1614 1363 1625 -

326 1666 386 1747 040.
405 1664 492 1714 Didas
507 1664 535 1713 Τ.
556 1689 584 1699 -
603 1662 643 1713 ll.
663 1663 760 1713 04444444
776 1662 830 1713 Lct
846 1676 909 1713 cum
926 1659 1001 1713 Aldo.
1021 1664 1061 1725 (Ut
1077 1675 1140 1723 nos,
1158 1661 1273 1724 BbSTc.)

312 1846 392 1882 44444
408 1843 514 1895 proca,
533 1843 603 1894 quae
621 1832 727 1894 proprie
739 1829 837 1879 ,4444444
873 1830 972 1880 rimum
989 1829 1096 1881 dedisse
1113 1832 1283 1896 Propertium
1299 1834 1392 1896 patet.»

314 1908 383 1965 erat;
412 1906 450 1955 sic
467 1906 547 1955 etiarn
564 1904 655 1954 Ovidio
673 1905 742 1955 Fast.
761 1904 791 1965 3,
810 1905 834 1955 9.
873 1904 1020 1967 llertzberg
1037 1906 1155 1969 Propert.
1173 1906 1194 1955 1.
1206 1919 1234 1970 p.
1248 1906 1306 1956 463.
1326 1906 1393 1956 idern

314 1984 356 2033 est
371 1983 486 2031 4444444444
508 1980 639 2041 44444444,
668 1978 715 2029 ubi
740 1979 837 2030 trustra
873 1992 936 2029 cum
958 1978 1115 2029 iamdudum
1137 1977 1277 2042 aliquoties
1299 1979 1393 2042 signiri-

241 2116 243 2123 ,
314 2056 437 2107 Heinsius
452 2055 574 2116 4444444,
592 2054 720 2105 Krebsius
737 2056 835 2117 rapina.
873 2065 979 2103 cassem
996 2054 1022 2102 in
1040 2053 1108 2104 fictis
1120 2054 1219 2104 Horatii
1234 2055 1391 2114 nominihus,

346 2131 370 2179 9.
400 2130 439 2180 40.
472 2128 584 2192 Thressa]
611 2127 676 2179 Alii:
706 2130 748 2179 444
771 2141 837 2177 nunc
873 2130 991 2179 riserunt
1001 2141 1045 2178 me
1057 2128 1179 2179 homines
1191 2128 1309 2179 nonnulli
1320 2131 1393 2180 scho-

314 2205 401 2255 Cressa
418 2204 503 2265 Cilot',
530 2203 672 2254 durissimo
690 2216 757 2255 sono
773 2216 837 2267 pro-
874 2201 972 2263 lastici,
990 2202 1099 2253 auribus
1117 2203 1259 2263 carentes.)

313 2281 373 2343 pter
390 2277 437 2327 litt.
451 2292 476 2341 c,
497 2292 522 2340 c,
542 2276 735 2341 cle-modos]
752 2275 835 2343 μέλη.
907 2277 1015 2327 45-48.
1051 2276 1189 2339 impetiar
1204 2277 1285 2341 mori]
1307 2278 1390 2340 Eurip.

315 2381 342 2390 -
361 2353 473 2403 44444444
489 2352 575 2417 sciero]
597 2352 644 2402 Od.
667 2354 697 2410 4,
718 2353 765 2412 ld,
786 2350 835 2402 al:
874 2351 959 2400 Orest.
974 2351 1055 2400 itte:
1082 2350 1139 2401 Kal
1156 2346 1218 2416 μὴν
1236 2347 1295 2401 τόδ’
1313 2346 1392 2422 ἔρξας

313 2429 392 2478 scias
408 2429 518 2490 Psspcue.
553 2424 680 2477 Alexand.
704 2424 788 2476 Aetol.
811 2427 838 2475 in
873 2422 917 2486 δὶς
944 2424 1045 2474 θανεῖν
1077 2419 1113 2476 oo'
1142 2424 1277 2490 χάζομαι.
1324 2425 1391 2476 Plato

313 2500 386 2552 Anal.
404 2502 448 2551 Br.
467 2502 486 2551 l.
505 2514 565 2565 pag.
585 2500 646 2552 lte:
673 2493 740 2549 ’All'
763 2493 781 2550 ὅ
806 2514 838 2567 γε
873 2497 948 2565 Apol.
966 2501 1007 2551 30.
1030 2501 1074 2551 C.:
1098 2494 1158 2551 osio*
1175 2502 1201 2550 al
1215 2498 1311 2565 μέλλω
1328 2498 1393 2549 κολ-

314 2571 494 2639 πευθόμενος
505 2571 601 2641 πάγχη
619 2575 768 2645 Γραικοῑσι
785 2590 838 2639 με·
873 2572 956 2637 λάκις
979 2571 1123 2624 τεθνάναι.
1152 2602 1181 2612 -
1205 2575 1306 2639 prisca]
1327 2576 1391 2625 ltaro

313 2648 416 2700 tsoeaa
437 2646 598 2713 Τιμόθεον,
616 2645 740 2720 κιθάρης
756 2647 839 2715 ἴδμο-
873 2662 924 2700 usu
935 2650 1110 2713 propriatim,
1128 2662 1245 2713 quocum
1255 2662 1315 2700 voc.
1328 2648 1387 2699 illud

314 2739 350 2773 να
366 2724 418 2773 καὶ
434 2721 553 2788 μελέων.
874 2726 1018 2787 cognatum
1037 2726 1086 2774 est.
1124 2726 1231 2774 «Nonne
1250 2724 1333 2774 satius
1352 2724 1391 2781 sit

348 2798 404 2847 43-
417 2797 457 2848 tt.
481 2798 597 2861 44444444]
627 2798 711 2849 «vitae
733 2797 837 2863 puellae
874 2800 897 2850 si
919 2798 1046 2863 pristinus
1070 2812 1147 2849 amor
1172 2798 1268 2848 redeat
1292 2810 1390 2861 nosque

314 2872 512 2933 amatissime,
535 2886 604 2937 quac
622 2873 700 2935 mihi,
724 2886 836 2939 precor,
875 2886 946 2923 nunc
962 2872 1074 2923 discidio
1091 2872 1223 2923 diiunctos
1239 2884 1310 2922 nova
1332 2884 1392 2921 oon·

314 2948 452 3009 superstes
464 2947 522 2997 sit.»
537 2974 565 2983 -
583 2948 639 3011 sace
648 2948 750 3013 4444444]
769 2951 838 3013 «Ego
874 2947 964 2997 cordia
980 2946 1054 2997 uelut
1069 2946 1222 2997 firmissimo
1239 2948 1301 3009 iugc
1318 2958 1393 3009 copu-

314 3031 406 3070 amore
418 3020 445 3069 in
457 3020 547 3071 Calain
558 3021 666 3072 incensa
678 3021 750 3072 leror
766 3025 838 3074 eius-
874 3020 949 3073 letr-
960 3046 989 3057 ·-
1006 3022 1140 3086 Didactos]
1157 3022 1284 3071 Deductos
1293 3019 1391 3071 etianisi

314 3106 367 3157 que
379 3097 502 3145 munium
514 3108 635 3147 amorem
646 3098 795 3161 experior.»
808 3126 836 3135 -
874 3096 956 3146 habet
976 3096 1067 3146 Codex
1084 3097 1223 3160 antiquiss.
1243 3098 1279 3160 B,
1307 3098 1391 3147 tamen

315 3169 447 3232 4344444444,
466 3170 594 3234 oppidum
605 3172 753 3234 Lucaniae,
775 3170 838 3223 olim
875 3172 930 3221 tam
949 3183 1106 3233 perversam
1124 3169 1268 3221 lectionem
1282 3170 1391 3236 probare

315 3243 439 3307 Sybaris,
458 3243 605 3295 incolarum
617 3243 837 3297 mollitienotum.
874 3258 928 3295 uon
951 3243 1070 3295 debebat
1091 3243 1204 3296 Hauthal
1227 3245 1263 3295 ad
1285 3247 1357 3295 Pers.
1372 3244 1389 3291 1.

316 3318 435 3381 (Differre
451 3319 576 3368 aThurio
593 3318 723 3371 coloniam
741 3322 839 3371 Roma-
872 3332 932 3383 pag.
947 3319 1003 3369 490.
1027 3346 1054 3356 -
1081 3319 1267 3384 ispo-adm]
1287 3319 1328 3370 Cl.
1347 3316 1388 3368 0d.

315 3406 377 3444 nam
395 3394 518 3457 copiam,
539 3394 566 3444 iu
583 3408 677 3459 agrum
693 3396 839 3447 Thurinum
875 3395 903 3454 4,
922 3393 968 3456 33,
986 3394 1033 3443 tt:
1051 3394 1220 3457 mosem
1275 3423 1279 3438 .

315 3467 475 3530 deductam,
494 3468 708 3520 demonstratum
724 3470 771 3520 ivit
781 3468 839 3521 llil-
907 3469 948 3519 49.
974 3468 1109 3533 mmor]
1135 3470 1239 3520 noueris
1260 3470 1344 3520 instar
1361 3466 1390 3515 de

314 3542 403 3605 liugan
427 3544 455 3592 in
485 3544 684 3605 Nomionotiqoe
708 3545 739 3594 de
762 3545 837 3595 l'anc.
875 3544 965 3593 mente
982 3556 1043 3595 mea
1059 3542 1179 3608 pellitur,
1203 3544 1274 3593 adeo
1294 3546 1325 3593 nt
1340 3544 1391 3592 eius

314 3617 386 3666 ltalia
401 3629 428 3680 p.
446 3617 516 3680 338.)
551 3619 673 3668 limnas
697 3620 840 3682 opponitur
874 3630 985 3681 prorsus
1005 3618 1173 3670 4444444444.»
1205 3620 1297 3682 Imago
1317 3617 1390 3682 petita

317 3690 433 3740 Thressa
454 3688 490 3740 illi
507 3704 532 3740 v.
551 3692 575 3741 9.
606 3717 633 3727 -
660 3693 759 3757 Calais]
785 3695 840 3744 De-
874 3692 980 3743 videtur
1004 3692 1039 3743 ab
1065 3706 1136 3757 equo
1156 3696 1296 3744 vectorem
1317 3702 1391 3742 44444-

316 3763 379 3828 legii
402 3764 509 3814 nomina
535 3766 640 3829 poetica
665 3769 692 3817 et
723 3780 837 3817 sonora:
875 3766 966 3828 tiente,
985 3767 1140 3831 deliciante,
1159 3782 1211 3819 nec
1228 3768 1263 3819 de
1279 3770 1390 3831 4443444-

316 3839 414 3901 caus,
454 3839 493 3888 utl
525 3838 709 3903 appellabatur
737 3843 839 3892 Boreae
876 3842 1041 3906 cipiendum:
1076 3844 1122 3906 qui
1153 3844 1226 3893 enim
1256 3856 1311 3893 uuo
1337 3842 1390 3901 iugo

317 3914 399 3975 illius,
419 3916 446 3964 et
463 3914 573 3975 omnies
584 3913 702 3979 apollon.
716 3916 799 3966 Rhod.
813 3918 838 3978 3,
875 3917 957 3967 iuncti
984 3919 1047 3967 sunt
1073 3918 1155 3978 tauri,
1190 3916 1306 3967 altemm
1331 3914 1390 3965 41444

317 3990 357 4040 65.
376 3989 447 4052 Virg.
465 3991 532 4039 Aen.
554 3990 599 4051 44,
621 3990 678 4040 677.
706 3989 838 4041 Plutarch.
877 3992 1003 4043 excutere
1020 3992 1121 4055 nequit.
1150 3990 1233 4041 Aliter
1243 3990 1390 4054 interpreta-

316 4062 394 4113 Thes.
407 4064 431 4115 8.
451 4064 504 4127 (dn
521 4064 659 4114 hominum
677 4066 704 4113 et
719 4062 841 4115 locorum
876 4070 920 4116 tur
935 4063 1069 4117 Bentleius
1084 4065 1119 4115 ad
1135 4064 1184 4115 ad.
1197 4064 1224 4126 3,
1243 4066 1288 4125 ta,
1306 4064 1335 4114 9:
1353 4060 1389 4110 «Si

317 4134 537 4198 appellationibus
553 4141 627 4203 grato
644 4150 711 4189 sono
728 4140 756 4187 et
766 4150 842 4189 men-
877 4138 959 4191 Chloe
975 4153 991 4190 e
1009 4139 1090 4190 domo
1107 4140 1223 4199 eiicitir;
1245 4142 1276 4188 ut
1291 4137 1387 4188 Terent.

318 4220 396 4259 surae
414 4212 536 4265 versibus
548 4212 768 4265 accommodatae
778 4212 840 4279 plu·
876 4214 943 4267 Eun.
955 4215 984 4277 3,
997 4214 1025 4277 3,
1044 4214 1089 4265 67:
1106 4214 1186 4265 4444444
1196 4213 1389 4277 waudraeus
