2934 4884
451 408 583 459 cnnnffin
602 408 774 465 SECULARE.

223 564 380 619 VALERIUS
396 566 520 617 Annus.
802 572 1033 623 comnrnnu.

103 666 124 727 ί)
142 681 167 715 ε.
190 678 217 715 υ.
244 680 268 717 c.
287 666 345 718 Ωίδ.
367 666 421 718 ludi
441 668 549 719 instituti
567 683 581 719 n
600 672 625 721 P.
663 672 685 730 ί)
704 685 727 721 o.
748 686 773 723 u.
796 675 890 725 nm.

144 748 249 799 Valerio
266 748 410 801 Publicola.

100 836 123 895 τ)
142 846 166 882 ε.
186 846 212 882 u.
232 846 255 883 υ.
274 834 331 887 30)).
660 840 683 899 ί)
702 854 725 889 n.
746 854 772 891 u.
792 855 816 891 c.
834 840 891 892 408.

100 918 124 979 3)
142 931 167 967 ε.
187 932 214 968 n.
234 930 258 967 c.
278 918 334 968 505.
663 922 685 983 3)
704 937 728 974 n.
742 938 768 975 n.
782 938 805 974 c.
818 926 875 975 548.
890 927 957 977 Post.
971 926 1036 993 Cap.
1050 928 1145 977 Βείίειι
1159 940 1185 991 ρ.

699 1008 787 1057 LVlss:
816 1010 880 1059 ίαδί
895 1010 1036 1061 mentalem
1053 1010 1107 1073 (sio)
1130 1016 1186 1061 ίεεί.

102 1114 123 1169 ί)
143 1128 167 1162 n.
188 1126 213 1163 u.
235 1128 259 1165 c.
279 1114 335 1165 605.
355 1118 532 1167 centenorum
551 1130 632 1167 enno-
664 1116 687 1179 ί)
706 1132 729 1169 a.
748 1132 775 1169 n.
794 1133 817 1169 c.
837 1120 893 1171 διδ.
913 1122 1088 1172 centenorum
1105 1122 1189 1172 unde·

142 1210 204 1248 rum
227 1194 349 1269 περιόδῳ
373 1199 414 1249 bis
435 1202 548 1251 servate.
570 1201 627 1263 (Te-
702 1216 941 1255 nommnnnorum
951 1200 1072 1275 περιόδῳ
1080 1206 1189 1256 terser-

141 1280 228 1332 stibns
244 1284 335 1333 autem
352 1284 461 1343 Pisone,
481 1283 528 1335 Cn.
548 1282 628 1335 Gellio
703 1288 763 1337 vnto
789 1288 816 1337 εί
841 1301 872 1337 en
892 1288 1003 1353 quidem
1022 1292 1186 1353 oongruente

141 1367 169 1415 εί
187 1366 312 1416 Hemina:
332 1380 356 1416 n.
375 1380 401 1417 υ.
421 1380 443 1417 o.
463 1367 529 1429 608.)
701 1384 765 1421 oum
784 1372 893 1435 Augusti
909 1371 979 1423 ludis
995 1371 1169 1423 secularibus.

660 1456 683 1511 δ)
702 1468 726 1505 n.
745 1467 771 1504 u.
791 1468 815 1505 ο,
833 1455 890 1505 ΊδΊ.
917 1456 986 1507 Fast.
1006 1458 1071 1523 Cap.
1090 1456 1190 1509 Βούλει)

699 1550 725 1603 p.
744 1538 829 1589 LVIII:
848 1540 912 1589 ίιιδι·
930 1540 1069 1590 maculares
1094 1540 1187 1603 φύσει.

515 1716 776 1728 ———-—

607 1876 687 1953 11·

405 2028 604 2088 2⁰81an
624 2030 710 2089 un.
729 2031 775 2088 ΙΙ.
796 2031 833 2090 (2.
844 2034 885 2089 V.

175 2158 314 2223 Τοιοῦτος
330 2158 361 2212 δέ
379 2176 421 2225 τις
438 2156 455 2212 ὁ
473 2157 580 2232 τρόπος
597 2154 811 2234 ἀναγέγραπται
825 2158 878 2230 τῆς
888 2162 999 2235 ἑορτῆς.
1027 2159 1190 2235 Περιῖόντες

106 2244 139 2294 ol
164 2240 288 2315 κήρυκες
310 2246 348 2309 εἰς
366 2240 419 2309 τῆν
435 2242 538 2317 έορτῆν
555 2247 685 2299 συνιέναι
702 2243 811 2311 πάντας
827 2245 960 2299 ἐκέλευον
975 2246 1023 2300 έπί
1038 2248 1124 2310 θέαν,
1153 2242 1191 2313 ἢν

104 2321 176 2379 ούτε
193 2324 331 2401 πρότερον
349 2324 434 2391 εἶδον,
453 2323 520 2381 ούτε
532 2326 606 2395 μετὰ
617 2326 708 2381 ταῦτα
717 2328 883 2383 θεάσονται.
911 2326 994 2385 Κατὰ
1004 2328 1035 2383 δέ
1047 2326 1100 2399 τῆν
1110 2322 1189 2403 κόραν

103 2410 157 2463 τοῦ
175 2412 295 2483 θέρους,
315 2408 370 2485 πρὸ
392 2410 506 2485 ἡμερῶν
524 2408 628 2480 ὀλίγων
646 2412 699 2465 τοῦ
716 2410 770 2479 τῆν
786 2414 910 2487 θεωρίαν
926 2409 1071 2483 ἀχθῆναι,
1099 2414 1131 2466 έν
1147 2410 1187 2482 τῷ

103 2495 279 2563 Καπετωλίῳ
295 2498 344 2548 καί
362 2495 393 2549 έν
409 2494 448 2565 τῷ
467 2495 520 2565 νεῷ
536 2496 576 2567 τῷ
594 2494 668 2548 κατὰ
684 2494 718 2547 τό
729 2495 876 2551 Παλάτιον
887 2499 918 2549 οἱ
927 2496 1079 2550 δεκαπέντε
1089 2491 1190 2570 ἄνδρες

105 2582 155 2634 έπλ
175 2577 310 2647 βήματος
331 2578 495 2648 καθήμενοι
515 2578 554 2651 τῷ
572 2579 655 2649 δήμῳ
672 2580 841 2648 διανέμουσι
856 2577 893 2633 τά
909 2579 1068 2654 καθάρσια·
1099 2578 1190 2634 ταῦτα

103 2666 136 2718 δέ
160 2664 224 2717 ἐστι
239 2662 322 2733 δᾷδες
339 2666 389 2717 καὶ
404 2666 485 2717 θεῖον
501 2666 551 2717 καί
568 2659 735 2730 ἄσφαλτος·
764 2664 862 2719 δοῦλοι
879 2664 911 2719 δέ
927 2664 1037 2719 τούτων
1054 2661 1089 2718 ού
1106 2668 1191 2732 μετέ-

103 2764 225 2811 χουσιν,
254 2745 327 2799 ἀλλὰ
344 2746 490 2821 ἐλεύθεροι
506 2747 602 2816 μόνοι.
640 2749 836 2815 Συνελθόντος
852 2750 883 2803 δὲ
899 2746 951 2803 τοῦ
968 2748 1065 2817 δήμου
1082 2746 1190 2813 παντὸς

103 2829 136 2885 ἓν
158 2849 189 2884 τε
214 2839 275 2896 τοῖς
291 2828 408 2903 ῥηθεῖσι
423 2830 524 2897 τόποις
541 2835 590 2885 καί
607 2832 694 2902 ἐντῷ
712 2829 1034 2908 ίερῳτῆςἎρτέραδος,
1064 2830 1131 2886 δέν
1148 2829 1189 2903 τῷ

102 2915 267 2985 Ἀουεντίνῳ
288 2914 371 2985 λόφῳ
396 2915 579 2989 καθίδρυται,
609 2922 691 2969 σῖτον
716 2920 766 2970 καί
781 2916 886 2991 κριθὴν
903 2914 1026 2985 ἕκαστος
1042 2921 1125 2993 φέρει
1140 2919 1191 2971 καὶ

105 2999 230 3067 κύαμον.
261 3002 322 3064 (Csr.
346 3000 437 3065 Sibyll.
455 3016 480 3051 v.
504 3002 555 3065 27.)
583 3002 640 3053 Καὶ
660 3006 723 3065 ταῖς
746 3003 868 3073 Μοίραις
889 2997 998 3070 ἄγουσι
1015 3000 1191 3067 παννυχίδας

103 3082 180 3153 μετὰ
197 3082 374 3151 σεμνότητος
392 3084 422 3137 ἐν
440 3084 532 3149 (ἐννέα
549 3086 663 3149 Ηεγυε.)
675 3082 764 3149 νυξίν.
788 3080 965 3152 Ἐνστάντος
975 3085 1007 3138 δέ
1017 3085 1069 3139 τοῦ
1081 3084 1190 3160 χρόνου

104 3166 159 3237 τῆς
176 3166 288 3241 ἑορτῆς,
307 3166 343 3235 ῆν
359 3169 390 3223 ἐν
405 3171 498 3242 τρισίν
513 3165 635 3241 ἡμέραις
651 3169 682 3221 έν
692 3166 731 3235 τῷ
744 3162 906 3240 ποῦ’θρεως
918 3167 1081 3222 ἐπιτελοῦσι
1092 3170 1189 3239 πεδίῳ,

104 3256 155 3306 καί
172 3258 236 3317 ταῖς
253 3252 331 3317 ἴσαις
346 3248 423 3318 νυξί,
441 3251 613 3324 καθιεροῦτο
631 3249 666 3303 τὰ
683 3251 842 3318 τελούμενα
858 3251 937 3324 παρά
953 3249 1007 3319 τῆν
1025 3248 1120 3321 ὄχθην
1136 3251 1190 3307 τοῦ

105 3336 272 3410 Θύμβριδος
288 3337 319 3390 ἐν
336 3335 374 3407 τῷ
393 3334 526 3409 Τάραντι.
555 3333 666 3389 Θύουσι
683 3334 714 3389 δὲ
729 3336 820 3399 θεοῖς,
832 3335 878 3387 Διί
889 3329 1191 3409 καίἬρᾳκαίἈπόλ-

106 3424 176 3474 λωνι
196 3424 246 3473 καί
269 3422 364 3487 Λητοῖ
382 3422 432 3473 καί
449 3415 601 3493 Ἀρτέμωδι,
630 3421 680 3472 καί
702 3422 821 3492 προσέτι
841 3436 872 3489 γε
894 3422 1018 3493 Μοίραις
1034 3422 1085 3473 καί
1096 3421 1191 3473 Εἰλει-

104 3509 203 3570 θυίαις
227 3507 275 3557 καί
296 3502 428 3578 Δήμητρι
450 3507 498 3557 καί
515 3498 592 3577 Ἅιδῃ
615 3506 664 3557 καί
685 3501 869 3577 Περσεφόνῃ.
911 3502 952 3579 Τῇ
969 3502 1000 3557 δέ
1017 3502 1117 3579 πρώτῃ
1133 3504 1191 3557 τῶν

105 3587 235 3662 θεωριῶν
259 3590 340 3641 νυκτί
365 3588 498 3659 δευτέρας
522 3582 599 3661 ω’ρας
626 3585 643 3639 ὁ
666 3584 855 3662 αῦτοκράτωρ
876 3589 924 3642 έπδ
944 3586 998 3655 τῆν
1020 3584 1117 3656 ὄχθην
1139 3586 1192 3641 τοῦ

106 3671 242 3740 ποταμοῦ
263 3670 349 3745 τριῶν
370 3674 666 3745 παρασκευασθέντων
686 3670 795 3739 βωμῶν
811 3680 886 3746 τρεῖς
913 3667 1005 3745 ἄρνας
1026 3670 1092 3725 θύει
1117 3668 1193 3740 μετὰ

105 3759 163 3811 τῶν
184 3758 339 3809 δεκαπέντε
360 3752 471 3829 ἀνδρῶν
492 3758 541 3809 καί
557 3754 625 3822 τούς
641 3754 762 3823 βωμούς
778 3753 964 3826 καθαιμάξας
981 3753 1141 3809 ὁλοκαυτοί
1155 3752 1192 3808 τά

106 3843 234 3909 θύματα.
273 3842 567 3908 Κατασκευασθείσης
583 3840 614 3893 δὲ
631 3838 742 3909 σκηνῆς
758 3840 841 3911 δίκην
862 3838 987 3913 θεάτρου
1010 3838 1098 3905 φῶτα
1118 3835 1192 3893 α’νά-

107 3942 206 3979 πτεται
228 3926 278 3977 καὶ
295 3922 381 3997 πυρά,
399 3927 449 3978 καί
465 3919 557 3992 ύμνος
572 3920 670 3995 ᾄδεται
687 3927 791 3977 νεωστί
807 3927 1010 3992 πεποιημένος,
1026 3926 1147 3997 θεωρίαι
1161 3940 1194 3976 τε

108 4013 286 4083 ἱεροπρεπεῖς
302 4002 430 4076 ἄγονται.
471 4010 645 4075 Κομίζονται
661 4008 692 4063 δὲ
709 4010 740 4061 οἱ
754 4006 845 4062 ταῦτα
856 4006 1007 4073 ποιοῦντες
1016 4004 1129 4075 μισθόν
1139 4008 1193 4073 τὰς

107 4090 243 4166 ἀπαρχὰς
268 4092 325 4144 τῶν
341 4091 473 4167 καρπῶν,
502 4096 584 4146 σίτου
602 4095 651 4147 καί
668 4090 771 4167 κριθῆς
788 4094 838 4145 καί
853 4090 987 4159 κυάμων·
1017 4082 1105 4144 αύται
1121 4089 1192 4165 γάρ,

108 4176 148 4242 ὡς
165 4178 277 4249 εἴρηταί
292 4194 357 4244 μοι,
376 4178 425 4229 καί
442 4176 480 4245 τῷ
498 4176 580 4245 δήμῳ
598 4179 682 4229 παντί
699 4176 892 4243 διανέμονται.
927 4174 968 4249 Τῇ
985 4174 1016 4228 δέ
1033 4170 1107 4233 μετὰ
1122 4173 1193 4229 ταύ-

110 4281 161 4331 την
180 4259 275 4341 η’μρρᾳ
292 4265 333 4325 εἰς
349 4258 382 4312 τὸ
395 4260 578 4315 Καπετώλιον
590 4257 752 4325 ἀναβάντες
762 4254 913 4314 κάνταῦθα
922 4258 974 4326 τὰς
985 4264 1194 4328 νενομισμένας
