2934 4884
669 379 797 430 notarii
816 375 985 428 cantitanti

500 537 679 603 Caucasum
699 533 751 600 vel
773 554 858 622 quae
880 532 951 600 loca
973 530 1137 598 fabulosus

624 655 748 722 Lambit
770 654 951 744 Hydaspes,

496 819 641 903 Namque
663 833 715 880 me
738 811 818 880 silva
839 812 935 901 lupus
959 813 990 878 in
1012 812 1147 888 Sabina,

499 939 582 1003 Dum
604 956 710 1003 meam
731 945 824 1001 eante
847 933 985 1022 Lalagen
1009 943 1041 1000 et
1060 933 1143 1000 ultra
1331 933 1372 997 40

497 1059 681 1124 Terminum
701 1055 789 1124 euris
810 1076 910 1144 vagor
930 1054 1104 1143 expeditis,

569 1173 575 1184 ’
624 1178 716 1266 Fugit
738 1177 912 1254 inermem,

499 1339 601 1418 Quale
622 1347 806 1426 portentum
827 1355 935 1423 neque
957 1334 1101 1400 militaris

268 1599 272 1615 1
353 1551 393 1599 44,
411 1547 539 1608 4444444444
562 1546 580 1595 d
601 1548 629 1595 et
648 1558 717 1595 corr.
739 1543 779 1605 b.,
803 1543 868 1594 item
887 1541 979 1604 Aldus,
1003 1541 1176 1594 LtetBentt.
1214 1491 1339 1608 (eoarces

320 1636 372 1673 non
389 1622 516 1672 nomlnat.
543 1621 574 1672 ot
590 1633 647 1680 nos,
671 1619 753 1670 ceteri
770 1617 862 1680 nostri,
880 1619 1005 1680 quattuor
1020 1616 1122 1678 utana,
1140 1619 1208 1668 Pott.
1221 1618 1339 1682 decem.)

319 1793 343 1841 7.
362 1792 386 1843 8.
412 1789 691 1853 sabuwmrllpdospea,
710 1799 809 1837 nomen
848 1785 939 1834 sentus
962 1784 1083 1838 decimus
1103 1783 1225 1849 Collyrae
1247 1787 1375 1838 inscribi-

287 1867 443 1930 oorruptum
456 1861 592 1914 extudioo
607 1861 810 1913 4444444444οωί4-
848 1861 904 1920 tur,
928 1872 974 1922 eo,
1001 1860 1073 1922 quod
1098 1860 1132 1910 de
1155 1859 1259 1924 Collyra
1285 1863 1374 1913 amica

288 1954 333 1992 sa»
344 1941 385 2002 (ei.
397 1941 469 1988 Laes.
480 1935 702 1987 munitium.
712 1934 757 1998 4.),
769 1935 810 1982 est
848 1935 963 1998 scriptus
974 1935 1034 1985 sit.»
1053 1935 1100 1985 Ed.
1113 1935 1172 1986 Bas.
1187 1937 1262 1987 438οε
1277 1937 1376 1988 460444-

286 1995 376 2065 44ιά4αὲ
395 2013 491 2062 fluvius
515 2011 586 2075 (hod.
606 2009 703 2075 4444444),
722 2022 809 2072 usque
847 2021 928 2072 pono,
947 2007 1003 2061 scil.
1023 2008 1120 2061 librum
1137 2009 1258 2074 Lalagen.
1287 2011 1327 2060 lta
1346 2011 1376 2061 li·

287 2091 322 2140 ad
337 2101 418 2152 quam
434 2085 583 2137 Alexander
599 2087 632 2135 ll.
645 2085 807 2148 penetrarat.
847 2081 898 2132 ber
915 2085 973 2133 Sex.
997 2085 1070 2134 Decii
1092 2083 1197 2148 Collyra
1218 2084 1375 2136 inscribitur

287 2166 327 2214 De
344 2177 376 2214 eo
393 2161 475 2212 multa
491 2161 606 2224 fabuloso
622 2160 734 2223 apoetis
746 2172 810 2209 nar·
848 2160 917 2208 cet.»
953 2157 1005 2210 Cir.
1024 2171 1076 2209 van
1094 2158 1201 2209 Heuede
1218 2157 1252 2210 de
1270 2160 1297 2209 L.
1317 2162 1376 2210 Ae·

288 2237 425 2298 rebantur,
443 2234 525 2285 veluti
543 2233 689 2284 auriferum
700 2233 813 2297 344444444-
848 2231 882 2282 lio
901 2231 998 2282 Stilone
1016 2246 1042 2296 p.
1061 2232 1102 2284 38,

288 2313 428 2374 ferumque
446 2322 517 2370 esse,
535 2309 692 2373 praesertim
710 2309 737 2358 in
747 2308 811 2357 Dio·
859 2333 860 2338 κ
875 2308 915 2356 44,
928 2307 1076 2372 Tarentum]
1086 2309 1170 2358 «Dum
1183 2309 1268 2358 tractu
1280 2319 1376 2358 amoe-

289 2387 418 2449 nysiaois3
437 2383 614 2434 ettotalndia
625 2384 811 2447 portentorum
848 2394 883 2431 no
900 2394 932 2431 ae
949 2379 1096 2445 voluptario
1118 2382 1283 2445 somniisque
1302 2384 1375 2434 meta

289 2460 376 2525 plena.
395 2457 442 2508 Od.
460 2458 484 2518 3,
504 2457 533 2517 4,
552 2457 580 2506 9:
607 2456 761 2519 4444444444-
773 2480 786 2490 ·
798 2481 812 2491 -
848 2455 1375 2520 poeticiseaptusultraterminumagelli

282 2533 419 2597 potientes.
443 2532 605 2581 Tae.Germ.
632 2531 659 2580 3:
679 2529 757 2582 Ulixis
773 2529 814 2592 fo-
849 2531 901 2580 mei
928 2530 1030 2592 Sabini,
1063 2531 1132 2581 intra
1164 2544 1245 2595 quem
1277 2533 1375 2582 terrui-

291 2607 479 2656 butaaoerrora.
498 2604 603 2654 Curtius
614 2603 639 2662 3,
652 2604 682 2653 4ε
695 2605 813 2664 Marmar
849 2617 914 2655 num
931 2605 986 2656 tera
1007 2604 1076 2655 nulla
1098 2605 1216 2656 timenda
1233 2609 1302 2666 erat,
1328 2620 1376 2657 se-

288 2681 379 2740 44444444,
395 2678 679 2743 pommeranorum
692 2678 813 2726 comini-
849 2692 930 2729 curus
949 2680 974 2728 in
992 2692 1087 2730 nemus
1105 2692 1228 2744 evagor.»
1243 2707 1271 2716 ·-
1283 2683 1377 2730 mete-

290 2757 334 2806 tur
344 2753 449 2802 inclitae.
462 2751 621 2813 Notiocton'‚
631 2752 718 2812 incliti,
729 2764 811 2815 quam
848 2753 976 2817 expeditis]
993 2755 1019 2804 in
1030 2753 1148 2818 pedestri
1166 2755 1286 2806 oratione
1301 2756 1375 2804 444444

288 2831 332 2881 hic
344 2823 462 2879 nonnulli
473 2827 633 2888 agnoscunt,
646 2838 700 2876 non
712 2827 811 2876 estniai
848 2829 992 2890 expeditio,
1018 2831 1049 2878 ut
1074 2827 1176 2878 hebent
1195 2827 1279 2880 Codd.
1302 2842 1375 2880 nou-

289 2901 456 2956 secundaria.
501 2900 568 2950 Nam
593 2897 657 2950 Plin.
682 2901 712 2950 H.
736 2903 767 2950 N.
785 2901 809 2950 5.
849 2901 919 2952 nulli.
949 2904 1006 2954 Hoc
1026 2901 1210 2967 praetulerunt
1232 2901 1317 2954 Beutl.
1347 2907 1377 2955 at

290 2973 547 3036 umentemitsn'coe
555 2973 812 3037 oetsotetoatratmum
849 2979 881 3030 Η.
898 2977 1062 3042 Peerlkamp.
1094 2979 1133 3027 Tu
1150 2977 1197 3028 cir.
1216 2976 1309 3030 Catull.
1330 2979 1373 3039 34,

288 3053 429 3110 aemam,
458 3049 523 3098 item
549 3050 657 3113 proprie
685 3049 811 3114 explicari
848 3055 876 3102 7:
900 3054 919 3102 0
942 3054 1002 3115 putat
1022 3053 1108 3102 rotatio
1123 3057 1158 3103 est
1178 3052 1273 3103 44444444
1288 3055 1375 3103 meist

290 3126 380 3185 debet,
400 3124 433 3174 de
451 3136 505 3187 quo
521 3122 621 3175 multae
632 3123 737 3176 tabulae
750 3127 814 3176 444444
849 3130 887 3178 Aa
910 3129 983 3178 reete
1002 3128 1122 3190 expeditis
1143 3126 1243 3178 mavolt
1262 3139 1375 3178 meeum

289 3204 359 3253 iuter
369 3200 500 3249 homines.
516 3224 543 3234 -
556 3200 661 3264 Lomttt]
679 3205 814 3265 «praeter—
848 3199 1034 3264 Dillenhurger
1049 3200 1092 3251 vel
1104 3205 1215 3268 propter
1225 3203 1376 3252 homoiote-

289 3276 387 3328 labitur
395 3277 423 3324 et
430 3272 534 3338 placide
542 3271 640 3323 alluit.»
652 3275 717 3325 sut.
727 3275 810 3326 Theb.
848 3275 950 3335 leuton,
977 3279 1054 3326 cuius
1075 3276 1165 3328 multa·
1181 3277 1258 3328 allent
1278 3290 1376 3327 exem-

290 3348 315 3412 4,
332 3351 380 3400 aa:
407 3349 639 3412 pomptpreoudo
654 3350 755 3414 Laepia
775 3355 814 3404 ta-
849 3349 1376 3416 pla,ut0d.2,t2‚t:tonpateroebetta

289 3425 353 3476 canti
369 3423 475 3476 4444444444.
848 3425 1009 3485 Numantiae,
1021 3426 1045 3482 4,
1062 3425 1102 3482 46,
1113 3425 1157 3477 38:
1173 3425 1377 3488 SpirimmGi-o·

323 3500 349 3549 9.
376 3499 448 3562 otoo]
469 3511 553 3562 prope
572 3496 700 3550 Sabinum
722 3511 810 3549 suum.
848 3501 888 3549 toa
905 3503 1001 3549 4444444444
1011 3499 1150 3559 emmam·
1167 3501 1230 3550 item
1241 3500 1266 3562 4,
1285 3499 1327 3560 ti,
1346 3501 1372 3550 t.

291 3574 339 3624 0d.
358 3574 382 3633 3,
405 3575 444 3633 46,
461 3574 502 3624 te.
521 3573 556 3623 de
573 3574 681 3625 eadem:
702 3576 814 3637 silvaque
850 3575 879 3634 3,
899 3574 927 3633 6,
945 3572 969 3624 t.
989 3573 1074 3634 mi,
1093 3575 1117 3624 a.
1136 3573 1160 3634 3,
1177 3575 1218 3634 34,
1237 3574 1261 3623 7.
1285 3573 1371 3637 Epod.

290 3649 406 3710 tuamen
418 3648 568 3698 aarum.
850 3649 890 3708 ti,
903 3647 942 3697 35.
961 3649 1080 3698 Permira
1092 3651 1183 3698 autem
1195 3649 1236 3698 444
1247 3648 1332 3698 Ltohri
1346 3651 1374 3698 et

325 3721 364 3770 to.
383 3720 502 3783 lutearia]
519 3723 592 3772 Ltoto
601 3724 813 3787 Lotapereperta
849 3722 982 3772 Besechae
1004 3723 1187 3786 interpretatio
1206 3723 1373 3786 iungentium

292 3798 334 3845 eet
350 3795 376 3843 io
393 3792 558 3845 columbario
576 3797 662 3848 Liviae
678 3801 812 3862 Augustae
848 3797 919 3847 4444444
941 3798 1074 3848 minuam
1099 3798 1235 3860 apaten,
1263 3797 1372 3858 idest,

292 3866 364 3932 apud
379 3867 514 3918 Biauehint
530 3870 560 3918 N.
580 3869 637 3930 439,
656 3885 737 3935 quam
749 3886 815 3924 non·
851 3873 997 3932 «nimium,
1024 3871 1083 3936 plue
1105 3886 1192 3937 aequo
1214 3872 1373 3937 expeditis.»

292 3940 357 3995 nulli
373 3941 430 3991 elne
446 3941 499 3993 ulla
516 3955 598 3993 cauea
609 3957 659 4007 pro
671 3946 813 3998 Horatiana
884 3946 923 3996 43.
948 3946 1100 4012 portentum]
1129 3945 1270 4017 πέλωρον,
1295 3947 1375 4012 μέγα

291 4015 452 4066 hahuerunt.
486 4017 624 4080 lrequem
641 4017 695 4069 hoe
711 4019 814 4072 liberti-
850 4016 1057 4092 χρῆμαθηρός.
1077 4022 1166 4086 Eurip.
1180 4019 1372 4086 Hippotem:

293 4103 389 4141 narum
405 4103 504 4141 nomen
521 4104 536 4140 a
553 4089 691 4159 λαλαγέω.
712 4120 739 4129 -
752 4097 815 4145 Por·
850 4093 923 4160 Ktp'
940 4091 1059 4160 ἐξέθηκε
1074 4093 1189 4166 ταῦρον,
1206 4087 1308 4166 ἄγριον
1324 4095 1374 4146 τέ-

292 4163 406 4228 phyrion
421 4164 449 4215 tn
465 4164 514 4216 Ed.
530 4166 662 4231 principe:
685 4171 812 4230 «emutare,
850 4183 911 4239 ρας.
926 4195 953 4205 -
971 4169 1096 4234 militaria]
1117 4183 1202 4234 «quae
1219 4169 1315 4222 milites
1327 4183 1374 4233 ge·

293 4251 456 4303 componere
473 4236 576 4290 scilicet
591 4238 696 4312 tibrum.
725 4241 814 4292 Lucilii
851 4245 927 4294 nerat
943 4245 1067 4295 strenuos
1084 4257 1116 4296 ao
1134 4244 1241 4296 torus.-
