2934 4884
432 348 493 397 Lib.
510 348 551 399 ΙΙΙ.
587 348 615 397 C.
635 348 709 399 nvn.

198 504 360 589 Compone
382 502 517 591 iignum:
541 524 613 570 cras
636 504 773 571 Genium
796 526 885 571 merc

236 624 370 692 Curubis
393 635 425 691 et
447 646 546 713 porco
568 623 712 691 bimestri

279 747 357 813 Cum
378 744 504 813 famulis
526 767 663 834 operum
685 745 808 813 solutis.

136 908 172 956 tt.
186 920 266 969 porco
283 908 314 967 d,
332 910 362 957 ut
378 905 461 957 edidit
477 906 693 969 cuningnamius.
714 932 743 943 -
762 908 888 958 munatii
904 906 1025 959 BbSTcd.

79 1047 362 1108 tepumuciutucouaut,
377 1045 586 1109 ubiegoetttal-
622 1047 739 1097 Bosscba
754 1060 781 1111 p.
802 1048 869 1105 ita..
887 1060 982 1097 verum
997 1047 1030 1097 de
1047 1048 1143 1099 talibus

80 1122 138 1171 mins
155 1121 226 1185 lopo.)
243 1147 270 1158 —
288 1124 398 1185 Propter
417 1122 468 1171 boc
487 1122 582 1186 ipsum,
622 1135 654 1170 er
672 1134 733 1171 meo
753 1120 862 1184 quidam
880 1135 962 1171 sensu
978 1122 1144 1186 putidissimi

80 1196 141 1257 quod
164 1196 251 1247 iamuli
274 1195 402 1261 operibus
423 1199 501 1247 vacui
524 1210 584 1247 esse
621 1195 714 1245 fuisset
737 1197 811 1259 porci
833 1195 968 1246 bimestris
993 1197 1143 1261 apponendi

80 1269 193 1327 debeant.
222 1274 330 1335 poetam
358 1284 410 1321 non
439 1270 473 1321 da
499 1269 584 1336 epulis
622 1270 740 1333 mentio.)
771 1269 896 1321 «Urbane
921 1283 950 1321 se
976 1270 1054 1320 simut
1077 1286 1145 1322 cou-

79 1344 212 1406 dumtaxat,
231 1345 281 1395 sed
298 1344 332 1395 de
350 1358 427 1395 sacro
439 1344 525 1409 atiquo
538 1344 585 1395 do-
621 1344 708 1394 vivam
717 1344 823 1394 Lamiae
836 1344 933 1395 offerro
942 1346 1088 1407 Horatium,
1101 1360 1145 1395 ur·

79 1419 175 1467 mastico
202 1422 310 1483 praeter
336 1418 487 1469 natalicium
513 1417 583 1483 thrai
619 1418 720 1468 bunum
732 1430 868 1481 quemque
881 1430 946 1469 suus
962 1418 1143 1470 iaciiesensus

79 1492 230 1543 maniiesmm
245 1496 295 1543 est.
313 1494 382 1544 Dicit
393 1493 501 1556 quidem
513 1495 582 1544 iani:
621 1492 754 1542 docebit.»
780 1494 885 1543 ttirscu,
912 1493 1011 1542 Verum
1031 1494 1141 1544 huiusce

80 1564 172 1617 notatu
192 1570 302 1631 propter
323 1566 492 1631 procellam.»
527 1565 583 1617 Noti
621 1566 785 1626 urbanitatis,
804 1567 825 1617 si
844 1569 934 1617 tamen
950 1567 1086 1619 urbanitas
1100 1570 1144 1618 ost

79 1640 187 1690 credere:
206 1644 269 1691 tunc
287 1642 358 1691 euim
369 1642 440 1691 servi
457 1640 583 1706 operibus
621 1642 681 1705 (qua
706 1642 741 1691 de
768 1654 796 1691 re
821 1642 997 1692 vehomenter
1020 1642 1142 1693 dubitare

79 1712 214 1766 domesticis
231 1716 440 1780 occupabantur.
460 1718 507 1779 (De
520 1730 585 1781 epu-
619 1715 703 1778 licet),
721 1717 749 1765 iu
760 1718 816 1766 toto
824 1718 941 1767 carmine
954 1716 1055 1769 nullum
1066 1732 1144 1783 pror-

79 1786 103 1837 lis
124 1788 162 1839 die
186 1790 303 1854 proiestc
323 1789 481 1854 apparandis
504 1802 584 1840 acce·
619 1804 665 1841 sus
682 1792 752 1842 inest
767 1791 913 1855 vestigium.
945 1792 983 1843 ct.
1003 1806 1073 1857 quae
1096 1793 1144 1843 ad-

79 1874 131 1923 poro
145 1865 316 1916 casaubonus
334 1866 368 1915 ad
385 1867 458 1917 Pers.
471 1866 500 1925 ἲ,
520 1864 542 1915 3λ
557 1868 584 1915 et
620 1865 770 1915 notavimus
787 1865 822 1915 ad
839 1880 864 1915 v.
884 1868 908 1915 7.
