2934 4884
483 358 541 409 utu.
560 362 602 411 lli.
639 362 667 411 C.
686 363 750 414 xvi.

276 511 450 579 Custodem
471 515 623 601 pavidum
649 519 793 607 luppiter
812 532 846 588 et
869 524 975 591 Venus

275 632 443 701 Risissent:
469 634 537 703 iore
559 638 644 705 eninr
666 650 767 709 tutum
788 643 849 709 iter
869 655 902 711 et
923 658 1035 733 patens

358 755 521 823 Conversa
545 760 575 825 in
598 762 737 847 pretium
757 762 830 830 deo.

271 914 391 979 Aurum
414 934 474 1001 per
495 917 620 983 medios
648 920 695 985 ire
717 921 870 989 satellites

275 1034 312 1101 Et
332 1056 542 1123 perrumpere
565 1051 651 1105 amat
671 1062 750 1108 saxa
770 1048 932 1130 potentius
1146 1056 1186 1121 iu

276 1156 342 1222 lctu
364 1156 532 1226 fulmineo:
556 1160 695 1228 concidit
716 1166 848 1251 auguria

353 1280 459 1367 Argivi
483 1281 600 1349 domus
622 1282 665 1349 oh
687 1283 813 1351 lucrum

271 1438 428 1505 Demersa
448 1440 562 1521 exiti0;
585 1440 699 1510 diffidit
720 1444 849 1512 urbium

167 1607 190 1655 6.
210 1606 286 1657 iluna
302 1620 327 1657 v.
347 1610 468 1673 sequitur
484 1610 525 1661 28.
544 1614 572 1661 et
588 1610 689 1677 reliqua
707 1613 805 1665 desani
821 1617 848 1667 in
864 1618 893 1667 B.
908 1645 937 1655 -
950 1620 975 1671 7.
987 1624 1082 1675 masec
1096 1638 1152 1677 ma-

136 1680 206 1731 lebat
222 1681 364 1734 Bentleiue.
385 1711 412 1721 -
432 1685 471 1735 43.
490 1687 606 1737 litamen
623 1688 650 1737 T.
672 1717 698 1723 —
717 1691 815 1741 casato
830 1705 875 1751 c,x
893 1698 936 1745 ret
951 1694 1009 1746 alii·
1028 1699 1150 1763 Bentleii,

134 1757 198 1805 Pati.
221 1768 281 1819 sex,
300 1758 339 1808 Lt.
360 1760 422 1822 (aon
439 1759 515 1823 hSTl

104 1891 188 1945 Sileni.
210 1896 288 1946 Anlh.
309 1896 362 1947 Pal.
376 1898 395 1947 1.
414 1911 440 1964 p.
461 1898 525 1950 lii:
544 1896 623 1971 Xpai·
660 1903 710 1953 sed
729 1905 769 1955 sic
792 1907 869 1959 nimis
886 1908 978 1961 similis
996 1916 1038 1964 est
1054 1920 1183 1969 sententia

104 1982 165 2031 στος
182 1962 353 2031 &cataroae
373 1970 521 2039 διέτμαγεν
538 1968 623 2043 ἅμμα
660 1979 751 2043 diffidit
765 1980 866 2031 urbiam
880 1984 970 2035 Portae
986 1992 1037 2038 cet.

103 2044 214 2113 κορείας
229 2039 299 2108 Ζεὺς
316 2042 415 2110 διαδὺς
425 2045 541 2112 Δανάας
551 2050 623 2111 χαλ·
693 2054 733 2103 ll.
745 2055 785 2104 ⁴2.
804 2059 1009 2126 ανριαῢΑνρίνν]
1020 2065 1181 2131 Amphiarai,

102 2114 409 2185 νελάτονςθαλάμονς.
439 2122 517 2188 dalei
532 2122 622 2192 λέγειν
660 2129 705 2190 qui
729 2128 854 2181 inductus
875 2132 910 2182 ab
933 2147 1017 2187 uxore
1040 2138 1181 2205 Eriphyla,

102 2188 149 2242 τὸν
159 2190 260 2257 μῦθον
270 2192 325 2261 ἐγώ
336 2193 412 2247 τάδε’
430 2194 540 2257 χάλκεα
557 2198 622 2269 νικᾷ
659 2213 728 2263 quae
747 2216 762 2251 a
779 2202 904 2267 Polynice
921 2220 1004 2259 aureo
1021 2213 1112 2264 monili
1124 2229 1185 2265 car·

104 2268 202 2329 Τείχεα
237 2270 287 2319 καλ
314 2267 439 2337 δεσμοὺς
466 2269 575 2345 χρυσὸς
604 2270 621 2327 ὁ
659 2277 747 2340 rumpi
764 2290 794 2327 se
810 2292 891 2343 passa
908 2285 978 2343 erat,
998 2296 1060 2335 cum
1071 2287 1184 2341 Adrasto

103 2340 301 2415 πανδαμάτωρ.
323 2346 432 2399 Rutilius
444 2350 471 2411 t,
486 2349 546 2401 360:
569 2352 623 2403 Vir-
660 2350 857 2413 expeditionem
868 2354 997 2406 adversus
1008 2358 1113 2412 Thebas
1124 2375 1183 2414 sus·

101 2420 230 2481 ηλατονηνο
254 2420 323 2471 sinus
347 2436 440 2473 αννοντ
458 2424 537 2475 imber
552 2427 619 2475 eruit.
659 2425 747 2488 oepit,
777 2424 824 2475 uhi
856 2430 945 2479 tarrae
972 2432 1045 2484 hiatu
1075 2436 1183 2488 absum-

128 2494 150 2543 9.
169 2494 281 2559 Aurum]
297 2496 401 2559 Fragm.
419 2498 504 2561 Lyrici
520 2500 622 2550 inuio-
656 2500 719 2562 ptus
737 2501 795 2557 est;
824 2501 950 2567 Eriphyla
971 2508 1062 2559 eutem
1082 2511 1108 2561 in
1133 2524 1183 2577 pa-

101 2567 153 2618 dari
173 2569 277 2632 Fragm.
297 2570 416 2621 Dindori.
445 2584 473 2635 p.
495 2572 560 2623 ⁴35:
585 2564 621 2625 'a
658 2574 704 2624 iris
721 2572 849 2625 ultionem
868 2577 902 2627 ah
921 2577 1083 2635 Alcmaeone
1100 2599 1183 2637 neca·

99 2642 203 2712 νρνσέ,
229 2639 387 2709 βλάστημα
403 2642 526 2709 χθονός,
551 2642 620 2699 Οἷον
657 2650 684 2699 ta
702 2651 752 2701 est.
785 2650 893 2703 Fundus
912 2654 1018 2707 tabulae
1040 2658 1134 2724 Odyss.
1154 2660 1179 2725 λ,

99 2710 189 2788 ἔρωτα
205 2716 338 2789 βροτοῖσι
348 2717 480 2787 φλόγας,
497 2718 620 2774 Πάντων
657 2722 705 2773 326
723 2736 764 2789 sq.
799 2725 1033 2793 caspaliana,
1055 2733 1079 2783 e.
1104 2737 1179 2788 Ouid.

98 2788 246 2863 κράτιστε,
269 2790 383 2844 πάντων
399 2791 534 2865 τύραννε·
557 2797 619 2848 Πο-
656 2798 717 2849 Met.
737 2800 766 2861 9,
786 2799 843 2851 iot.
873 2803 936 2853 Siai.
959 2806 1041 2857 Theb.
1067 2810 1097 2871 2,
1121 2812 1178 2863 267.
1258 2828 1261 2837 ·

98 2863 191 2932 λεμεῑς
212 2860 344 2939 δ”Αρεος
367 2868 518 2941 Κράσσον
544 2865 619 2933 ῗχων
656 2872 818 2938 (Eriphylam
842 2878 969 2941 precibus
993 2885 1020 2932 et
1040 2882 1130 2935 monili
1153 2887 1179 2938 in

98 2938 225 3008 δύναμιν.
243 2940 345 2993 Πάντα
361 2942 487 3012 θέλγεις·
505 2944 619 3019 ἐτλγιὶρ
656 2949 743 2999 mariti
767 2952 913 3013 perniciem
939 2956 1096 3021 aPalynice
1121 2960 1180 3012 ille·

98 3008 242 3089 Ὀρφείαις
265 3016 417 3086 μελῳδίαις
433 3019 538 3073 Εἵπετο
554 3021 618 3075 ‹lev-
655 3024 726 3073 ctam
738 3027 869 3076 monstrat
888 3029 1029 3091 inghirami
1044 3034 1109 3084 Gali.
1124 3036 1177 3088 ονι.

97 3088 161 3161 ὄρεα
191 3093 241 3143 καλ
265 3092 368 3164 Θηρῶν
392 3089 505 3162 ἀνόητα
529 3098 616 3165 γένη,
654 3096 696 3147 111.
715 3096 743 3145 Τ.
762 3096 803 3147 u.
823 3101 850 3149 at
866 3102 922 3161 723
950 3100 1014 3155 aliae
1036 3107 1093 3159 eius
1115 3110 1180 3165 ima·

97 3165 144 3217 Σολ
161 3165 194 3217 δὲ
210 3167 260 3219 wal
276 3164 358 3228 χθών
375 3167 456 3221 πᾶσα
480 3172 529 3221 καὶ
547 3170 617 3224 τόν·
654 3170 728 3233 gines
745 3169 844 3221 videsis
868 3174 895 3223 in
912 3173 1005 3226 Mulier
1019 3180 1125 3232 uenam.
1145 3186 1175 3235 ll.

97 3254 142 3305 τος
153 3244 205 3293 καὶ
217 3237 235 3291 ὁ
246 3238 525 3317 παμμήστωρῖάρης.
539 3246 615 3313 Apul.
654 3246 684 3295 N.
703 3244 744 3295 98.
763 3247 791 3294 el
806 3246 925 3296 Gerhurd
939 3250 1080 3313 Vueeapem.
1093 3256 1123 3306 Τ.
1136 3257 1177 3309 ut,

97 3318 153 3367 liet.
173 3317 202 3378 9,
222 3316 269 3368 i8:
300 3324 382 3369 certae
402 3320 550 3385 frapilitatia
568 3322 617 3373 ira-
653 3319 692 3368 De
703 3318 857 3383 Amphiarai
874 3322 964 3372 autem
981 3324 1088 3376 interitu
1106 3330 1178 3381 eius-

96 3402 185 3442 manae
198 3392 271 3455 fidei,
298 3397 321 3442 et
336 3394 403 3455 quod
415 3397 537 3457 pec-emim
553 3411 617 3447 αρη-
654 3405 706 3456 que
724 3392 796 3457 apud
813 3394 922 3459 Oropioe
939 3395 1011 3447 millu
1032 3400 1079 3450 cfr.
1099 3404 1175 3455 Palis.

96 3471 146 3517 ctae
168 3468 219 3517 unt
241 3468 397 3531 difficulate
417 3470 522 3531 paviae
537 3484 618 3522 aaro-
655 3468 683 3527 i,
702 3466 749 3529 34,
768 3469 803 3533 Ξ.)
823 3496 851 3505 -
869 3470 964 3537 Mum]
982 3485 1034 3523 non
1053 3475 1175 3543 «aedes»,

97 3554 139 3601 pue
155 3542 252 3591 adeant
267 3544 447 3594 adamantinae
465 3546 541 3595 etiam
558 3560 618 3609 per-
653 3541 702 3593 sed
720 3555 833 3606 «genus,
853 3543 975 3597 familia..

94 3615 169 3680 sriupi
188 3616 262 3679 [ores.
286 3644 313 3653 -
331 3618 454 3683 soladina]
474 3620 617 3681 «lyranno-
687 3616 726 3667 ⁴3.
747 3617 786 3669 il.
804 3620 925 3670 Demersa
941 3623 1027 3689 acilio]
1044 3623 1092 3675 Alii
1109 3628 1177 3677 euci-

95 3701 151 3740 mm
169 3690 312 3751 custodes,
340 3692 385 3755 qui
410 3705 475 3743 auro
501 3696 616 3760 corrupti
653 3692 710 3752 dio,
729 3692 778 3742 sed
791 3694 1175 3759 tumpotiusdicendumiuis·

96 3761 196 3815 illorum
212 3764 425 3817 interlectoribus
442 3758 555 3817 lavent.»
653 3768 693 3817 sel
705 3771 908 3839 mascezelem.
937 3772 1172 3825 viueeenueium.

123 3840 164 3889 iii.
195 3839 278 3903 ανιαλ]
319 3838 429 3905 «φιλεῖ,
461 3839 560 3893 sciet.»
585 3872 612 3880 -
654 3870 682 3877 —
699 3842 801 3908 diffluit]
819 3842 892 3894 velut
907 3844 1030 3907 fulmine;
1055 3850 1174 3913 «perire-

95 3914 168 3979 taaa]
186 3914 216 3963 ln
228 3914 304 3978 tropo
316 3914 387 3965 haud
399 3917 477 3967 nimis
490 3920 615 3980 argutan—
651 3917 713 3981 git.»
726 3944 754 3953 -
768 3918 877 3984 willan]
896 3918 1010 3983 Olynthi,
1020 3922 1170 3985 Potidaeae,

95 3988 167 4051 dum,
193 3978 285 4039 utrum'
303 4002 348 4040 res
364 3990 518 4043 durissimus
535 4004 615 4055 quas·
650 3990 829 4055 Amphipolis,
847 3993 956 4056 Pydnae
969 3998 1019 4045 cet.
1038 3994 1170 4048 Plutarch.

95 4076 155 4125 que,
189 4077 224 4113 an
254 4063 438 4115 tantummodo
456 4063 563 4117 castella
586 4066 612 4117 in
649 4065 676 4115 in
687 4066 714 4115 L.
729 4066 818 4117 Paullo
826 4068 936 4118 Aemilia
948 4082 1006 4133 cap.
1020 4070 1063 4119 it:
1080 4063 1172 4142 Ἐρρέ-

95 4138 201 4202 rupihus
208 4139 295 4203 posita
306 4140 367 4190 ante
380 4138 470 4191 oculos
478 4139 609 4193 habuerit.
647 4138 688 4205 θη
699 4136 786 4207 γοῦν,
805 4133 851 4192 ὅτι
861 4137 913 4204 τὰς
924 4139 1020 4205 πόλεις
1030 4142 1107 4215 αἱρεῖ
1114 4144 1172 4197 τῶν

95 4210 128 4261 lie
139 4213 182 4264 his
193 4213 303 4277 quidem
313 4212 434 4279 plerique
449 4212 607 4277 intelligunt;
645 4204 787 4281 Ἐλλήνων
812 4210 847 4266 οὖ
865 4214 1016 4281 Φίλιππος,
1045 4212 1119 4269 ἀλλὰ
1135 4218 1170 4271 τὸ
