2934 4884
524 358 583 409 ΗΒ.
602 360 643 411 ΙΙΙ.
679 360 707 409 C.
727 360 769 409 vi.

331 512 399 577 lloc
422 512 507 579 lonte
530 514 674 581 derivata
696 516 807 584 clades

372 634 406 697 ln
428 635 564 720 patriam
586 636 809 727 populumque
832 638 930 707 linxit.

289 792 392 857 llotus
416 794 525 860 doceri
549 794 668 881 gaudet
691 796 817 863 lonicos

290 913 411 980 ilatum
432 916 522 1003 virgo
548 928 580 982 et
601 916 731 1003 lingitur
752 919 893 998 artibus;

330 1036 397 1100 lam
419 1056 504 1103 nunc
527 1047 559 1102 et
581 1038 721 1105 incestos
745 1060 873 1107 amores

183 1232 221 1281 io.
241 1232 319 1294 laque
333 1239 419 1294 patres
435 1233 519 1283 Bentl.
538 1238 608 1285 coni.
637 1264 665 1273 -
691 1238 735 1287 ti.
750 1239 857 1301 mliv
871 1240 976 1291 wintro
992 1241 1045 1293 bSc
1063 1242 1107 1309 (γὸ
1124 1260 1167 1311 ap.

152 1306 257 1355 iiirchn.
276 1320 302 1371 p.
321 1306 362 1357 30.
381 1308 434 1369 iro.)
455 1312 483 1357 et
499 1308 650 1374 complures
668 1314 802 1373 Pottierir,
827 1315 959 1379 fingitur
973 1318 1080 1369 m
1102 1320 1122 1371 d
1145 1324 1172 1371 et

150 1380 192 1431 alii
209 1380 345 1441 nonnulli,
375 1382 453 1446 prob.
474 1385 576 1447 Ungero
593 1384 625 1435 V.
644 1388 673 1435 R.
692 1400 719 1449 p.
742 1386 816 1446 tou,
841 1389 958 1453 [rapiar
972 1394 1078 1445 mattas
1094 1396 1169 1447 liert.

150 1456 267 1519 Cruqnii.
295 1458 337 1518 (tlt
354 1470 412 1517 nos,
431 1458 483 1517 iii,
501 1458 585 1509 uduo·
604 1459 731 1521 Bentleii,
751 1464 817 1511 Pntt.
840 1464 863 1526 i,
885 1464 909 1525 3,
923 1467 947 1527 7,
961 1469 1002 1529 tt,
1020 1470 1072 1532 ἥ.)

116 1591 252 1662 τεαγάτος
272 1596 321 1645 καὶ
338 1594 483 1661 resonos·
509 1597 556 1649 ἐπὶ
573 1594 640 1649 rori·
677 1606 719 1649 tur
736 1602 842 1651 ortubus
858 1617 892 1655 ne
909 1606 974 1657 satia
991 1609 1081 1659 Latina
1093 1610 1203 1673 quidem

115 1684 152 1737 τῳ
180 1666 238 1741 γὰρ
255 1668 463 1737 eupatorium
488 1673 519 1723 oi
536 1667 637 1736 Ἴωνες.
677 1674 797 1737 videtur,
822 1690 885 1729 cum
901 1682 1084 1743 requireretur
1098 1686 1205 1749 Μίτυν

114 1744 291 1809 Bacchylides
316 1746 388 1810 apud
413 1748 539 1799 loannem
565 1750 640 1799 Sice-
677 1754 762 1809 orirer,
792 1753 823 1800 ut
847 1752 934 1804 Menti,
961 1754 991 1815 l,
1019 1757 1077 1809 797.
1106 1760 1202 1810 iacob:

113 1818 205 1871 lictum
231 1819 266 1869 ad
291 1820 416 1883 Hermog.
442 1822 516 1873 ithet.
542 1824 585 1873 Gr.
610 1824 638 1873 Τ.
677 1824 863 1875 immutandos
875 1828 1203 1896 somatmnrottiorortos,

113 1897 153 1947 vt.
173 1908 237 1961 pag.
257 1896 320 1947 itt:
344 1892 489 1967 Ἀβρότητι
506 1895 640 1962 §vesana
657 1945 659 1970 Ι
678 1912 728 1949 nec
754 1903 829 1950 esset
852 1901 901 1951 nisi
927 1906 1050 1966 repetitio
1083 1908 1204 1970 priorum

107 1964 201 2033 Ἴωνες
216 1970 366 2037 βασιλῆες.
387 2000 414 2011 -
429 1974 520 2038 doceri]
538 1978 566 2025 et
579 1976 641 2038 qui·
677 1971 783 2025 illorum
806 1978 890 2023 motus
919 1978 1003 2027 docnt
1029 1982 1123 2042 panim
1151 1987 1202 2032 cei.

110 2046 174 2097 dem
196 2060 212 2097 a
233 2048 327 2099 servis.
359 2049 461 2099 Senem
478 2050 527 2113 Ep.
545 2050 586 2101 90.
605 2050 639 2101 de
677 2046 764 2096 Tertia
785 2047 901 2111 denique
931 2050 1063 2113 sraapitor
1090 2055 1204 2114 maora,

110 2122 198 2175 servis
220 2121 305 2171 verba
329 2122 442 2173 iaciens:
472 2124 560 2185 itaque
583 2126 640 2175 tirrc
676 2132 726 2184 per
742 2134 773 2171 se
789 2124 863 2171 recta
882 2122 916 2184 (v.
934 2122 1028 2187 Beati.)
1047 2128 1074 2175 et
1085 2127 1119 2178 de
1131 2128 1204 2179 molli

109 2201 255 2255 intorva,
283 2196 341 2247 linc
366 2197 498 2259 [cornum
526 2197 657 2262 ammone*
677 2196 784 2245 incessu
808 2208 840 2244 ac
860 2198 936 2257 gestu
954 2197 1123 2261 explicanda,
1150 2216 1204 2253 non

109 2275 182 2327 mnu
207 2270 266 2319 darc
282 2271 369 2321 odores
385 2272 557 2333 cosmus,
583 2274 640 2322 tine
677 2273 731 2319 tam
759 2270 920 2332 exquisitam
948 2272 1056 2323 exhibet
1083 2278 1205 2338 speciem

109 2344 197 2395 molles
213 2346 327 2406 comnis
336 2350 418 2395 neotus
429 2348 569 2397 docmmrm
578 2348 640 2397 mot·
676 2343 844 2408 corruptelae
862 2358 895 2393 er
912 2346 1013 2397 artibus
1030 2349 1112 2412 ipsis,
1130 2353 1204 2414 opud

108 2420 194 2481 ἱττσω
210 2424 301 2471 couno
314 2425 340 2471 et
355 2421 484 2483 infractor.
505 2422 587 2484 (Ovid.
605 2425 636 2473 A.
676 2422 792 2470 Graecos
818 2422 892 2469 certe
918 2422 1033 2471 maxime
1062 2421 1203 2475 laudabili-

109 2496 139 2543 Α.
159 2493 185 2553 ³,
205 2493 270 2545 35l:
299 2494 411 2559 Artifices
427 2496 525 2556 totam,
552 2508 639 2547 scenos
676 2494 742 2554 bus,
761 2496 851 2554 ortae,
870 2496 900 2543 ut
917 2497 1053 2547 taceamus
1071 2498 1202 2551 etiamde

107 2568 255 2629 matinanta
275 2574 411 2627 umatum
436 2573 534 2619 tortam
557 2570 639 2621 moli
675 2570 830 2617 nostrorum
845 2568 974 2619 Codicum
987 2571 1152 2623 auctoritate.
1172 2600 1201 2611 -

108 2643 168 2691 dtas
184 2642 232 2691 itio
248 2642 344 2693 moris
359 2644 452 2707 tobei.)
675 2643 867 2694 Verumtamen
893 2644 940 2704 iis,
977 2645 1023 2707 qui
1048 2646 1201 2699 etiamnunc

140 2717 184 2767 22.
211 2716 326 2780 dicturo]
349 2718 433 2768 «Cum
450 2714 532 2769 nubili
550 2721 637 2769 aetate
673 2717 803 2780 frangitur
830 2717 936 2767 oratoru
966 2718 1132 2781 praeierunt,
1173 2726 1203 2771 ut

107 2791 260 2841 castissima
278 2802 339 2841 esse
357 2791 496 2841 deberet.»
517 2819 544 2829 -
560 2794 638 2857 irapi-
676 2791 800 2841 Huschke
825 2790 860 2840 ad
885 2790 978 2842 Tihuil.
996 2794 1026 2843 11.
1045 2807 1073 2858 p.
1092 2795 1149 2845 679.
1174 2800 1202 2846 et

107 2870 151 2913 tur·
176 2863 284 2927 mutua]
309 2862 416 2915 ablativ.
443 2867 581 2927 instrum,
609 2870 639 2917 ut
675 2866 762 2927 Unger
779 2865 808 2917 Y.
827 2866 856 2915 ii.
883 2878 911 2929 p.
934 2866 1008 2928 399.,
1034 2867 1104 2919 duos
1128 2868 1201 2921 locos

108 2952 172 2989 cum
184 2937 412 3001 dicimusinstrui,
424 2942 636 3005 mammertinus,
674 2952 833 3003 suggeram:
863 2940 964 2990 Seneca
983 2942 1108 2993 controv.
1128 2945 1156 3005 t,
1174 2945 1198 2994 2.

106 3026 160 3065 non
173 3013 293 3073 dativus,
311 3014 471 3065 utnonnulli
485 3014 636 3077 voluerunt,
675 3026 701 3075 p.
730 3012 771 3063 si.
797 3014 854 3077 Bip.
881 3013 916 3063 de
942 3016 1061 3077 virgine:
1098 3018 1201 3069 docetur

108 3088 158 3138 «ad
176 3090 274 3137 ades».
294 3088 336 3137 Sic
349 3086 452 3139 Colum.
472 3088 517 3149 ti,
536 3091 566 3150 i,
586 3091 634 3140 ⁴3:
674 3086 809 3136 raamias
820 3092 843 3137 et
857 3088 992 3137 iaomnem
1002 3095 1200 3155 motmncorpo-

106 3161 210 3213 villicus
217 3162 386 3223 conplurium
394 3164 638 3226 carminarem·
673 3160 710 3209 ris
723 3160 899 3225 conducitur.
927 3162 1084 3225 Hieronymi
1093 3165 1140 3229 Ep.
1152 3165 1197 3217 ts:

105 3244 146 3289 tus
156 3236 263 3287 mribus.
284 3234 356 3287 Plato
375 3236 472 3287 Phaed.
491 3250 517 3301 p.
531 3238 571 3291 82.
590 3241 634 3289 D.:
674 3236 802 3297 Ouonwdo
818 3236 845 3285 tn
862 3236 1023 3286 manualibus
1038 3239 1116 3286 wenis
1133 3254 1200 3291 unus

106 3306 195 3376 σῶμά
205 3324 233 3361 τι
250 3306 422 3373 πλάττοντες
439 3307 508 3373 ζῶσι
525 3310 584 3361 κτλ.
607 3339 633 3349 -
673 3314 749 3373 moseo
773 3310 839 3361 idcnr
861 3310 948 3359 mario
977 3324 1044 3359 arere
1067 3312 1198 3365 Herculea

107 3386 256 3437 «accurate
269 3383 384 3445 artibus,
404 3384 637 3448 praetersaltatio-
672 3383 800 3435 robustum
827 3384 947 3445 ostendit,
976 3397 1043 3433 amic
1066 3385 1148 3435 moltis
1170 3389 1199 3437 ta

106 3474 185 3520 nem,
204 3461 287 3509 etiam
304 3462 399 3519 cantu,
419 3460 540 3519 musicis,
559 3462 634 3523 poesi
674 3458 792 3509 Veneres
813 3458 959 3522 frangam,
985 3472 1052 3509 amec
1077 3460 1198 3511 translat

105 3536 237 3585 amatoria
253 3534 408 3593 instituitur,
432 3536 461 3583 ul
477 3535 634 3597 Sempronia
670 3534 697 3583 in
707 3534 818 3594 Cutem
831 3532 1197 3597 ApudSenecamestrheto-

105 3608 147 3659 iila
176 3608 249 3673 apud
278 3606 434 3667 Salustium,
470 3606 574 3667 Clodia,
604 3611 632 3660 P.
669 3608 725 3659 rica
742 3609 924 3671 exaggeratio,
943 3622 993 3659 suo
1009 3608 1082 3669 loco,
1100 3610 1124 3660 si
1139 3611 1194 3672 vis,

106 3684 192 3735 Clodii
203 3696 295 3742 soror,
314 3681 427 3746 Sulpicia
439 3681 545 3741 Tibulli,
564 3685 634 3747 Cyn·
670 3681 827 3743 laudabilis,
844 3682 917 3747 apud
929 3684 1066 3735 Horatium
1083 3684 1196 3735 nimium

106 3760 160 3809 thia
179 3756 286 3821 (Hasta)
300 3758 443 3819 Propertii.
463 3757 633 3821 quibusarti-
669 3756 696 3807 h.
724 3755 741 3806 l.
767 3757 836 3807 toret
860 3760 888 3807 et
913 3758 1001 3809 mimis
1029 3760 1137 3809 omnino
1162 3772 1195 3808 ac

105 3830 434 3883 basamatoresalliciat.»
448 3833 632 3883 intonantem
668 3830 823 3895 prostibulis
839 3833 926 3895 aptius
946 3845 1028 3895 quam
1048 3830 1194 3894 virginibus

104 3908 182 3959 locus
206 3905 249 3957 vel
272 3908 383 3969 propter
406 3918 501 3957 versus
517 3920 632 3970 praece·
670 3904 799 3968 ingenuis.

104 3982 201 4033 dentes
218 3980 253 4031 de
270 3994 351 4044 prava
363 3982 444 4031 etiam
455 3982 631 4045 ingenuarum
701 3980 742 4029 23.
777 3981 832 4029 iam
847 3978 927 4043 nunc]
957 3977 1027 4029 liulti
1053 3979 1121 4029 haec
1147 3990 1190 4027 vv.

104 4054 254 4120 puellarum
283 4054 444 4107 institutione
472 4054 629 4115 domestica,
668 4054 778 4117 iungunt
795 4066 857 4103 cum
874 4051 1111 4115 praecedentibus,
1138 4064 1192 4103 nou

104 4144 158 4181 non
187 4131 221 4180 de
250 4129 356 4181 leminis
384 4128 498 4181 libertini
523 4130 629 4192 generis
667 4128 927 4188 animadvertentes,
957 4127 1022 4177 satis
1045 4128 1112 4177 mire
1138 4126 1191 4178 dici

103 4202 300 4267 intelligendus.
322 4232 348 4241 -
369 4203 456 4255 Altera
468 4202 546 4254 lectio
556 4204 630 4267 liopt-
665 4208 795 4253 moturum
810 4203 939 4265 virginem
956 4202 1009 4251 ina
1024 4214 1091 4251 nwrc
1107 4200 1191 4251 excoli
