2934 4884
627 881 857 986 otiosuli
871 879 1030 971 innoti

526 1096 1144 1278 counitioni

682 1393 800 1460 LIBER
821 1393 995 1461 TERTIUS.

688 1745 988 1808 emh

510 1923 573 1992 Odi
596 1925 767 2012 profanum
789 1922 903 2012 volgus
924 1934 957 1991 et
978 1946 1095 2003 arceo,

364 2106 381 2154 l.
403 2107 487 2155 lusor.
506 2102 574 2167 volg.
593 2104 630 2153 Ad
646 2104 750 2154 ciorum
765 2104 894 2167 wpinaan
909 2110 933 2154 et
944 2118 1093 2167 worma,
1112 2107 1140 2154 et
1151 2105 1189 2155 sic
1200 2106 1245 2155 Bc.
1268 2133 1297 2142 —
1316 2109 1354 2157 Ad

333 2182 421 2230 choros
436 2179 565 2243 vispinum
580 2185 604 2229 el
617 2193 759 2241 perronam
774 2180 808 2240 T,
835 2179 900 2230 item
917 2193 986 2230 corr.
1004 2178 1032 2228 b.
1066 2207 1093 2216 -
1130 2181 1169 2230 Ad
1185 2181 1298 2231 tadoctoe
1314 2181 1351 2242 b,

328 2255 394 2305 item
413 2269 428 2306 c
445 2257 506 2318 post
522 2255 639 2318 priorem
657 2255 737 2304 inser.
759 2280 785 2291 -
804 2255 863 2304 0m.
882 2254 907 2302 S.

329 2415 347 2463 l.
384 2413 495 2463 Rectum
524 2412 557 2462 dc
585 2411 669 2462 rebus
696 2413 821 2463 humanis
858 2412 988 2474 castigare
998 2413 1141 2476 praecipua
1153 2412 1306 2477 aequalium
1323 2415 1382 2463 vitia

296 2486 423 2537 iudicium
448 2499 481 2537 ac
510 2487 659 2549 sapientem
683 2487 754 2535 vitae
779 2484 822 2534 tu-
858 2488 886 2534 et
896 2485 995 2548 bonos,
1009 2488 1152 2538 iuventutis
1163 2487 1310 2550 imprimis,
1325 2502 1384 2538 nro·

295 2562 367 2623 gacis
389 2572 467 2610 usum
491 2559 663 2610 commendat
678 2562 758 2623 poeta
775 2573 821 2608 se·
857 2573 902 2610 res
914 2559 1073 2611 confirmare
1085 2561 1196 2622 studet),
1214 2560 1268 2610 noli
1281 2565 1381 2617 tamen.

295 2647 349 2697 que
367 2634 454 2697 ipsum
475 2632 580 2683 felicem
597 2633 748 2697 praedicat,
775 2633 822 2695 qui
858 2636 888 2683 ut
907 2647 978 2684 nuuc
997 2647 1057 2685 mos
1081 2638 1136 2695 ast,
1166 2636 1306 2684 innescio
1331 2649 1383 2698 quo

295 2707 369 2770 quod
385 2705 498 2756 volucrit
513 2708 566 2756 iam
584 2707 697 2771 adeptus
714 2708 749 2757 sit
771 2719 822 2755 ne·
858 2707 935 2771 cyclo
961 2710 1018 2759 sive
1043 2722 1142 2760 arcano
1167 2710 1237 2759 inter
1261 2723 1295 2759 ea
1314 2723 1383 2761 nexu

294 2793 348 2843 quc
360 2779 427 2830 ultra
438 2779 585 2842 quidquam
599 2783 714 2844 appetat.
744 2780 821 2829 Priu-
857 2784 999 2833 statuendo
1021 2784 1099 2834 nimis
1120 2797 1153 2834 ac
1169 2796 1252 2848 prope
1270 2784 1383 2834 ridicule

295 2852 386 2918 cipalis
412 2856 454 2904 est
478 2851 579 2920 γνώμη
604 2868 630 2904 v.
649 2855 703 2904 25:
727 2855 821 2904 altest-
857 2858 987 2919 argutam
1005 2857 1191 2908 huiuscemodi
1209 2859 1282 2909 enim
1300 2859 1384 2910 artili-

294 2927 373 2989 dera,
401 2929 473 2991 quod
498 2929 562 2979 satis
585 2930 652 2980 est.»
687 2930 744 2978 Non
761 2929 820 2980 sine
857 2931 897 2980 cia
915 2945 931 2980 a
947 2945 1012 2981 vera
1028 2934 1102 2996 poesi
1119 2945 1230 2997 prorsus
1246 2933 1384 2984 suntalie-

295 3014 375 3052 causa
397 3004 487 3052 autem
506 3004 658 3064 sententiis,
685 3017 754 3066 quas
771 3000 820 3053 ali·
857 3019 900 3055 na.
924 3007 1092 3070 Quamquam
1103 3006 1383 3072 magissobrieatque

294 3077 398 3140 quoties
424 3077 477 3127 lam
500 3079 674 3138 tractaverat,
701 3077 820 3142 splendi·
857 3079 1042 3143 intelligentius
1070 3081 1096 3131 in
1125 3094 1186 3131 eam
1219 3083 1381 3132 sententiam

294 3151 434 3202 dissimum
451 3153 588 3216 praemisit
614 3152 766 3214 exordium,
790 3156 820 3203 ut
856 3154 1000 3218 disputavit
1012 3153 1232 3220 Dillenburgerp.
1243 3157 1286 3206 8⁴.
1299 3169 1382 3221 quem

294 3228 379 3276 totum
404 3240 513 3278 carmen
537 3225 617 3278 simul
642 3230 715 3278 esset
738 3224 820 3277 veluti
855 3229 969 3280 llontclr.
994 3256 1021 3265 -
1040 3231 1120 3280 ilecto
1141 3231 1242 3280 Franke
1261 3243 1291 3294 p.
1317 3231 1380 3280 llll:

293 3303 460 3364 prooemium
481 3299 541 3352 libri
557 3299 652 3366 μελῶν
669 3303 739 3352 tertii
756 3315 771 3351 a
789 3315 819 3352 se
856 3305 1053 3363 :Quaerentem
1063 3317 1122 3365 me,
1140 3305 1319 3368 quotandem
1332 3308 1382 3356 im·

293 3377 372 3436 uiti,
411 3389 517 3429 memor
543 3377 655 3428 tortasse
682 3378 818 3441 praecepti
855 3376 934 3441 pulsu
952 3379 1102 3430 Venusinus
1117 3379 1153 3428 ad
1169 3380 1238 3430 haec
1260 3382 1381 3431 carmim

292 3449 422 3501 Pindarici
445 3451 549 3515 olymp.
571 3453 601 3513 6,
624 3454 653 3502 l:
683 3451 819 3539 Χρυσέας
854 3465 967 3516 prorsus
987 3453 1127 3516 singularia
1149 3454 1296 3506 scribenda
1317 3467 1380 3519 per-

293 3519 509 3588 ὑποστάσαντες
534 3520 659 3586 εὐτειχεῖ
680 3521 817 3598 προθύρῳ
854 3529 943 3578 motus
965 3529 1012 3588 sit,
1039 3540 1092 3577 non
1112 3528 1197 3591 pudet
1218 3543 1314 3580 eorum
1332 3528 1380 3579 ad·

291 3595 427 3663 θαλάμου
444 3599 564 3661 Κίονας,
582 3594 623 3663 ὡς
640 3593 688 3650 ὅτε
704 3598 817 3667 θαητὸν
854 3600 974 3665 stipulari
1000 3603 1161 3663 sententiae,
1200 3605 1246 3668 qui
1272 3603 1379 3654 Horatio

290 3687 435 3816 ἐκγαέγοέυ
458 3669 619 3818 nlgifflrss
642 3670 816 3820 ἕέἔοξῖἷῖιίἲ
852 3673 1296 3813 gggaaigndggggltedmazgaffi
1312 3679 1379 3802 (eg

291 3820 478 3888 τηλαυγές-.-
493 3823 697 3888 compositionis
708 3827 815 3889 tempus
853 3826 1069 3888 suspicatisunt,
1087 3827 1380 3876 utrirtutiscommen-

291 3897 393 3947 deliniri
422 3897 529 3960 nequit:
560 3899 660 3948 lranke
687 3911 711 3947 a.
739 3899 813 3961 726„
853 3898 958 3949 datione
984 3897 1084 3949 labenti
1100 3901 1280 3949 liomanorum
1298 3898 1379 3948 disci·

291 3971 419 4022 Kirchner
448 3974 475 4021 et
500 3970 676 4023 Walclenaer
704 3985 727 4021 a.
756 3973 813 4023 736.
851 3972 938 4037 plinae
955 3976 1126 4025 succurreret
1135 3976 1216 4036 atque
1227 3972 1377 4037 aeqrmlium

291 4045 416 4096 Ceterum
434 4047 483 4097 elsi
501 4059 548 4097 sex
565 4047 653 4110 priora
665 4046 744 4096 huius
755 4044 815 4096 libri
852 4050 962 4113 pectora
978 4048 1056 4100 bonis
1073 4048 1288 4112 salutaribusque
1298 4059 1378 4111 prae-

291 4121 408 4170 cermina
420 4121 513 4192 similis
524 4123 616 4186 utique
625 4121 731 4185 generis
743 4124 813 4183 suut,
853 4124 938 4187 ceptis
954 4123 1114 4175 imbueret.»

290 4191 388 4254 idest,
413 4195 536 4248 didactici
554 4199 625 4260 (nam
637 4197 678 4247 his
690 4196 815 4248 omuibus
886 4199 909 4247 t.
940 4197 1002 4261 Odi]
1027 4197 1138 4262 «Volgus
1163 4211 1243 4248 verae
1271 4197 1377 4260 sapien-
