2934 4884
542 323 600 372 ΗΒ.
621 324 639 371 Ι.
676 324 704 372 C.
726 322 777 370 Vll.

481 751 840 854 mvn·

218 919 410 986 Laudabunt
432 919 484 986 alii
508 920 627 987 claram
650 921 785 988 Rhodon
809 933 863 988 aut
884 923 1058 1012 Mytilenen

176 1145 231 1194 ΥΠ.
268 1148 351 1196 lnscr.
375 1145 443 1209 volg.
478 1148 516 1198 Ad
537 1147 564 1196 t.
588 1149 731 1198 Munatium
751 1149 871 1198 Plancum
892 1151 1056 1200 omniorum
1081 1179 1108 1186 -
1129 1153 1167 1202 Ad

142 1219 294 1270 It'tenutiurn
318 1222 439 1271 Plancum
467 1236 508 1285 pr.
536 1223 561 1271 S.
591 1225 667 1284 (corr.
690 1223 834 1272 Munatium
861 1227 889 1272 et
913 1227 975 1274 ante
1002 1239 1026 1273 v.
1055 1227 1095 1275 ta.
1130 1227 1168 1275 Ad

141 1295 283 1356 Plancum.)
318 1297 338 1346 T
356 1297 452 1345 omisit.
475 1324 502 1332 -
522 1297 545 1345 l.
564 1297 698 1358 uiuum
715 1295 849 1361 plerique,
872 1299 952 1348 etiam
963 1298 986 1347 J.

142 1502 196 1550 til.
228 1503 268 1551 Dc
292 1501 319 1551 L.
344 1501 451 1552 Munatii
473 1500 561 1551 Planci
586 1503 640 1552 vita
676 1515 740 1564 gere
761 1505 866 1566 posset,
890 1501 942 1552 boc
964 1504 1081 1554 carmine
1104 1506 1127 1554 el
1145 1504 1201 1558 dis-

112 1575 221 1625 consnlc
239 1576 379 1625 brumann
396 1576 638 1636 Gescticbtaltun's,
676 1574 786 1637 suadet,
813 1589 848 1625 ne
874 1577 1013 1628 Graeciam
1038 1591 1100 1629 cum
1127 1579 1200 1631 ltalia
1295 1592 1300 1603 “

111 1650 151 1698 lli.
169 1663 197 1714 p.
218 1651 278 1699 207.
302 1648 400 1699 Consul
412 1651 543 1700 Munatius
555 1650 638 1700 tutta.
677 1652 776 1710 mutet;
798 1649 855 1710 vel,
878 1652 901 1701 si
922 1652 973 1700 boc
991 1652 1129 1703 consilium
1147 1669 1201 1706 non

110 1737 135 1772 n.
154 1737 178 1772 c.
203 1724 264 1772 uta.
290 1722 460 1787 coloniasque
483 1723 640 1788 Lugdunum
677 1723 807 1784 agitabat,
831 1727 903 1774 certe
926 1717 1056 1776 consolari
1078 1729 1136 1778 elus
1153 1741 1201 1778 ae-

112 1801 135 1846 et
152 1801 304 1860 Angustam
322 1799 503 1849 Rauracorum
521 1799 639 1848 deduxit.
677 1799 834 1859 grimonlam
862 1799 969 1860 studet,
1001 1801 1095 1850 Teucri
1123 1816 1203 1854 curas

111 1873 229 1922 Primum
257 1874 404 1922 Caesarem
430 1875 556 1932 secutus,
579 1875 641 1936 post
676 1873 738 1921 vino
766 1873 902 1934 sapienter
929 1873 1050 1926 lenientis
1078 1876 1202 1940 exemplo

111 1945 166 1994 eius
177 1947 436 2008 interitum(a.u.o.
451 1948 517 2010 tto.)
535 1945 641 2010 peralt-
676 1947 826 2009 pmposito,
850 1949 879 1996 ut
899 1947 985 1998 simile
1011 1949 1075 1999 illud
1097 1949 1202 2002 Achillis

112 2021 307 2083 quodtempns
320 2021 441 2071 Ciceroni
460 2023 539 2084 atque
557 2023 641 2071 omni·
677 2021 760 2084 Epod.
785 2021 824 2070 43.
866 2023 1074 2083 (Ommerenium
1094 2028 1204 2076 secutus

111 2094 177 2149 bns.
211 2097 259 2158 qui
284 2093 397 2144 liberam
421 2108 480 2145 rem
505 2095 640 2158 publicam
677 2096 753 2144 Estre
772 2095 833 2144 lior.
852 2097 894 2145 Pr.
914 2109 940 2158 p.
960 2096 1028 2156 att,
1047 2111 1101 2159 quo
1118 2099 1204 2148 liora·

111 2171 254 2220 restituere
281 2169 416 2230 solebant,
440 2169 514 2230 iavit3
542 2170 639 2220 deinde
677 2169 745 2217 tium
767 2182 802 2216 «a
819 2168 946 2230 pudendo
965 2169 1123 2220 adulationis
1140 2185 1203 2234 erga

110 2245 301 2304 Octaiianum,
324 2249 417 2307 postea
436 2245 590 2306 Antonium,
614 2258 638 2294 a.
677 2241 804 2290 Plancum
822 2245 849 2290 et
865 2241 979 2292 bellium
998 2245 1094 2304 (Caum.
1113 2245 1137 2304 Ξ,
1157 2246 1202 2307 3.),

110 2319 165 2368 722.
199 2331 297 2368 rursus
330 2319 501 2368 Octavianum
532 2323 641 2368 secutus
677 2316 801 2364 homines
821 2316 1019 2378 turpissimos»
1042 2319 1153 2368 crimine
1173 2319 1204 2368 li-

111 2398 165 2450 est,
183 2395 274 2443 morbo
290 2395 419 2454 proditor,
437 2395 467 2443 ut
484 2394 520 2442 ait
535 2392 600 2442 Vell.
614 2395 639 2452 i,
677 2389 795 2449 beraret,
816 2390 953 2439 contendit
972 2391 1044 2440 hand
1062 2406 1109 2442 cos
1126 2393 1204 2443 intel-

111 2469 162 2527 83„
181 2469 229 2531 qul
247 2469 373 2526 omnino,
392 2466 498 2526 Tiberii,
516 2469 593 2530 puto,
611 2470 642 2515 ut
676 2463 798 2524 ligendos
815 2478 889 2522 esse,
914 2477 981 2526 quos
1002 2467 1084 2514 ceteri
1102 2470 1204 2516 morta—

110 2543 137 2591 in
153 2542 212 2592 aliis
230 2554 354 2604 quoque,
373 2540 469 2590 iudicia
488 2540 639 2604 amplexus,
677 2535 715 2586 les
733 2550 748 2585 a
765 2540 843 2600 poete
854 2538 1004 2600 praedicari
1016 2545 1128 2590 censent
1138 2555 1204 2591 cen-

111 2631 192 2680 saepe
217 2616 350 2674 odiosius,
374 2627 455 2678 quarn
483 2617 640 2678 scriptorem
677 2611 829 2673 sebuntque
851 2612 933 2662 etiam
949 2613 975 2662 in
993 2618 1140 2676 posterum,
1154 2618 1203 2666 sed

112 2691 270 2740 historicum
287 2689 381 2748 decet,
404 2689 438 2738 de
457 2687 553 2738 Planco
571 2689 641 2738 indi·
678 2684 743 2735 ullos
760 2687 851 2735 nescio
868 2700 936 2750 quos
954 2689 1024 2739 viros
1044 2689 1144 2752 probos
1161 2696 1203 2742 at-

112 2769 161 2813 oet.
202 2766 316 2826 Propter
342 2763 410 2812 banc
437 2763 639 2813 inconstantiam
678 2773 730 2822 que
748 2761 913 2819 innocentes,
933 2762 1018 2826 qualis
1037 2765 1071 2827 [p.
1090 2764 1158 2827 too.)
1176 2780 1201 2815 v.

111 2838 237 2888 omnibns
269 2838 326 2901 lipsi
352 2851 460 2900 quoque
487 2839 638 2900 Octaviano,
679 2847 701 2882 c.
722 2835 801 2884 luen't
820 2837 952 2887 Munatius
974 2837 1016 2887 ille
1039 2840 1105 2902 Epp.
1130 2842 1154 2901 t,
1177 2842 1202 2901 3,

112 2913 158 2962 sed
171 2915 290 2973 secreto)
304 2925 410 2971 exosus,
431 2913 519 2961 tamen
531 2916 641 2976 propter
679 2909 729 2971 34.)
751 2934 777 2945 -
797 2911 854 2959 Νοιι
872 2912 928 2960 sine
946 2911 1032 2962 tructu
1050 2927 1121 2962 nunc
1138 2929 1204 2964 con-

113 2987 260 3050 ingcnium,
280 2984 461 3048 quovalebat,
475 2987 574 3050 atquin
588 2987 641 3036 ior·
679 2983 766 3033 sulere
794 2986 868 3048 potul
897 2987 991 3048 Ungeri
1022 2987 1204 3038 doctissimam

113 3065 191 3120 tasse,
212 3073 248 3110 nc
268 3060 378 3110 nimium
392 3057 528 3122 neglectus
540 3073 584 3109 res
597 3075 643 3111 no-
679 3057 758 3107 huius
776 3061 900 3110 carminis
912 3061 1158 3125 interpretationem
1170 3063 1201 3110 V.

113 3149 158 3186 aas
175 3134 328 3192 moliretur,
347 3133 388 3183 ille
411 3135 533 3196 timebat,
557 3136 642 3184 hono—
679 3133 707 3181 ll.
726 3145 753 3194 p.
773 3132 912 3182 tot-oet.

114 3214 184 3260 ratus
204 3213 247 3258 est
266 3222 379 3258 censura
402 3221 426 3256 a.
451 3221 477 3257 u.
497 3223 520 3258 c.
540 3211 596 3259 732.
616 3212 643 3258 et

113 3284 282 3345 praefectura
309 3281 392 3332 urbis.
437 3284 495 3341 Quo
520 3286 641 3346 tempore
712 3283 736 3330 t.
755 3279 913 3343 camunni]
937 3281 1076 3330 «Laudent
1092 3294 1142 3345 per
1158 3296 1203 3332 mc

114 3371 222 3406 tarmen
245 3357 299 3406 boc
317 3359 495 3420 compositum
513 3360 566 3416 est,
590 3358 642 3406 utl-
677 3353 765 3404 licet«
786 3381 813 3388 —
832 3353 938 3416 clarum]
958 3367 1019 3402 cum
1040 3357 1150 3417 propter
1165 3357 1204 3406 si-

114 3444 164 3493 que
183 3433 256 3480 circa
275 3443 299 3478 a.
320 3445 346 3478 u.
366 3444 389 3478 c.
408 3431 466 3480 722.
490 3429 531 3480 vel
553 3430 642 3494 paullo
677 3431 735 3478 tum
753 3441 911 3486 amoenum,
930 3429 1037 3476 navium
1055 3429 1159 3491 copiam
1177 3433 1205 3480 et

115 3509 180 3567 post,
200 3505 316 3555 tortasse
335 3504 368 3552 de
387 3517 497 3554 secessu
515 3505 540 3554 in
559 3508 642 3554 Grae·
678 3504 870 3566 quaestuosum
895 3503 1088 3559 mercaturam,
1112 3507 1203 3555 tuma

116 3579 153 3628 cla
175 3579 301 3642 eligendo
328 3579 472 3641 cogitabat,
500 3577 540 3628 vel
567 3583 641 3630 certe
677 3577 803 3626 Romanis
818 3576 1014 3637 frequentatam
1025 3581 1134 3641 propter
1145 3577 1203 3628 clo-

115 3655 244 3703 maestitia
263 3653 343 3702 animi
362 3667 393 3702 ac
406 3653 494 3702 taedio
503 3651 639 3704 laborasse
677 3651 802 3714 quentiae
815 3649 910 3699 studia.
930 3677 957 3686 -
975 3652 1103 3712 Mytilene,
1122 3653 1202 3703 Lesbi

115 3727 226 3778 uidetur.
264 3729 388 3778 Horatius
405 3729 495 3776 autem
513 3727 554 3777 vel
572 3729 638 3792 lpse,
677 3724 742 3774 urbs
760 3732 783 3773 ct
799 3730 894 3774 notura
911 3727 994 3774 etsitu
1004 3732 1028 3774 ct
1038 3728 1202 3788 descriptione

115 3815 146 3851 ne
178 3802 294 3852 Plancus
328 3801 429 3852 ltaliam
467 3800 638 3865 relinqueret,
675 3802 847 3864 aedificiumue
862 3808 886 3851 at
897 3802 1084 3863 pulchritudine
1100 3803 1127 3851 in
1142 3804 1201 3863 pri-

116 3875 235 3938 optabat,
259 3875 316 3936 rel,
340 3875 413 3939 quod
430 3877 494 3925 mibl
511 3875 640 3939 probabl—
674 3877 722 3925 mu
739 3877 841 3935 nobitis;
863 3877 921 3940 apri
937 3877 1040 3925 iucundi
1057 3880 1081 3925 et
1096 3877 1197 3939 fertiles.

116 3947 161 4000 llus
177 3950 300 4008 videtur,
319 3952 413 4000 nutum
431 3949 547 4013 aliquem
564 3963 641 4001 secu·
676 3952 730 4000 Cic.
750 3949 859 4013 delego
878 3964 932 4013 agr.
952 3951 977 4010 Ξ,
997 3950 1037 3999 to.
1053 3977 1081 3985 -
1099 3951 1200 4010 Mutila-

115 4027 154 4074 tus
175 4026 327 4084 Octaviani,
355 4025 399 4088 qui
422 4023 530 4074 nolebat
552 4026 639 4075 vuum
673 4040 721 4074 nat
754 4039 826 4074 nnnc
859 4025 953 4087 scripsi
987 4037 1049 4074 cum
1082 4026 1199 4075 nummis

116 4100 167 4148 tam
192 4099 324 4150 illustrem
351 4101 376 4148 in
402 4098 510 4150 exilium
532 4099 637 4163 pulsnm
674 4095 940 4148 inmunitatum
969 4099 1020 4149 Cir.
1040 4096 1145 4148 Eckbel.
1165 4099 1196 4147 D.

116 4172 209 4233 sideri,
233 4187 296 4224 cum
319 4171 459 4237 tranquille
482 4173 572 4223 Tiburi
588 4173 638 4223 de·
674 4175 703 4223 N.
723 4175 755 4224 ll.
772 4187 802 4236 p.
819 4173 876 4222 303.
911 4171 993 4236 Volgo
1009 4173 1152 4233 uiuenti.

196 4265 290 4310 Monnr.
309 4275 364 4310 ron.
383 4264 399 4310 l.
430 4275 469 4309 nu.
487 4276 563 4312 uuor
580 4263 615 4310 lll.
1013 4264 1027 4308 l
