2934 4884
495 386 552 434 llll.
571 387 589 433 1.
627 388 655 433 tl.
675 384 792 435 xxxiii.

408 846 641 909 cm
670 846 885 908 mm

273 1019 364 1084 Nunc
386 1027 435 1083 est
454 1016 645 1090 bibendum,
667 1036 753 1081 nunc
775 1016 861 1103 pede
881 1015 983 1082 libero

276 1138 436 1205 Pulsanda
457 1137 566 1215 tellus,
589 1158 673 1205 nunc
695 1136 870 1204 Saliaribus

340 1260 464 1327 Ornare
485 1260 632 1347 pulvinar
652 1259 788 1325 deorum

170 1458 294 1509 mvii,
328 1458 411 1508 lusor.
429 1457 497 1521 vulg.
516 1458 553 1507 Ad
569 1459 671 1507 sodales.
693 1485 719 1493 -
738 1460 767 1507 ln
788 1458 893 1507 uictoria
915 1458 1020 1521 Augusti
1036 1460 1061 1509 S.
1078 1486 1104 1495 -
1123 1460 1151 1509 lu

110 1535 238 1583 eitimam
254 1533 359 1597 depositi
375 1534 402 1582 Τ.

138 1711 261 1761 milli.
287 1711 376 1759 Primo
393 1712 481 1759 statim
498 1710 532 1759 de
550 1708 628 1759 Cleo·
665 1711 754 1760 omnia
765 1709 800 1758 ad
808 1708 975 1773 Cleopatram
987 1710 1142 1759 reici-antur.
1156 1738 1181 1745 -

111 1791 197 1848 petrae
224 1786 312 1834 morte
337 1786 428 1834 nuntio
450 1787 561 1848 accepto
583 1797 629 1834 so·
664 1786 737 1833 Nesto
757 1790 792 1834 est
812 1784 948 1849 bbendom]
967 1786 1056 1835 «Nunc
1075 1784 1183 1835 demum

111 1860 179 1910 dales
192 1860 326 1918 hortamr,
345 1860 375 1907 ut
384 1860 454 1909 totos
465 1861 491 1909 in
502 1858 628 1909 laetitiam
664 1858 1183 1910 rursusbibereconcessumest.»Clr‚v.

111 1948 136 1985 se
151 1933 304 1991 effundant3
326 1934 360 1982 ita
378 1935 482 1992 mmen,
499 1936 531 1983 ut
546 1946 629 1997 gene·
665 1935 689 1982 n,
703 1948 806 1983 -nunc
811 1936 874 1996 pede
881 1934 965 1997 libero]
975 1934 1076 1984 «Effusa
1088 1932 1184 1982 laetitia

112 2021 197 2059 rosum
219 2008 328 2070 reginae
349 2008 468 2058 animum
483 2009 540 2071 ipse
561 2019 630 2071 quo-
665 2007 744 2057 hodie
762 2010 886 2071 potemus
903 2011 930 2057 et
946 2007 1098 2058 saltemus»,
1125 2009 1186 2057 Ete-

111 2096 159 2144 que
170 2081 241 2132 ultro
249 2086 377 2144 agnoscat
384 2085 464 2145 atque
473 2083 627 2132 admiretm.
665 2082 720 2130 nim
737 2082 819 2131 verbe
838 2082 871 2131 ed
889 2083 975 2145 ipsum
993 2080 1120 2131 Saliorum
1138 2083 1186 2130 tri-

112 2156 158 2206 Clr.
177 2154 269 2219 Virgil.
281 2159 347 2205 Aen.
359 2157 389 2215 8,
408 2157 456 2206 oio
473 2170 549 2220 seqq.
568 2158 629 2205 Pro·
665 2156 776 2219 pudium
794 2170 825 2206 ac
842 2156 1031 2206 lectisternium
1047 2155 1184 2205 referenda

113 2236 173 2293 pert.
198 2232 228 2289 3,
255 2232 295 2279 tl.
321 2233 347 2279 et
370 2229 398 2291 l,
421 2231 446 2280 6.
466 2233 563 2281 Lucan.
583 2232 627 2290 to,
666 2229 1186 2293 nonsuntcumnonnullis,quasivero

112 2306 148 2354 53.
180 2306 221 2354 De
238 2305 364 2363 Antonio,
387 2306 478 2368 utpote
496 2307 629 2355 Romanus
665 2317 749 2367 penes
767 2305 902 2355 Horatium
920 2304 998 2355 luerit
1015 2304 1074 2353 talia
1092 2304 1187 2353 decer-

113 2380 143 2427 de
158 2381 293 2437 itomano,
311 2378 355 2427 hic
371 2391 481 2441 prorsus
493 2378 565 2436 silet3
584 2393 630 2429 ne-
666 2391 730 2428 nere
743 2378 783 2428 vel
795 2380 901 2443 proprie
912 2380 1008 2429 imitari
1020 2376 1112 2428 iubere
1124 2380 1187 2429 ami·

113 2466 160 2514 que
175 2452 225 2511 illi,
244 2453 295 2503 sed
313 2452 468 2518 Cleopatrae
482 2454 627 2513 dumtaxat,
666 2466 720 2503 cos.
751 2452 797 2503 Od.
811 2452 838 2514 3,
858 2454 902 2514 ts,
922 2454 965 2503 lb:
985 2452 1105 2503 Gaudet-
1116 2467 1185 2515 -pe-

113 2528 241 2577 Octan'ani
270 2529 344 2577 iussu
375 2528 475 2579 bellum
501 2530 631 2580 indixerat
663 2530 756 2591 praese
772 2529 853 2591 sessor
871 2530 916 2579 Ter
929 2530 992 2591 pede
1008 2534 1110 2579 mom.
1138 2529 1188 2579 En-

114 2608 216 2653 senatus
234 2604 292 2664 (Dio
310 2603 383 2653 Cass.
400 2604 445 2665 50,
464 2605 508 2667 6.),
527 2618 578 2654 nec
595 2605 630 2653 de
666 2604 725 2653 nius
737 2606 803 2653 dnn.
817 2605 828 2651 t
841 2644 846 2665 ,
859 2604 887 2653 2:
900 2604 997 2665 Macae,
1014 2604 1189 2666 puuepedibur

115 2676 206 2741 collega
229 2679 257 2727 in
278 2678 444 2729 triumairatu
460 2680 631 2744 triumphavit
665 2691 787 2742 mopnum
799 2678 907 2740 pitlsotis
924 2678 1061 2740 Olympum.
1084 2681 1189 2741 -pede

113 2752 199 2800 victor.
240 2752 324 2801 liuius
344 2754 415 2803 euim
436 2754 575 2813 intererat,
602 2757 632 2804 ut
667 2753 757 2813 libero,
775 2753 847 2815 quod
866 2766 933 2802 enon
951 2753 1114 2803 incatenaton
1129 2766 1189 2817 pen

114 2825 197 2886 quoad
222 2826 282 2875 eius
309 2825 366 2875 lieri
393 2831 485 2891 posset
510 2829 631 2878 homines
667 2840 760 2891 peram
791 2825 906 2877 nonnulli
938 2826 1115 2891 explicarunt,
1149 2832 1189 2878 est

115 2898 331 2949 obliviscerentur
353 2903 469 2952 amicum
488 2903 524 2952 ab
545 2916 578 2952 eo
597 2902 631 2951 ad
668 2902 821 2965 simpliciter
833 2900 916 2964 «agili,
929 2902 1062 2953 interdum
1077 2916 1189 2953 numero

115 2977 224 3023 mortem
252 2972 378 3024 adactum
406 2989 474 3026 esse.
521 2978 631 3027 Nuntius
668 2990 721 3027 non
743 2978 840 3039 optime
861 2980 979 3035 serrem
1003 2975 1086 3027 libere
1104 2976 1189 3040 tripu-

115 3051 200 3098 autem
211 3048 246 3099 de
258 3050 398 3113 utriusque
406 3052 513 3101 interitu
521 3054 631 3103 Romam
669 3051 783 3100 dinato.»

115 3122 227 3183 perlatam
243 3126 287 3173 est
302 3127 480 3175 auctumuoa.
494 3140 521 3177 u.
535 3140 559 3176 c.
573 3126 629 3178 iil.
700 3127 724 3175 ἰ.
745 3125 768 3174 3.
788 3126 874 3175 ititum
898 3126 975 3187 igitur
994 3125 1145 3177 lectisternii
1164 3128 1188 3177 in

117 3210 129 3242 a
144 3199 177 3247 H.
189 3196 272 3248 Tullio
284 3198 426 3260 Cicerone,
445 3202 557 3251 oratoris
568 3200 631 3263 tilio,
669 3198 904 3264 supplicationibus
926 3200 966 3251 dis
983 3204 1044 3264 post
1059 3202 1189 3263 insignem

116 3270 217 3322 consule
235 3274 294 3321 tum
304 3272 425 3323 suffecto.
452 3276 523 3325 luter
533 3276 633 3339 primas
669 3274 784 3338 aliquam
801 3274 938 3323 victoriam
955 3285 970 3322 a
987 3278 1081 3324 senatu
1098 3276 1191 3325 decre·

117 3344 181 3396 odas
196 3345 231 3396 ab
249 3348 357 3396 lloratio
373 3348 457 3399 editas
477 3350 545 3399 baec
561 3349 633 3399 rele-
668 3352 702 3401 tis
719 3348 834 3414 applicat
850 3348 884 3397 ad
899 3348 970 3397 diem
983 3361 1044 3398 cum
1056 3348 1190 3399 sodalibus

117 3420 259 3480 rendaest,
278 3421 633 3485 quamobremexcusandas
670 3423 814 3474 laetissime
832 3421 1031 3473 celebrandum.
1064 3422 1133 3472 Talia
1146 3436 1192 3472 au-

117 3494 211 3546 ductmt
234 3494 419 3561 synaloephen
443 3512 469 3548 v.
492 3502 527 3559 n,
554 3498 635 3563 negli-
670 3500 727 3549 tem
739 3496 876 3548 sollemnia
888 3498 1026 3547 coniuncta
1039 3499 1114 3547 erant
1129 3510 1189 3546 curn

118 3573 227 3631 gerbam
251 3573 278 3623 in
304 3584 414 3622 caesura
439 3572 585 3625 admissam
607 3589 631 3622 v.
672 3572 756 3637 epulis
781 3573 904 3636 opiparis.
941 3572 988 3621 Od.
1015 3572 1045 3632 2,
1073 3571 1117 3629 tl,
1145 3572 1189 3623 28:

118 3646 139 3693 5.
157 3649 183 3696 et
200 3647 241 3699 ll.
670 3648 926 3712 Pondflmun-coenis.
947 3648 1000 3697 Cic.
1015 3646 1048 3696 ad
1060 3648 1111 3697 Au.
1125 3649 1148 3707 5,
1166 3648 1189 3697 9:

149 3722 170 3768 t.
184 3722 290 3771 initium
301 3721 376 3771 duxit
386 3735 418 3771 ex
429 3721 517 3773 Alcaei
529 3725 632 3787 Fragm.
671 3725 770 3786 maiori
785 3724 911 3773 Saliarem
921 3738 948 3772 m
957 3723 1065 3773 umdmn.
1085 3724 1189 3773 Festus:

121 3793 157 3843 nt.
174 3796 266 3858 Bergk.
285 3809 311 3859 p.
331 3797 393 3846 575:
419 3795 481 3847 Νῦν
503 3793 559 3868 χρὴ
581 3812 635 3863 με·
671 3799 748 3848 Sotiis
760 3812 808 3861 per
824 3812 908 3848 munes
918 3811 1049 3848 merorrun
1059 3798 1121 3859 dies,
1140 3798 1193 3848 ubt-

121 3864 363 3934 »iiauqmima
374 3866 633 3941 πρὸςβίανΠίνην,
671 3886 768 3935 cunque
794 3878 909 3934 nianent,
939 3874 999 3934 cuia
1026 3874 1193 3935 antplisslmne

120 3942 209 4008 ἐπειδὴ
235 3941 361 3995 κάτθανε
384 3943 531 4016 Μύρσιλος
549 3948 635 4012 (Lesbi
669 3954 801 4011 ponuirtor
823 3961 927 4009 coenae,
945 3950 967 3996 si
984 3948 1126 4010 quneullm
1135 3961 1192 3996 ntu-

15 4051 16 4058 ,
121 4020 261 4082 munus),
280 4018 325 4069 ubi
343 4022 398 4070 siue
411 4035 491 4073 causa
503 4036 635 4073 nonnemo
672 4037 738 4087 qnae
753 4030 823 4081 cml,
842 4024 952 4074 Saliares
969 4025 1134 4087 appellantur.
1163 4050 1189 4056 —

121 4096 251 4156 proposuit
278 4097 329 4144 καὶ
355 4093 450 4154 χθόνα
476 4096 548 4168 πρὸς
568 4096 636 4157 βίαν
670 4098 798 4162 pulvinar]
822 4100 1027 4150 «Pulvinoriu
1048 4096 1193 4146 (icebantur

123 4170 212 4233 πσλην.
233 4172 262 4221 ln
279 4170 386 4235 reliquis
403 4175 493 4223 autern
510 4172 635 4225 Alcaeum
673 4178 719 4222 out
729 4174 784 4222 lecti
795 4175 896 4224 dcem
907 4180 952 4225 ortt
963 4172 1087 4231 mimula,
1101 4172 1127 4219 in
1139 4170 1193 4231 qoi-

122 4242 213 4293 imitori
229 4246 271 4295 rix
288 4247 387 4310 potuit,
406 4260 467 4297 cnm
485 4249 563 4297 nimis
580 4251 636 4297 arte
673 4248 718 4297 bus
733 4248 832 4299 stabunt
847 4251 963 4305 nomina,
988 4251 1016 4295 ut
1032 4246 1193 4295 musenim
