2934 4884
269 363 310 426 84
650 362 778 414 nonunt
796 363 964 416 cmmuuu

269 525 348 583 Coto,
371 523 468 582 Varro,
492 522 600 582 Cicero,
623 521 746 572 llomtius
763 519 811 571 Od.
830 519 855 582 t,
875 521 915 581 it,
934 519 974 570 29.
996 518 1050 584 (ubi
1067 518 1140 572 locos
1157 522 1229 586 ipsos
1247 533 1352 572 merno-

268 606 403 667 rnn'mus),
422 604 606 656 huiuscemodi
622 603 702 656 inisse
720 607 930 656 consentaneum
943 605 991 654 est.
1021 602 1096 653 Nullo
1109 605 1186 667 igitur
1197 604 1278 655 modo
1289 619 1352 655 curn

268 689 317 740 illis
340 689 488 752 comparari
511 690 600 752 potest
622 689 674 738 hoe
691 701 816 748 cumen,
842 687 868 737 in
886 701 948 750 quo,
967 687 1106 738 exordium
1124 701 1188 740 sane
1206 701 1221 738 a
1238 689 1353 738 Pindaro

268 775 411 831 mutuatus,
425 783 488 821 mox
498 785 563 821 vero
574 773 712 835 proprium
725 772 855 835 impetum
868 773 986 832 secutus,
999 784 1067 822 nova
1079 785 1189 836 prorsus
1201 773 1352 823 inventione

267 855 392 907 Romanis
409 855 599 904 commendare
617 855 761 905 Caesarem
774 853 899 918 clareque
912 854 1009 904 docere
1022 856 1112 906 studet
1129 869 1222 907 eorum
1239 855 1352 907 salutern

268 953 300 990 nc
325 939 427 990 bonnm
451 937 589 1003 publicum
611 940 689 990 unice
713 940 740 988 in
762 937 806 988 illo
829 939 889 1000 niti,
915 939 1003 1004 potius
1025 951 1121 1002 quarm
1146 942 1176 990 ut
1192 938 1233 989 nlii
1250 937 1351 999 volunt,

268 1026 369 1075 rectam
386 1023 540 1074 dominandi
555 1024 627 1073 unm
645 1023 694 1086 ipsi
711 1021 909 1082 domonstrare;
932 1024 1035 1072 tantum
1056 1024 1128 1073 enim
1145 1024 1191 1086 qui
1208 1021 1258 1072 sibi
1276 1035 1353 1072 arro-

267 1111 373 1170 gessem
405 1109 546 1170 Principes
568 1107 645 1168 igitur
668 1119 730 1156 cum
754 1106 794 1156 dis
817 1103 1023 1166 immortalibus,
1049 1105 1269 1166 sumbernione,
1289 1119 1352 1155 cum

267 1193 448 1242 Romanorum
473 1189 625 1241 clarissimis
650 1189 802 1253 quibusque
828 1190 981 1251 consociat,
1011 1191 1039 1239 et
1064 1190 1169 1253 egregia
1199 1192 1256 1240 arte
1287 1203 1353 1240 usus

268 1275 349 1324 etiam
365 1274 470 1325 feroces
488 1273 595 1324 Catonis
612 1285 705 1324 manes
723 1274 749 1322 ei
765 1274 841 1336 quasi
858 1272 964 1337 placare
983 1275 1102 1323 conatur.

333 1359 402 1408 Scite
423 1359 497 1408 notat
518 1356 623 1407 Liihlrer
643 1371 693 1421 per
709 1359 799 1407 ternus
817 1369 926 1421 semper
942 1358 1066 1421 strophas
1084 1355 1209 1420 aequales
1227 1357 1354 1407 carminis

267 1440 409 1506 particulas
426 1440 558 1492 constitui.
593 1441 693 1504 Dignus
710 1442 790 1491 etiam
811 1443 853 1492 est
870 1442 915 1504 qui
933 1441 966 1491 de
984 1440 1035 1492 hoc
1053 1455 1076 1492 c.
1095 1438 1197 1505 legatur
1213 1443 1355 1492 Buttman-

268 1538 318 1575 nus
335 1524 443 1588 Mythol.
463 1526 487 1575 i.
506 1538 532 1590 p.
551 1525 592 1574 26.
613 1552 641 1561 -
660 1527 735 1575 Anno
754 1528 844 1576 autem
862 1525 967 1576 circiter
979 1538 1005 1575 u.
1019 1539 1043 1576 c.
1057 1525 1113 1575 729.
1132 1524 1175 1575 vel
1192 1525 1259 1588 730..
1279 1529 1354 1576 certe

268 1611 329 1658 ante
346 1607 462 1660 Marcelli
478 1607 669 1659 adolescentuli
685 1610 801 1660 mortem
819 1609 851 1674 [a.
865 1609 946 1674 ian),
966 1609 1143 1674 compositum
1161 1621 1221 1660 esse
1239 1607 1355 1660 arbitror

268 1705 332 1742 cum
351 1692 471 1742 Frankio.

334 1774 432 1824 Curtzii
454 1773 631 1826 corbonensis
654 1775 792 1840 opiniones
815 1775 849 1826 de
867 1775 918 1826 hoo
936 1777 1055 1827 cumina
1073 1775 1273 1841 interpretando
1290 1778 1355 1827 novi

269 1857 465 1920 quadamtenus
489 1871 521 1907 cx
543 1858 657 1908 Liibkeri
683 1859 880 1924 supplementis
905 1873 932 1924 p.
958 1859 1014 1910 oto.
1040 1861 1066 1910 et
1091 1861 1174 1910 Iahnii
1198 1862 1229 1911 N.
1256 1859 1352 1912 Annnl.

267 1941 378 1992 xxxiv.
403 1941 427 1991 t.
452 1953 479 2004 p.
504 1942 559 2002 97.,
584 1941 633 1992 sed
656 1955 731 1993 mens
754 1946 897 2008 propterea
922 1947 1025 1994 mutare
1049 1957 1161 1995 necesse
1185 1958 1237 1994 non
1260 1943 1353 1994 habui.

268 2027 334 2075 Sunt
350 2023 409 2096 illue
427 2027 516 2075 tamen
534 2025 637 2088 dignae,
657 2039 725 2091 quoe
744 2028 832 2078 denuo
851 2029 1044 2079 examinentur.
1066 2057 1093 2064 —
1112 2029 1141 2078 ln
1160 2027 1283 2078 omnibus
1307 2041 1355 2078 au-

268 2113 324 2158 tem
340 2106 498 2160 lectionibus
515 2111 706 2172 controversis,
725 2112 755 2161 ut
771 2112 850 2162 video
868 2111 1021 2172 existunto,
1041 2125 1148 2164 mecum
1160 2111 1230 2172 iacit,
1249 2110 1355 2176 praeie-

268 2206 331 2244 rens
352 2194 410 2257 ipse
427 2206 547 2258 qunque:
569 2195 646 2244 neno
665 2195 770 2258 recinet,
791 2197 917 2259 parneis,
939 2201 1033 2258 unna,
1056 2197 1198 2259 compano,
1217 2197 1294 2248 Stella
1309 2211 1355 2248 re-

267 2277 349 2340 fulsit,
368 2279 434 2340 quod
450 2278 485 2327 sic
500 2278 612 2340 ummo,
630 2285 706 2343 repet.
