2934 4884
508 369 567 418 utu.
587 369 627 419 tv,
664 373 692 419 C.
713 372 743 420 ll.

242 525 346 602 Quem
368 544 468 609 super
491 534 581 588 notas
604 523 715 590 aluere
737 526 842 612 ripas,

242 645 355 710 Fervet
378 643 622 732 immensusque
645 646 707 711 ruit
732 647 891 732 prolundo

369 763 525 832 Pindarus
548 787 625 840 ore,

240 924 365 988 Laurea
387 921 557 988 donandus
579 921 768 1009 Apollinari,

241 1044 305 1109 Seu
328 1063 387 1129 per
408 1042 549 1108 audaces
572 1062 654 1109 nova
681 1044 905 1133 dithyrambos
1163 1054 1201 1117 to

177 1196 201 1244 6,
220 1195 282 1244 Cura
298 1207 373 1256 serpet
389 1199 462 1243 notas
477 1194 566 1244 saliere
582 1196 612 1256 S,
632 1195 697 1244 Cod.
717 1195 835 1245 Blandin.
855 1198 1009 1260 antiquiss,
1026 1199 1073 1265 [ly.
1094 1201 1130 1264 (tn
1150 1205 1167 1251 S

144 1281 279 1333 superscr.
298 1269 376 1330 (laon
386 1293 401 1304 -
411 1295 424 1305 -
436 1268 541 1332 dcere.)

110 1387 190 1460 φορᾷ
206 1387 266 1439 κτλ.
294 1387 381 1438 Schol.
395 1387 468 1440 Pind.
483 1388 633 1454 adOlymp.
674 1403 811 1455 saepeque
842 1393 970 1454 migrasse
1004 1399 1197 1458 pronuntiatu

111 1465 139 1522 l,
159 1464 191 1513 3:
227 1460 370 1534 Πίνδαρος
394 1459 503 1532 θερμός
528 1478 570 1526 τις
595 1457 636 1513 ὢν
673 1477 783 1524 verum,
806 1466 829 1514 si
846 1466 1005 1529 quisalius,
1033 1471 1199 1534 sapientissi-

111 1539 160 1587 καὶ
185 1533 329 1599 πολύνοος
354 1537 400 1587 ἐπὶ
431 1533 466 1587 τὰ
490 1535 633 1603 νοήματα.
674 1551 734 1588 mus
751 1537 794 1588 ille
805 1543 884 1602 poeta
896 1542 991 1604 suique
1003 1556 1113 1608 semper
1123 1558 1199 1596 eom-

110 1615 163 1662 Sat.
183 1616 210 1674 t,
230 1613 274 1672 to,
294 1613 343 1662 62:
373 1613 442 1662 Garsi
466 1615 557 1675 rapido
582 1615 636 1677 fer-
673 1625 722 1676 pos
747 1612 811 1663 nihil
835 1627 889 1664 non
923 1616 1043 1666 consulto
1074 1621 1139 1682 egit,
1170 1625 1200 1670 ut

108 1688 206 1738 ventites
231 1688 301 1736 omui
325 1687 461 1750 ingenim.
491 1717 517 1724 -
549 1691 634 1741 iilnus
672 1687 739 1736 scite
749 1687 943 1740 demonstrarit
953 1691 1083 1754 imprimis
1092 1694 1196 1745 Dissen.

110 1761 201 1812 Codex
211 1763 300 1824 fauit,
318 1762 426 1824 antiquo
438 1775 540 1812 more.»
555 1764 633 1820 Cano.
707 1761 731 1810 9.
750 1763 1027 1829 tameo-Apollinari]
1041 1769 1136 1818 Poetae
1147 1771 1199 1819 ito-

113 1863 138 1872 —
158 1835 304 1899 tammus]
332 1835 414 1886 clines
433 1834 489 1886 illos
507 1835 633 1886 audaciae
672 1835 740 1884 ratio
767 1838 930 1898 posteriores
960 1840 1117 1902 praeierunt
1144 1843 1199 1893 lor-

109 1909 224 1973 lyricrm,
242 1911 310 1959 intra
327 1921 436 1972 quosse
449 1905 636 1961 continuerunt
673 1921 747 1960 mam
767 1911 923 1972 Apollineum
953 1913 994 1964 illa
1017 1917 1138 1966 usitatior
1157 1919 1199 1968 est

109 1985 367 2047 comminigrans„
380 2009 407 2020 -
418 1985 633 2050 profundo-oro]
672 1983 706 2033 de
735 1982 805 2035 ludis
832 1987 969 2050 sacrisque
1002 1988 1196 2049 Apollinaribus.

111 2059 173 2109 «urit
209 2060 291 2121 ticsem
321 2060 502 2109 Wortrtrom.·
538 2062 632 2110 Gerre.
673 2056 726 2107 Clr.
740 2057 788 2108 Od.
802 2058 830 2117 3,
844 2060 888 2118 30,
902 2062 946 2110 ld:
966 2063 1086 2123 Delphico
1101 2065 1196 2114 Lauro.

108 2133 143 2182 Os
160 2132 323 2194 rotundum,
353 2147 480 2196 magnum
499 2134 582 2197 (Ouid.
601 2139 632 2186 A.
672 2131 720 2180 Od.
740 2131 768 2191 l,
782 2132 810 2191 3,
823 2134 851 2182 6:
871 2135 1058 2198 Deliis-sotiis.
1079 2139 1123 2187 «in
1141 2141 1198 2189 sin-

109 2211 138 2256 Α.
158 2208 189 2268 l,
213 2207 279 2256 206:
316 2207 349 2257 lit
373 2221 468 2272 οιοροο
497 2208 567 2258 uobis
592 2223 635 2259 ore
672 2203 739 2268 gulis
756 2207 913 2268 generibus,
941 2209 966 2257 in
988 2210 1086 2272 quihus
1104 2209 1197 2262 elabo-

107 2283 235 2330 ιοοοοοιιο
250 2282 336 2344 οἰκ),
369 2295 465 2346 empna
486 2288 635 2334 ιοιιοιιοκιοι
672 2281 748 2340 ravit,
762 2293 886 2344 quaeque
900 2284 1195 2346 posteasignihcantur,

109 2357 171 2417 (Sat.
192 2356 222 2415 i,
240 2355 272 2416 l,
291 2355 363 2419 th),
399 2357 485 2420 poetis
511 2355 635 2408 tribuitur
672 2352 713 2404 ille
731 2355 832 2417 prunas
850 2355 926 2404 lert.-

108 2430 142 2480 ad
168 2429 369 2493 significandam
395 2429 552 2482 elocutionis
579 2433 633 2482 rim
705 2429 745 2478 to.
762 2443 809 2491 per
825 2432 934 2480 audaces
949 2433 1197 2493 oooaddhvrcmhcs

107 2507 189 2568 atque
213 2503 374 2556 ubertatem.
406 2507 469 2568 (Cic.
489 2507 584 2556 Orator
599 2508 632 2555 o:
674 2503 766 2567 Verba]
797 2504 1008 2567 uuttuyramuus
1040 2519 1125 2568 genus
1155 2511 1198 2559 est

107 2581 292 2642 θνοιιοίλοοοί,
311 2586 339 2630 ut
356 2582 394 2631 tto
410 2583 507 2644 duam,
532 2584 634 2646 prount
671 2579 796 2629 carminis
823 2580 850 2628 in
878 2580 1010 2630 honorem
1034 2579 1121 2630 Liberi
1147 2595 1197 2646 pa·

106 2667 164 2705 cum
180 2656 268 2717 auspic
284 2658 496 2706 clementiorem
506 2659 634 2721 pravitate
670 2653 717 2702 tris
729 2652 863 2714 rhythmis
873 2653 1121 2706 vehementioribus
1132 2655 1197 2706 libe-

107 2736 129 2779 ιι
142 2731 276 2780 antestare
290 2729 444 2794 cahom)
462 2731 510 2781 flio
525 2743 633 2782 assum.
670 2727 839 2791 rioribnsque
861 2730 1067 2792 compositum.»
1102 2731 1193 2780 Senot.

107 2806 150 2867 pta
172 2805 260 2854 amnis
282 2805 396 2868 imagine
420 2805 495 2869 copia
514 2804 555 2855 illa
573 2805 633 2855 inii·
671 2801 724 2850 Cir.
748 2801 834 2851 strab.
859 2803 898 2852 to.
920 2815 947 2868 p.
967 2804 1024 2853 itu.
1044 2803 1194 2855 Archiloeh.

108 2879 158 2928 nita
183 2878 265 2927 mixti
287 2879 445 2942 metaphora
467 2879 582 2929 refertur
598 2878 646 2928 ad*
670 2876 756 2938 Bergk
772 2889 799 2940 p.
813 2876 876 2927 l83:
891 2871 943 2940 Ὡς
961 2876 1111 2929 Διωνύσου
1128 2870 1197 2928 ἄνοι-

107 2953 193 3002 amnis
211 2952 323 3012 ostium,
349 2965 399 3016 per
415 2953 488 3016 quod
509 2954 535 3002 tn
558 2965 632 3002 mare
670 2963 740 3011 κτος
764 2948 854 2999 καλὸν
877 2948 997 3022 ἐξάρξαι
1017 2951 1105 3017 μέλος
1124 2948 1196 3002 Οἶδα

107 3027 391 3098 immensa‚aqusrum
411 3028 451 3078 vis
473 3028 535 3077 exit.
569 3029 634 3078 Pro-
670 3020 867 3092 διθύραμβον,
897 3025 968 3091 οἴνῳ
995 3041 1196 3096 σογκιροονω-
1273 3031 1277 3036 ’

105 3101 212 3163 modun
228 3102 345 3165 pertinet
361 3103 491 3165 imprimis
508 3102 542 3152 ad
565 3103 634 3152 ima·
670 3098 733 3160 θεὶς
757 3100 874 3169 φρένας.
920 3102 994 3149 Νοοο
1014 3103 1094 3152 cerba
1117 3105 1197 3153 vocat

106 3176 198 3237 ginum
215 3173 406 3226 sublimitatem
425 3176 634 3240 etmagniflcen-
671 3173 898 3236 dithyramurcum
915 3173 1020 3224 dicendi
1038 3189 1122 3238 genus
1139 3190 1196 3226 ma-

106 3249 169 3299 tiam
189 3249 341 3312 miramque
363 3251 554 3302 sententiarum
572 3264 633 3315 gra-
669 3249 741 3298 xime
766 3249 876 3311 propter
902 3247 1073 3298 audaciorem
1094 3249 1196 3301 verho-

107 3324 234 3383 ritatem,
262 3335 316 3386 qna
339 3323 441 3387 singula
458 3328 631 3387 argumenta,
669 3335 731 3372 rum
743 3321 972 3384 compositionem.
1000 3322 1106 3372 aristot.
1120 3323 1193 3374 Poet.

106 3409 153 3460 per
170 3411 202 3448 se
218 3397 354 3448 interdum
372 3396 485 3460 sterilia,
504 3399 633 3450 Pindarus
670 3397 715 3452 tl.
736 3394 782 3445 ll:
808 3391 866 3443 τῶν
882 3391 905 3442 δ’
920 3387 1073 3457 ὀνομάτων
1090 3391 1195 3459 τὰμὲν

106 3472 254 3522 exornavit.
290 3471 464 3532 Quintilianus
481 3473 525 3532 tt,
543 3475 571 3534 l,
590 3475 630 3523 64.
669 3462 754 3519 διπλᾶ
766 3463 1196 3538 μάλιοταὰρμόττειτοῖςδιθο-

106 3545 220 3596 Pindaro
244 3545 412 3596 οοολλιοίοιοικ
435 3561 523 3596 rerum
543 3547 633 3598 verbo-
670 3542 803 3615 ράμβοις.
822 3543 944 3592 llermias
956 3542 991 3591 ad
1003 3540 1066 3592 Plat.
1080 3543 1193 3594 Phaedr.

105 3631 213 3680 nanque
239 3621 341 3682 copiam
373 3619 472 3670 tribuit.
502 3647 529 3658 -·
560 3623 632 3684 iungi
665 3621 695 3683 p.
710 3619 814 3668 ainsi:
838 3617 869 3665 oi
883 3613 1060 3686 διθύραμβοι
1071 3613 1195 3679 σκολιῶς

107 3706 157 3744 non
175 3695 268 3758 potest
284 3695 417 3744 immoreris
433 3709 477 3745 ors
494 3697 631 3760 profrudo,
669 3687 883 3759 ἀπηγγέλλοντο
907 3693 958 3741 καὶ
979 3687 1027 3742 διὰ
1048 3690 1195 3742 συνθέτων

106 3771 134 3818 ut
157 3781 295 3820 nonnemo
319 3769 410 3820 voluit.
445 3771 532 3822 Minus
559 3773 631 3821 recte
669 3770 719 3819 καὶ
737 3766 936 3834 πεπλεγμένων
947 3762 1110 3832 ὀνομάτων.
1136 3767 1196 3816 Dio-

105 3843 271 3894 recentioras
296 3843 414 3894 nonnulli
440 3845 630 3904 «aestuosior»,
670 3855 728 3906 nys.
747 3843 829 3893 italic.
849 3842 883 3893 de
901 3844 995 3907 Comp.
1009 3855 1053 3890 vv.
1072 3842 1100 3890 T.
1119 3841 1149 3889 V.
1165 3853 1192 3903 p.

106 3929 172 3978 quos
191 3916 303 3976 dicunt,
330 3919 382 3969 hoc
400 3918 459 3970 loco
477 3918 553 3968 abusi
571 3922 632 3970 sunt
669 3917 725 3967 tet.
744 3918 843 3976 heiste,
861 3919 923 3980 post
938 3915 1046 3966 allatum
1060 3914 1149 3964 locum
1162 3927 1195 3964 ex

105 3991 138 4040 ad
171 3990 426 4054 reprehendendum
469 3992 629 4052 Pindarum,
669 3992 774 4042 Pindari
791 3989 974 4052 Dithyramhis
992 3989 1048 4052 (Ed.
1062 3989 1157 4040 Dissen
1172 3989 1192 4037 l.

107 4077 217 4124 inam».
245 4067 275 4115 ut
294 4067 381 4126 aiunt,
410 4069 482 4131 aipse
508 4067 631 4117 Horatius
668 4078 694 4130 p.
713 4066 799 4124 ital:
819 4060 896 4114 ταῦτ’
914 4055 994 4114 ’ἐστιν
1016 4058 1122 4134 ἰσχυρὰ
1143 4064 1194 4112 καὶ

107 4137 178 4189 illum
203 4139 277 4202 leges
302 4142 365 4191 artis
390 4143 502 4205 propter
519 4155 630 4192 coecum
668 4136 794 4209 στιβαρὰ
804 4138 855 4188 καὶ
865 4131 1046 4203 ἀξιωματικὰ
1058 4139 1108 4188 κοιλ
1119 4133 1192 4187 πολὺ

107 4215 197 4263 nescio
222 4227 305 4276 quem
336 4217 465 4278 impetum
496 4217 629 4278 sprevisse
668 4210 701 4264 τὸ
718 4208 866 4283 αὐστηρὸν
883 4203 945 4272 ἔχει
960 4211 1020 4263 κτλ.
1044 4212 1195 4263 ldemscri-
