2934 4884
548 343 649 393 num.
685 341 784 392 cleu.
803 343 867 392 xvi.
1196 340 1252 406 734

213 502 292 576 Vos,
317 497 437 585 quibus
460 507 510 563 est
531 498 648 572 virtus,
672 495 865 564 muliebrem
886 497 985 564 tollite
1008 497 1127 564 luctum

255 621 391 685 Etrusca
414 628 544 705 praeter
565 627 597 684 et
618 616 724 684 volate
748 617 849 684 litore.
1217 619 1257 682 66

211 742 276 806 Nos
298 749 407 805 menet
428 739 581 804 Oceanus
604 739 846 826 circumvagos:
872 761 961 815 arva,
985 739 1080 807 beatu

253 862 405 926 Petamus
427 880 505 925 arva
526 858 643 925 divites
665 870 698 926 et
719 858 857 936 insulaS,

213 980 329 1048 Reddit
351 980 407 1047 ubi
430 981 584 1047 Cererem
607 979 701 1046 tellus
724 981 847 1048 inarata
869 983 1040 1068 quotannis

255 1103 293 1167 Et
315 1101 469 1188 imputata
491 1099 586 1166 lloret
606 1123 712 1188 usque
733 1103 843 1178 vinea,

212 1221 376 1288 Germinut
398 1231 430 1288 et
451 1241 617 1309 nunquam
638 1221 776 1288 fallentis
799 1232 918 1289 termes
941 1223 1060 1300 olivae,
1217 1226 1258 1289 66

255 1344 421 1430 Suamque
444 1341 531 1429 pulla
553 1341 634 1408 ficus
656 1354 750 1408 ornat
771 1341 939 1420 arborem,

235 1522 275 1570 39.
295 1525 331 1570 est
346 1521 447 1569 6666666
463 1520 608 1584 «Excerptu
627 1519 770 1571 Bodleiano
789 1521 883 1570 CCCC.
899 1533 1047 1572 annorum»
1066 1523 1137 1586 eputl
1148 1523 1227 1573 Bent-

201 1595 292 1644 leium.
313 1617 341 1629 —
360 1594 401 1645 61.
420 1595 596 1658 6666666666
611 1608 678 1644 otuu
694 1595 768 1644 tecto
776 1608 785 1654 ‚¹
801 1597 916 1646 Petimus
932 1609 999 1646 arua
1016 1596 1158 1648 Bentleius.

168 1757 239 1808 pau
251 1736 450 1792 --Ὧκεανοῦ.
470 1741 564 1793 Catuli.
577 1741 625 1804 66,
644 1743 694 1793 30:
733 1759 794 1810 γος.
819 1745 980 1809 Pomponius
997 1745 1064 1798 11616
1081 1745 1110 1808 8,
1130 1747 1175 1796 io:
1194 1747 1259 1796 For-

170 1821 331 1879 Oceauespue
352 1821 440 1879 poter,
468 1821 547 1866 totum
571 1818 614 1878 oui
639 1831 696 1866 om-
733 1823 838 1868 tunatee
854 1819 950 1868 inuictae
967 1820 1096 1870 66666661
1112 1833 1159 1869 seo
1175 1826 1260 1882 sponte

167 1893 286 1956 plectitur
301 1892 399 1951 orbem
427 1894 454 1940 et
470 1903 557 1954 seque
574 1890 695 1942 absolute
732 1894 822 1956 petitis
847 1898 870 1941 et
895 1893 997 1942 mbtnde
1021 1895 1079 1942 aliis
1102 1907 1178 1956 seper
1203 1895 1260 1944 aliis

170 1965 247 2018 Rutil.
263 1967 290 2027 t,
309 1966 358 2015 56:
387 1967 443 2027 (166
459 1965 625 2028 circumfusus
645 1967 696 2029 tto-
732 1967 915 2016 tepescentibus
938 1967 1001 2016 66661
1026 1968 1143 2017 sollicitos
1172 1969 1257 2029 61661,

168 2045 239 2089 66661
259 2039 396 2104 Oceanus.)
420 2038 475 2100 6116,
503 2053 572 2103 quus
594 2040 694 2100 nostis,
733 2041 829 2090 6661666
849 2055 926 2103 quem
950 2042 1017 2092 attae
1036 2043 1110 2092 urbes
1133 2043 1256 2092 66661666.

169 2116 244 2164 beato
260 2129 338 2175 6666,
357 2109 408 2175 τὰς
424 2111 564 2184 μακάρων
576 2109 694 2177 νήσους,
734 2117 861 2166 Ceterum
887 2116 925 2166 sic
950 2118 1002 2166 ism
1028 2119 1109 2181 prisci
1137 2117 1258 2181 Aegyptii

166 2195 308 2252 petamus.»
325 2189 349 2250 61
362 2188 417 2239 ulii:
430 2190 606 2251 dremnoopiu
616 2202 695 2237 area:
732 2188 832 2239 interos
842 2201 905 2240 suos
917 2191 942 2241 in
954 2189 1077 2241 ultimum
1086 2191 1258 2242 Occidentem

170 2264 244 2313 teate
254 2265 368 2312 Petamus
379 2277 452 2313 arva.
472 2263 495 2325 3)
508 2261 550 2311 6166
563 2261 695 2324 denique:
735 2267 914 2312 removerunt.

170 2338 346 2400 circeumopes
373 2352 439 2387 aruc
466 2339 554 2387 beate:
581 2338 697 2386 Petemtu
766 2335 854 2387 tro-ts.
877 2338 963 2387 Reddit
982 2339 1024 2387 661
1040 2339 1103 2403 cet]
1123 2338 1184 2389 «uhi
1201 2341 1258 2390 siue

171 2409 246 2461 cira.
265 2411 317 2461 Sed
335 2424 425 2476 perse
441 2411 606 2475 intelligitur,
625 2411 696 2460 insu·
732 2409 891 2472 agricultum
919 2415 988 2460 terre
1012 2426 1044 2462 er
1066 2426 1096 2463 se
1117 2415 1259 2476 quotannis

169 2485 212 2536 lus
223 2486 372 2536 circumlini
384 2488 501 2536 Oceano:
521 2489 548 2536 et
559 2479 695 2554 ἀναφορὰ
733 2485 809 2532 ellert
821 2483 935 2547 fruges.»
948 2487 1033 2535 Reddit
1045 2489 1135 2536 temen
1148 2489 1182 2536 ite
1194 2500 1260 2551 quo-

169 2563 260 2610 uostm
279 2574 375 2622 «areo,
402 2563 475 2611 beato
496 2566 615 2623 pommus
630 2573 697 2609 omo
733 2569 786 2620 que
806 2569 882 2607 susm
903 2559 1121 2620 significationem
1148 2563 1257 2611 retinet:

171 2633 246 2696 (1116»)
269 2649 332 2685 vere
355 2635 438 2698 lyrica
462 2641 510 2688 est.
540 2634 606 2685 Vide
623 2636 693 2697 Virg.
735 2631 852 2695 «profert
869 2631 1033 2682 trumentum
1050 2634 1259 2696 quasidebitum

170 2709 361 2769 166.7,686.
383 2711 440 2761 587.
464 2739 491 2746 -
510 2711 695 2771 beatu-ema]
733 2707 988 2769 humenogeneri.n
1010 2731 1037 2743 -
1070 2710 1120 2759 Pro
1147 2709 1261 2758 Cererem
1332 2736 1335 2744 .

171 2783 242 2846 virg.
258 2784 323 2834 Aen.
345 2785 373 2844 6,
396 2785 460 2835 638;
483 2787 610 2835 Deomere
630 2785 696 2833 iocos
733 2781 853 2831 Meineke
870 2782 977 2846 scripsit
992 2795 1115 2842 cererem,
1140 2795 1193 2846 quo
1210 2796 1260 2846 per

170 2857 248 2906 laetos
267 2862 290 2906 et
311 2871 418 2907 6666666
437 2860 519 2908 vireta
542 2860 696 2908 1666666616-
732 2857 917 2920 peremptae
934 2855 1097 2907 frumentum
1114 2854 1261 2921 intelligen-

171 2945 229 2980 mm
253 2944 384 2982 6666666666
407 2935 522 2995 sedesque
546 2932 693 2981 666666-
735 2930 799 2979 dum
817 2943 878 2980 esse
895 2929 992 2981 clarius
1005 2932 1173 2994 significaret.
1205 2931 1257 2982 Cir.

170 3006 260 3055 divites
276 3011 300 3055 et
315 3007 419 3071 inuitos]
437 3007 543 3056 uddrtur
552 3019 603 3069 per
619 2999 697 3067 ἐπέξ-
735 3002 840 3062 Quintil.
859 3005 890 3064 8,
913 3005 941 3064 6,
966 3005 1006 3055 66.
1037 3007 1130 3078 Rarius
1156 3009 1181 3056 in
1209 3007 1259 3055 hoc

170 3075 285 3144 η’γησιν.
320 3081 358 3130 De
382 3081 530 3131 Oroudibus
547 3078 662 3129 insulis
656 3092 697 3127 m-
735 3089 833 3138 genere
851 3042 941 3126 Pullus
959 3080 1066 3139 ponitur
1083 3069 1110 3129 el
1133 3093 1183 3144 pro
1201 3079 1259 3130 olea

171 3155 332 3216 terpretatur
348 3155 453 3204 Comm
473 3156 573 3217 Cruq„
598 3154 697 3202 rectius
735 3153 762 3198 et
783 3149 918 3213 prooleo.
949 3151 1148 3212 0666111666,
1169 3155 1258 3214 16,8.

169 3226 290 3291 plerique
309 3228 343 3278 de
361 3229 488 3278 Cunariis.
519 3229 625 3278 Fundus
640 3223 696 3292 μὺ-
735 3223 898 3282 Heroides,
919 3222 959 3273 66.
984 3225 1104 3285 Tristi,
1123 3225 1202 3292 tide:
1232 3229 1261 3276 Ut

169 3301 227 3351 666
253 3303 294 3352 666
317 3302 425 3352 Hesiodi
451 3302 526 3352 loous
549 3302 583 3351 ud
605 3315 631 3350 v
653 3301 694 3351 63.
733 3297 795 3360 cipit
810 3299 895 3360 insessa
910 3298 1012 3347 Pallade
1028 3300 1258 3362 [6666666166.-

171 3369 328 3440 exso‘riptus
372 3377 548 3440 Reliquorum
573 3374 607 3426 de
630 3375 697 3425 bse—
734 3371 853 3435 inarata]
888 3371 926 3420 De
961 3371 1079 3436 Γαβίοις
1112 3372 1260 3436 Aeschylus

171 3451 258 3500 torum
290 3450 381 3502 insulis
409 3452 548 3515 opiniones
582 3451 695 3516 optime,
736 3446 838 3508 Fregm
862 3445 918 3497 186
939 3448 1031 3497 Dlud:
1061 3447 1095 3496 ἵν’
1114 3441 1172 3497 οὔτ’
1188 3440 1261 3518 ἄρο-

171 3537 233 3573 mox
250 3525 276 3574 in
294 3525 404 3575 eusdem
416 3526 593 3587 migraturus,
614 3537 698 3588 erpo-
736 3533 804 3588 τρον
822 3514 889 3571 otu
903 3519 1031 3588 γατόμος
1047 3519 1259 3588 Τέμνειδίκελλ’

171 3599 224 3649 suit
251 3599 280 3648 C.
300 3599 329 3648 0.
356 3597 473 3648 Miiller
466 3613 492 3648 m
515 3598 698 3649 parentalibus
736 3589 1260 3684 ἄρονραν,ἁ11ἀύτόσκοροιΓύαι

171 3670 301 3721 Guilielmi
318 3672 359 3721 lV.
385 3674 522 3735 Gottingae
543 3674 615 3723 1837.
646 3674 698 3722 Lo-
736 3671 860 3738 rpe'poooe
893 3671 994 3732 [ilorci
1027 3666 1162 3733 ἄφθονον
1190 3671 1261 3742 βρο-

171 3757 219 3796 666
248 3747 379 3810 imprimis
404 3747 595 3797 memurundus
613 3747 678 3797 est
671 3760 696 3795 m
737 3751 853 3808 6616-
873 3747 1031 3809 imputate]
1025 3760 1177 3810 «nunquam
1194 3747 1262 3797 vini-

171 3821 306 3869 Socrutico
329 3818 372 3868 illo
395 3820 511 3870 rixioolio
535 3820 591 3870 376.
618 3821 695 3870 E.-
736 3822 800 3870 toris
836 3819 901 3871 sulse
935 3823 1003 3870 66666
1036 3822 1115 3870 lloret
1141 3833 1261 3882 uvasque

171 3892 257 3941 Schol.
277 3892 341 3942 Plet.
358 3907 418 3958 psg
435 3893 491 3945 esi.
512 3894 559 3944 Ed
575 3897 696 3944 nostrae:
737 3896 812 3945 lert.»
823 3894 875 3944 Cir.
886 3896 956 3958 Virg.
964 3894 1016 3947 Eol.
1031 3896 1056 3951 6,
1067 3897 1148 3946 611-
1121 3895 1260 3958 -termesJ

170 3965 391 4030 Πτολεμαῖοςυ
379 3965 749 4057 -ἐνὸΓεωγραφονμέ-α
738 3983 843 4019 «remus
862 3968 936 4018 61666
954 3983 1016 4019 oum
1034 3969 1108 4020 bacis
1123 3969 1260 4019 dominum

137 4056 147 4068 ·
171 4055 228 4090 νων
250 4043 324 4106 ppei
348 4038 400 4105 τὰς
423 4038 564 4113 μακάρων
587 4039 698 4108 νήσους
738 4055 873 4106 nunquam
893 4041 956 4094 lullit
972 4041 1014 4093 vel
1036 4042 1131 4106 frigore
1149 4042 1190 4093 vel
1208 4045 1262 4094 sic-

171 4109 203 4178 ἓξ
219 4109 306 4164 τόν’
288 4112 426 4204 αριθμὸν
432 4114 506 4167 εἶναι
522 4115 553 4168 ἐν
569 4132 605 4189 τη
592 4113 699 4180 ἐντὸς
737 4119 815 4167 666666
833 4119 935 4168 ustus.»
950 4119 1126 4168 --Suom
1112 4119 1261 4180 arboren]

171 4185 266 4260 Λιβύῃ
282 4186 402 4241 κατὰτὸ
417 4170 595 4243 Ἀτλαντικὸν
613 4190 699 4243 πέλα·
737 4194 792 4242 den
809 4193 1046 4242 Metteretamm.
1069 4192 1145 4244 Voss
1161 4193 1260 4250 «Ficus
