2934 4884
467 371 527 420 uu.
546 371 588 420 nr.
625 372 653 420 c.
674 335 716 422 in.

344 527 513 611 Purpureo
535 522 618 590 bibit
640 546 697 591 ore
720 537 839 592 nectar.

255 683 323 748 llac
345 693 377 748 te
399 693 592 758 merentem,
617 683 744 749 Bacche
768 694 874 770 pater,
900 695 973 751 tuae

255 804 377 868 Venere
401 802 499 889 tigres
523 801 652 870 indocili
675 803 786 890 iugum

297 921 385 988 Collo
410 923 593 1004 trahentes;
616 923 676 990 hao
699 925 855 1004 Quirinus
1132 929 1173 993 t5

147 1101 187 1149 99.
206 1099 270 1149 bitot
287 1099 377 1160 buit.
398 1103 437 1162 (Ut
453 1115 515 1162 nos,
534 1104 579 1161 Sc,
599 1105 659 1152 uoto
680 1103 811 1163 Pottierii‚
831 1105 895 1153 item
912 1104 1063 1168 Bentleius.)

80 1249 249 1316 πορφυρέου
267 1241 334 1296 Ἀπὸ
360 1243 507 1312 στόματος
533 1250 610 1299 ἱεῖσα
647 1248 731 1298 leram
757 1250 896 1300 homiuum
918 1251 1000 1302 vitam
1024 1253 1176 1305 excoluerat

79 1318 182 1382 φωνὰν
204 1321 357 1390 παρθένος.
394 1321 486 1373 Catuli.
501 1323 546 1384 tt,
567 1325 607 1372 tn.
647 1323 819 1385 victoriisque
836 1325 892 1373 auis
909 1326 1055 1376 incruentis
1072 1327 1107 1377 ad
1124 1328 1176 1378 hu-

79 1401 162 1444 Acme
195 1395 240 1444 lito
270 1409 401 1456 propureo
429 1409 472 1445 ore
498 1397 608 1446 tunimo.
647 1397 804 1446 manitatem
821 1397 1001 1448 traduxerat.»
1031 1401 1078 1451 Ov.
1096 1401 1172 1452 Trist.

79 1471 149 1530 virg.
179 1472 246 1517 Aen.
274 1469 303 1528 9,
331 1467 388 1518 599.
424 1469 457 1518 de
485 1471 607 1520 Venere:
647 1469 735 1530 5,-3,
763 1470 811 1519 ta:
849 1471 903 1533 mre
926 1486 1024 1535 quoque
1052 1475 1176 1525 aedredus

77 1555 199 1602 roseoque
224 1543 287 1590 toea
310 1543 412 1604 inauper
435 1544 533 1592 addidit
557 1557 607 1594 ore.
646 1544 743 1592 nuntia
758 1545 869 1593 inuectus
889 1559 914 1594 ea
936 1561 1023 1607 aroer,
1051 1550 1108 1609 Ouo
1124 1564 1175 1599 nou

79 1618 179 1664 Contra
197 1615 273 1664 Ovid.
293 1616 353 1666 Met.
374 1617 404 1676 7,
423 1617 488 1665 705:
507 1619 608 1667 Aurora
647 1617 740 1679 stripitu
767 1618 837 1678 sacto
865 1619 950 1668 latmo
977 1622 1022 1670 oio
1054 1628 1104 1684 est,
1140 1624 1173 1674 de

78 1703 148 1738 roseo
165 1689 307 1750 spectarbitir
323 1703 373 1739 ore.
395 1717 422 1727 -
442 1690 511 1754 titii]
539 1692 609 1741 alam
647 1691 761 1739 Baccho.
783 1718 810 1726 -
824 1693 913 1755 paor]
930 1693 1037 1744 solitum
1054 1698 1175 1748 omnium

78 1777 149 1814 nune
167 1763 283 1814 deorum
300 1765 381 1814 vitam
398 1765 497 1824 vivit»,
516 1765 608 1824 idest,
647 1763 761 1813 deorum
772 1763 920 1828 ἐπίθετον,
940 1767 1069 1820 sollemne
1082 1773 1174 1822 autem

79 1841 184 1888 remoto
211 1839 306 1900 tropo,
335 1839 407 1901 upari
433 1841 514 1901 atque
531 1837 565 1889 illi
584 1841 611 1888 et
647 1839 801 1888 Latinorum
818 1840 900 1890 Liberi
912 1845 1005 1904 patris.

79 1910 224 1961 immortali
248 1913 359 1974 propter
383 1924 431 1961 sua
456 1914 550 1962 merita
577 1925 608 1962 ao
680 1911 719 1961 tl.
747 1913 854 1978 Verere]
873 1915 907 1964 ad
927 1916 1041 1967 deorum
1060 1917 1175 1969 domici-

79 1999 123 2034 res
140 1989 232 2047 gestas
249 1983 330 2047 glorie
349 1985 468 2035 fruitura
504 1987 606 2050 lippi,
646 1982 727 2044 lium,
748 1985 898 2050 Olympum.
920 2017 947 2024 -
971 1991 1061 2054 tipres]
1087 1993 1174 2054 imago

80 2061 105 2116 t,
126 2060 177 2107 ⁴5:
208 2059 337 2108 praeunti
359 2059 403 2107 titi
423 2064 537 2110 maturos
553 2061 609 2108 tur·
648 2058 758 2108 leritatis
781 2059 815 2108 eh
834 2073 867 2108 eo
885 2061 1059 2123 perdomitae.
1091 2065 1174 2126 Tigrin

78 2134 164 2194 pirnur
179 2133 286 2182 hermes
299 2133 472 2193 iurandasque
483 2139 609 2194 mamper
647 2135 738 2181 autem
760 2132 802 2182 vel
826 2135 914 2196 potius
932 2135 1061 2198 panthera
1077 2137 1173 2187 Libero

78 2221 168 2255 aarum
182 2209 303 2268 ponimur
319 2221 389 2256 arua.
437 2208 484 2256 Dio
502 2209 546 2266 54,
565 2209 607 2257 20.
646 2205 714 2268 patr-t
740 2217 818 2254 sacra
843 2211 901 2256 erat
926 2207 994 2267 iera,
1022 2210 1080 2258 eius
1097 2212 1173 2272 quast

78 2295 102 2330 a.
130 2294 156 2328 u.
186 2295 211 2329 e.
236 2281 293 2328 ito.
329 2281 442 2330 Senatus
467 2283 536 2330 inter
560 2279 607 2331 alia
646 2277 759 2336 lamula;
789 2292 873 2342 quare
905 2280 1002 2331 crebro
1035 2287 1174 2346 comparet

79 2353 219 2403 decrevit:
250 2351 279 2414 ἐς
302 2350 372 2415 τοὺς
389 2347 500 2418 ὕμνους
517 2349 608 2405 αὐτὸν
646 2354 671 2402 iu
698 2350 855 2416 anaglyphis
872 2356 1023 2417 Bacchicis,
1049 2355 1123 2405 velut
1146 2359 1174 2406 in

80 2427 110 2491 ἐξ
128 2427 197 2477 ἴσου
216 2434 281 2488 τοῖς
299 2427 381 2490 θεοῖς
398 2426 606 2498 sarpedonem.
646 2429 731 2488 noega
747 2427 820 2476 aaut
839 2429 921 2477 vitient
941 2431 961 2479 1.
981 2443 1008 2493 p.
1027 2430 1067 2479 35.
1105 2432 1173 2480 Ger·

80 2505 183 2554 Contra
204 2503 227 2550 si
248 2501 321 2563 legas
337 2502 416 2564 tibet,
446 2502 508 2552 mali
524 2517 608 2568 prope
646 2501 713 2550 hard
730 2505 783 2550 eut.
796 2502 886 2551 Bitdw.
900 2503 928 2551 Τ.
942 2503 1005 2552 Cili.
1024 2505 1171 2565 Imaginem

80 2579 178 2627 ominis
195 2589 250 2624 vox
267 2576 330 2634 erit,
361 2579 524 2638 «Augustum
549 2581 610 2641 post
647 2574 764 2638 expingit
780 2575 903 2624 Sidonius
920 2574 1003 2640 Apoll.
1023 2579 1052 2627 C.
1068 2579 1110 2636 99,
1123 2577 1172 2625 tt:

80 2653 197 2699 mortem
208 2649 293 2711 (ouius
302 2649 411 2711 quidem
419 2651 609 2702 mentioetiam
646 2649 721 2697 duan
740 2651 878 2712 populana
894 2651 1019 2711 napuras
1038 2652 1100 2700 Vite
1120 2664 1173 2700 ea-

79 2724 127 2773 sun
145 2725 199 2772 hac
218 2721 423 2774 immortalitatis
443 2723 610 2786 pollicitatio·
642 2723 796 2783 pistratar
818 2725 921 2787 repetat
942 2726 969 2774 iu
985 2726 1070 2774 enredo
1086 2727 1170 2787 tiprer.

80 2813 111 2847 ne
128 2798 243 2848 minime
261 2798 335 2858 grata
352 2797 377 2845 ei
395 2797 481 2846 lutura
499 2800 564 2861 arat)
583 2801 609 2848 in
647 2797 874 2856 Quamvisautem
890 2799 931 2847 vis
948 2800 1095 2849 sententiae
1113 2800 1175 2849 insit

79 2873 194 2922 deorum
213 2883 358 2920 uumemm
369 2871 533 2934 adscriptum
551 2875 607 2922 iri.»
647 2871 672 2919 in
698 2881 741 2918 vv.
759 2872 814 2920 Hae
834 2878 858 2920 te
880 2878 1032 2934 mercantem,
1060 2872 1174 2923 libenter

80 2947 110 2995 Et
135 2945 294 2995 cautissime
321 2943 431 3006 quidem
462 2945 496 2995 de
522 2947 609 2998 lutura
647 2945 737 2993 tamen
762 2945 920 2994 immoratur
942 2949 968 2996 in
994 2948 1100 3010 po‘dtiea
1121 2947 1172 2997 huo
1273 2987 1277 2994 .

80 3021 191 3083 Augusti
209 3012 376 3067 ἀποθεώσει
392 3016 464 3081 loqui
476 3019 608 3080 solebant,
647 3016 772 3079 tigridum
785 3019 899 3079 imagine
916 3025 976 3068 tuoe
985 3047 1000 3056 -
1011 3047 1026 3057 -
1038 3021 1169 3080 tradentes,

78 3099 105 3144 ut
123 3094 175 3144 od.
196 3095 224 3152 t,
243 3093 272 3151 2,
291 3092 338 3143 tn:
367 3094 444 3142 sema
465 3095 491 3143 in
512 3096 610 3144 caetum
647 3102 700 3151 qua
721 3088 756 3138 de
778 3103 809 3138 re
830 3092 963 3140 immerito
981 3105 995 3140 a
1013 3093 1172 3144 scholastico

79 3171 175 3218 redeas.
195 3166 272 3216 ovid.
290 3167 351 3216 liet.
371 3169 415 3226 to,
432 3167 489 3218 838.
508 3171 534 3218 et
550 3169 607 3218 868.
647 3161 766 3226 quodam
783 3164 964 3226 reprehensus
976 3167 1025 3214 est.
1041 3193 1069 3200 -
1083 3167 1172 3228 Longe

79 3243 157 3292 Trist.
177 3243 208 3300 9,
228 3241 277 3287 57:
307 3240 399 3300 Optavi
412 3246 508 3302 peteres
528 3243 610 3291 caete-
646 3248 711 3285 vero
738 3237 827 3292 rarius
857 3238 884 3286 in
914 3239 984 3288 vasis
1010 3239 1087 3302 pictis
1109 3251 1173 3288 oum

78 3317 125 3365 atio
139 3315 318 3364 addemme.
337 3313 472 3363 ibidtto.
486 3317 510 3375 o,
524 3317 549 3375 5,
560 3316 607 3364 64;
647 3309 743 3359 Libero
765 3311 883 3359 sociatur
904 3309 963 3369 leo;
991 3312 1017 3360 in
1035 3311 1091 3361 aliis
1108 3313 1173 3361 artie

82 3391 178 3438 Caesar
195 3389 235 3436 dis
250 3399 395 3449 uocemue,
413 3390 455 3437 red
471 3390 543 3449 olim,
561 3391 610 3439 Ae-
646 3383 773 3447 operibus
785 3385 910 3434 Centauri
921 3385 978 3434 eiua
990 3385 1079 3433 currui
1091 3385 1172 3434 iuncti

78 3463 187 3523 quum
203 3462 288 3522 Pptior
303 3474 361 3510 eum
377 3466 422 3510 tua
436 3463 494 3524 (atu
510 3464 569 3512 dies,
580 3489 607 3500 -
647 3460 709 3508 suut
728 3458 871 3520 (Boettiger
888 3459 1031 3521 Vuaenpam.
1050 3459 1092 3506 ΙΙΙ.
1110 3471 1171 3520 pag.

78 3536 175 3599 rector]
193 3534 366 3585 beatitudiuis
377 3539 458 3599 atque
470 3537 610 3586 immorta·
648 3532 704 3581 439.
723 3530 802 3580 llilliu
815 3531 872 3580 Gal.
885 3533 962 3593 myth.
976 3533 1004 3580 T.
1015 3533 1077 3580 Lill.
1088 3531 1171 3592 935.);

78 3610 157 3661 litatis
183 3610 283 3671 imago.
318 3610 360 3659 Sia
384 3610 410 3658 in
436 3611 609 3660 Etruscorum
647 3604 708 3654 alibi
726 3605 807 3654 etiam
829 3605 905 3655 hirci.
931 3605 1059 3668 (Gerhard
1081 3607 1174 3656 Vereu-

77 3686 153 3734 urnie
177 3683 317 3734 cinerariis
345 3683 489 3733 beatorum
514 3685 610 3734 animis
646 3691 709 3742 peu.
737 3681 765 3729 T.
794 3679 866 3740 LIV.)
904 3681 1079 3730 Dromedario
1105 3680 1174 3729 inter

77 3773 91 3808 a
123 3757 285 3824 pocillatore
319 3759 461 3821 porrigitur
493 3759 609 3809 nectaris
647 3753 715 3803 duos
737 3753 808 3804 dorsi
825 3753 951 3816 gibberes
969 3753 1115 3804 collocatus
1132 3753 1174 3802 iu-

78 3835 204 3896 ryathus.
240 3832 304 3880 Anu.
332 3833 386 3880 detl'
412 3833 471 3881 lmt.
500 3833 607 3881 metari.
647 3825 717 3876 sidet
733 3827 854 3877 Bacchus
871 3829 1049 3892 triumphator
1064 3830 1090 3876 in
1107 3829 1170 3876 Aen.

77 3908 129 3957 vn.
150 3919 180 3970 p.
200 3906 242 3954 29.
647 3901 701 3950 dell'
713 3901 773 3950 luat.
787 3902 857 3950 arnt.
868 3903 899 3950 V.
913 3915 941 3964 p.
954 3903 995 3951 99.
1016 3928 1044 3938 -
1061 3899 1171 3962 indocili]

108 3982 152 4030 43.
182 3979 237 4028 Har
258 3983 281 4028 te
299 3978 445 4042 moedau]
473 3978 610 4029 «Bacchus
647 3976 842 4038 cumprimum
859 3976 1046 4024 reniterentur.

76 4065 199 4117 quoque,
213 4051 343 4113 Semeles,
357 4050 607 4112 mortalisiemiuee,
681 4051 720 4098 tt.
740 4050 780 4099 to.
800 4050 847 4098 tur
864 4048 999 4111 Quirinus]
1017 4048 1115 4110 quippe
1127 4048 1173 4110 qui

76 4128 157 4186 filius,
172 4126 242 4176 deus
250 4125 335 4176 lautus
345 4129 395 4186 eat,
407 4126 468 4176 ideo
476 4126 548 4175 hune
559 4127 610 4175 ho-
646 4121 712 4173 lulio
728 4121 840 4173 Proculo
861 4122 929 4172 haec
945 4120 1069 4172 mandata
1087 4119 1173 4170 dede·

77 4212 177 4250 norem
193 4199 320 4259 meritus,
339 4198 411 4261 quod
427 4199 561 4262 agrestem
578 4211 610 4248 ao
646 4199 694 4247 rit:
717 4196 810 4266 Χαῖρε
825 4196 875 4246 καὶ
896 4191 987 4266 φράζε
1007 4190 1171 4260 Ῥωμαίοις,
