2934 4884
510 366 568 415 Llll.
588 364 630 415 lV.
668 366 697 415 C.
716 364 759 415 xi.

281 522 380 609 Spes,
404 530 438 587 et
460 519 642 608 exemplum
669 540 768 608 grave
788 519 924 608 praebet
946 519 1013 587 ales

279 645 426 730 Pegasus
449 652 615 708 terrenum
637 642 780 730 equitem
801 652 953 729 gravatus

364 762 645 850 Bellerophontem
660 816 666 837 ‚

286 932 423 1018 Semper
444 941 479 997 ut
501 942 532 997 te
555 931 652 1019 digna
673 950 813 1017 sequare
836 941 868 997 et
889 929 972 996 ultra

281 1052 386 1130 Quam
408 1050 484 1120 licet
507 1073 640 1139 sperare
663 1052 753 1120 nefas
775 1052 917 1140 putando

281 1174 450 1260 Disparem
472 1173 562 1239 vites.
607 1176 674 1261 Age
697 1174 769 1249 iam,
792 1194 940 1240 meorum

366 1295 451 1362 Finis
473 1316 620 1361 amorum
642 1332 685 1344 -

280 1474 350 1537 Non
373 1472 458 1539 enirn
480 1471 616 1559 posthac
638 1470 701 1537 alia
723 1471 836 1539 calebo

284 1594 415 1659 Femina
437 1631 479 1642 —
501 1592 653 1659 condisce
676 1592 807 1670 modos,
831 1592 970 1660 amanda

160 1831 239 1953 3Popt
264 1840 289 1877 4.
316 1826 356 1877 94.
384 1828 472 1877 excisa
497 1830 558 1879 sunt
584 1825 643 1877 40444
668 1825 806 1890 aliqunto
833 1828 898 1879 Cod.
923 1844 938 1879 c
960 1842 1047 1893 usque
1063 1829 1098 1881 ad
1115 1831 1164 1882 044.

143 1905 154 1954 4
184 1942 190 1965 ,
227 1905 251 1953 5.

110 2126 183 2177 mine
206 2126 273 2175 ictus
297 2137 347 2175 nos
370 2124 502 2185 deterret,
522 2139 554 2174 ne
573 2137 637 2189 spes
673 2125 701 2173 in
727 2122 857 2188 exemplis
881 2125 955 2175 hisee
972 2126 1097 2188 mythicis
1125 2128 1199 2179 eius-

110 2202 190 2251 nimis
202 2212 312 2259 44444444,
331 2198 358 2249 id
375 2201 428 2261 est,
447 2198 539 2251 avidas
556 2202 636 2263 atque
674 2198 748 2249 modi
772 2197 889 2263 puellae,
923 2198 1007 2262 qualis
1031 2200 1130 2263 Phyllis
1155 2202 1199 2253 vel

109 2274 269 2326 immodicas
301 2286 394 2324 rerum
424 2272 502 2323 nohis
528 2276 637 2336 negata-
673 2272 721 2323 44444
732 2272 775 2323 vel
786 2272 867 2323 luisse
879 2274 998 2337 lingitur,
1017 2276 1074 2325 44444
1084 2277 1199 2339 graviter

110 2362 172 2399 rum
191 2349 399 2413 concipiamusn
413 2372 442 2383 —
466 2348 637 2399 Phaethontis
673 2348 825 2412 propositis.

109 2424 221 2475 4444444444
235 2423 297 2473 vide
312 2422 340 2471 444
350 2421 552 2472 Winclrelmonn
567 2424 636 2472 44044.
706 2422 766 2472 49-
777 2422 817 2472 39.
839 2426 868 2470 444
885 2426 907 2471 44
923 2421 1013 2486 44494444]
1032 2423 1106 2473 Pind.
1120 2426 1197 2487 Pyth.

111 2500 180 2547 444444.
194 2499 222 2546 T.
236 2497 353 2547 XLV.—
326 2497 431 2561 -444444
450 2496 581 2557 444044ηὸ
596 2498 635 2556 li,
674 2496 707 2557 4,
733 2496 783 2546 991
819 2496 876 2546 Kal
899 2493 959 2560 μὰν
985 2492 1088 2547 Τιτυὸν
1112 2497 1199 2562 βέλος

109 2572 143 2624 4.
159 2585 227 2634 puer
244 2571 302 2621 4444.
322 2571 405 2635 Epod.
419 2572 443 2631 3
458 2571 502 2621 ll:
521 2572 639 2634 8444444444
667 2565 832 2659 Ἀρτέμιδος
849 2568 974 2640 θήρευσε
989 2568 1198 2641 κραιπνόνμ-

109 2646 283 2695 --44444-
302 2645 423 2709 Poporur]
441 2644 546 2695 divinae
563 2646 639 2709 origi·
667 2640 766 2735 Oropo²
778 2660 820 2707 τις
838 2644 892 2695 τᾶν
908 2642 1060 2731 44444444τῷ
1077 2644 1199 2709 φιλοτά-

111 2724 155 2771 nis
182 2732 286 2783 equus,
312 2721 342 2771 444
367 2722 412 2783 qui
433 2722 588 2784 aNeptuno
612 2722 638 2769 et
675 2734 731 2769 των
751 2716 908 2783 ἐπιψαύειν
926 2712 1034 2790 ἔραται.
1055 2747 1083 2758 -
1104 2723 1200 2785 44444444-

109 2795 223 2847 Medusa
240 2794 494 2858 procreatussit.—
467 2794 637 2858 —provotud
674 2809 729 2845 44444
750 2796 819 2860 444444]
845 2797 976 2859 «ideoque
1000 2809 1110 2860 semper
1131 2799 1199 2849 44444-

111 2870 286 2932 «indignatus
310 2870 379 2919 44444
405 2870 512 2930 equdem
538 2870 639 2919 4440444-
676 2883 739 2919 cum
765 2871 920 2921 condicione
945 2871 992 2921 44444
1017 2885 1111 2935 parem
1133 2870 1200 2922 deli-

112 2944 195 2995 lem.»
225 2944 347 2994 Fortasse
371 2956 478 2993 memor
497 2943 544 2994 44444
563 2942 636 2993 Pind.
676 2958 749 3007 gas.
771 2970 799 2981 -
819 2946 896 3009 Finis]
914 2947 1075 3011 Properti,
1088 2948 1137 3009 ⁴2,
1149 2948 1198 2998 20:

108 3018 205 3068 44444444.
227 3018 251 3065 6,
273 3017 314 3079 (al.
336 3017 370 3079 7.)
389 3017 430 3069 44.
444 3020 491 3067 B.:
511 3012 639 3088 πτερόεις
676 3020 946 3081 Cyothioprimofuit,
959 3020 1199 3085 Cynthiatinirerit.

109 3085 219 3162 ’ἔρῥιψε
235 3087 377 3156 Πάγασος
400 3088 550 3141 Δεσπόταν
575 3090 640 3142 ddi·
677 3094 817 3144 «44444444
840 3093 931 3143 liobe
946 3095 1111 3145 8444444444
1135 3097 1198 3145 du.»

109 3164 189 3215 λο44’
208 3164 237 3226 ἐς
263 3160 388 3251 οὐρανοῦ
410 3161 562 3231 σταθμοὺς
576 3159 639 3215 Ἔλ-
676 3167 752 3217 Voss.
780 3168 809 3216 ln
834 3166 876 3217 4444
901 3170 992 3218 autem
1019 3181 1062 3217 vv.
1090 3171 1200 3220 minime

111 3240 179 3289 θεῖν
196 3234 294 3303 μεθ’
278 3236 419 3310 ομάγυριν
442 3235 639 3329 Βελλεροφόν-
677 3243 758 3302 inest,
787 3241 859 3305 quod
885 3240 1065 3293 scholasticus
1090 3243 1201 3305 quidam

109 3328 166 3364 ταν
198 3308 304 3378 Ζηνός
343 3310 377 3363 τὸ
403 3311 435 3365 δὲ
463 3311 585 3386 arripi
557 3312 640 3364 δίκαν
677 3329 764 3379 nuper
791 3316 913 3379 opinatus
942 3318 997 3374 444,
1034 3315 1200 3377 Phyllidem,

110 3384 209 3439 Γλνκύ
230 3386 389 3457 πικροτάτα
411 3390 491 3453 μένει
512 3384 638 3439 τελευτά.
677 3404 747 3453 quae
772 3388 967 3454 pulchritudine
991 3390 1118 3453 4444944444,
1147 3392 1201 3440 lam

111 3462 165 3513 Cir.
181 3461 598 3528 sch01.adnnstopnaan.7o:
622 3456 640 3512 6
678 3465 859 3515 deflorescere
877 3464 1018 3528 coepisse:
1037 3477 1126 3528 neque
1138 3478 1202 3529 pro·

111 3534 350 3605 Βελλεροφόντης
365 3534 413 3587 διὰ
429 3534 482 3588 τοῦ
498 3535 639 3605 Πηγάσου
678 3539 749 3589 44444
783 3542 838 3588 tam
871 3537 968 3589 stultus
1002 3538 1050 3588 44444
1077 3539 1201 3589 Horatius

111 3608 165 3662 τοῦ
193 3609 337 3698 πτερωεοῦ
364 3609 502 3677 ἐπεθύμει
526 3614 576 3663 nat
599 3615 641 3675 εἰς
678 3615 759 3663 eiiam
785 3612 1041 3677 quinquagenarius,
1068 3614 1099 3662 ut
1117 3614 1202 3664 vietae

111 3683 164 3737 τὸν
193 3680 319 3757 οὐρανὸν
344 3681 493 3750 ἀνελθεῖν,
523 3702 585 3739 eum
602 3691 641 3739 sic
678 3686 781 3755 puellae
798 3688 946 3738 adamaret.

112 3760 246 3811 allocutus
273 3762 345 3826 apud
375 3763 463 3826 Eurip.
486 3726 638 3827 liolleroph.
712 3763 763 3814 33-
768 3763 809 3813 36.
828 3762 920 3826 caloio]
939 3762 977 3813 Cl.
988 3762 1035 3812 Od.
1047 3760 1201 3822 l,l,l9.—

113 3836 153 3885 Fr.
167 3836 214 3885 ti:
234 3830 291 3902 ³“Ay
302 3828 425 3898 ωφίλον
435 3852 487 3902 μοι
498 3834 641 3903 Πηγασου
678 3838 805 3903 amando]
832 3838 859 3887 444
883 3850 964 3901 prosa
989 3850 1068 3887 ο4.«
1055 3831 1202 3892 «amabili,

114 3905 230 3979 πτερόν.
247 3938 274 3949 -
293 3909 442 3975 Belleroph.
453 3913 554 3973 Pegaso
571 3913 640 3962 vecti
678 3914 779 3976 graia.»
807 3937 835 3947 —
861 3909 983 3973 condisce]
1010 3913 1152 3961 «accurate
1169 3922 1202 3958 44

113 3988 140 4035 44
158 3984 331 4035 Chimaeram
356 3985 521 4036 devincentis
548 3987 641 4049 imagi·
679 3986 821 4051 diligenter
837 3985 911 4035 disce
929 3985 1001 4035 domi
1017 3987 1105 4035 tuae.»
1133 3984 1203 4046 Sup-

114 4074 179 4109 nem
197 4057 258 4108 vide
275 4058 346 4123 apud
357 4058 490 4123 llillingen
501 4060 561 4110 Aac.
571 4063 639 4111 44044.
679 4060 754 4125 pleni
764 4057 898 4111 nonnulli:
918 4072 954 4109 44
966 4072 1037 4110 me.»
1055 4060 1102 4108 Vix
1114 4059 1202 4117 recte;

114 4134 145 4181 14.
163 4133 191 4183 Τ,
215 4131 239 4182 4.
263 4160 290 4167 -
312 4133 439 4183 Ceterum
459 4136 533 4197 grata
553 4137 594 4195 44,
612 4138 643 4184 444
680 4147 742 4185 nam
766 4137 875 4185 cantum
895 4134 994 4184 dooere
1012 4136 1070 4184 erat
1085 4134 1204 4184 musico-

114 4207 150 4255 444
169 4205 272 4265 dicam,
292 4209 394 4258 comice
412 4209 482 4259 444444
494 4208 641 4273 hyperbole
660 4243 662 4257 .
679 4222 753 4269 rum,
772 4212 803 4259 nt
818 4206 929 4272 Tigellii,
948 4209 1129 4272 4444444444444
1139 4210 1206 4259 44444
