<?xml version="1.0" encoding="UTF-8"?>
<!DOCTYPE html PUBLIC "-//W3C//DTD XHTML 1.0 Transitional//EN"
    "http://www.w3.org/TR/xhtml1/DTD/xhtml1-transitional.dtd">
<html xmlns="http://www.w3.org/1999/xhtml" xml:lang="en" lang="en">
 <head>
  <title>
</title>
<meta http-equiv="Content-Type" content="text/html;charset=utf-8" />
  <meta name='ocr-system' content='tesseract 3.04.00' />
  <meta name='ocr-capabilities' content='ocr_page ocr_carea ocr_par ocr_line ocrx_word'/>
</head>
<body>
  <div class='ocr_page' id='page_1' title='image "./qhoratiusflaccu04baitgoog/qhoratiusflaccu04baitgoog_0415.png"; bbox 0 0 2934 4884; ppageno 0'>
   <div class='ocr_carea' id='block_1_1' title="bbox 521 368 758 419">
    <p class='ocr_par' dir='ltr' id='par_1_1' title="bbox 521 368 758 419">
     <span class='ocr_line' id='line_1_1' title="bbox 521 368 758 419; baseline -0.008 0"><span class='ocrx_word' id='word_1_1' title='bbox 521 368 579 419; x_wconf 80' lang='lat' dir='ltr'>titt.</span> <span class='ocrx_word' id='word_1_2' title='bbox 600 368 641 417; x_wconf 94' lang='lat' dir='ltr'>lll.</span> <span class='ocrx_word' id='word_1_3' title='bbox 678 368 708 417; x_wconf 87' lang='lat' dir='ltr'>C.</span> <span class='ocrx_word' id='word_1_4' title='bbox 727 368 758 417; x_wconf 87' lang='lat' dir='ltr'>V.</span> 
     </span>
    </p>
   </div>
   <div class='ocr_carea' id='block_1_2' title="bbox 256 521 952 853">
    <p class='ocr_par' dir='ltr' id='par_1_2' title="bbox 256 521 952 853">
     <span class='ocr_line' id='line_1_2' title="bbox 256 521 952 609; baseline 0.006 -20"><span class='ocrx_word' id='word_1_5' title='bbox 256 526 413 589; x_wconf 88' lang='lat' dir='ltr'>Firmaret</span> <span class='ocrx_word' id='word_1_6' title='bbox 434 532 549 589; x_wconf 88' lang='lat' dir='ltr'>auctor</span> <span class='ocrx_word' id='word_1_7' title='bbox 570 542 735 609; x_wconf 82' lang='lat' dir='ltr'>nunquam</span> <span class='ocrx_word' id='word_1_8' title='bbox 758 521 838 588; x_wconf 89' lang='lat' dir='ltr'>alias</span> <span class='ocrx_word' id='word_1_9' title='bbox 860 522 952 594; x_wconf 88' lang='lat' dir='ltr'>dato.</span> 
     </span>
     <span class='ocr_line' id='line_1_3' title="bbox 300 644 800 733; baseline 0 -24"><span class='ocrx_word' id='word_1_10' title='bbox 300 648 449 733; x_wconf 79' lang='lat' dir='ltr'>Interque</span> <span class='ocrx_word' id='word_1_11' title='bbox 472 652 655 709; x_wconf 87' lang='lat' dir='ltr'>maerentes</span> <span class='ocrx_word' id='word_1_12' title='bbox 678 644 800 711; x_wconf 89' lang='lat' dir='ltr'>amieos</span> 
     </span>
     <span class='ocr_line' id='line_1_4' title="bbox 340 764 834 853; baseline -0.006 -22"><span class='ocrx_word' id='word_1_13' title='bbox 340 766 496 853; x_wconf 82' lang='lat' dir='ltr'>Egregius</span> <span class='ocrx_word' id='word_1_14' title='bbox 519 774 710 851; x_wconf 82' lang='lat' dir='ltr'>properaret</span> <span class='ocrx_word' id='word_1_15' title='bbox 733 764 834 829; x_wconf 83' lang='lat' dir='ltr'>exsul.</span> 
     </span>
    </p>
   </div>
   <div class='ocr_carea' id='block_1_3' title="bbox 256 920 923 1372">
    <p class='ocr_par' dir='ltr' id='par_1_3' title="bbox 256 920 871 1010">
     <span class='ocr_line' id='line_1_5' title="bbox 256 920 871 1010; baseline -0.007 -21"><span class='ocrx_word' id='word_1_16' title='bbox 256 922 351 1010; x_wconf 74' lang='lat' dir='ltr'>Atqui</span> <span class='ocrx_word' id='word_1_17' title='bbox 374 921 498 989; x_wconf 85' lang='lat' dir='ltr'>sciebat</span> <span class='ocrx_word' id='word_1_18' title='bbox 519 942 605 1009; x_wconf 87' lang='lat' dir='ltr'>quae</span> <span class='ocrx_word' id='word_1_19' title='bbox 628 920 689 988; x_wconf 87' lang='lat' dir='ltr'>sibi</span> <span class='ocrx_word' id='word_1_20' title='bbox 712 921 871 989; x_wconf 88' lang='lat' dir='ltr'>barbarus</span> 
     </span>
    </p>

    <p class='ocr_par' dir='ltr' id='par_1_4' title="bbox 257 1041 872 1130">
     <span class='ocr_line' id='line_1_6' title="bbox 257 1041 872 1130; baseline -0.005 -21"><span class='ocrx_word' id='word_1_21' title='bbox 257 1046 370 1109; x_wconf 86' lang='lat' dir='ltr'>Tortor</span> <span class='ocrx_word' id='word_1_22' title='bbox 393 1054 539 1130; x_wconf 87' lang='lat' dir='ltr'>pararet;</span> <span class='ocrx_word' id='word_1_23' title='bbox 562 1064 627 1107; x_wconf 95' lang='lat' dir='ltr'>non</span> <span class='ocrx_word' id='word_1_24' title='bbox 650 1041 743 1108; x_wconf 91' lang='lat' dir='ltr'>aliter</span> <span class='ocrx_word' id='word_1_25' title='bbox 764 1054 872 1109; x_wconf 90' lang='lat' dir='ltr'>tamen</span> 
     </span>
    </p>

    <p class='ocr_par' dir='ltr' id='par_1_5' title="bbox 299 1162 923 1372">
     <span class='ocr_line' id='line_1_7' title="bbox 299 1162 850 1253; baseline 0.005 -25"><span class='ocrx_word' id='word_1_26' title='bbox 299 1164 439 1229; x_wconf 89' lang='lat' dir='ltr'>Dimovit</span> <span class='ocrx_word' id='word_1_27' title='bbox 460 1162 626 1231; x_wconf 80' lang='lat' dir='ltr'>obstantes</span> <span class='ocrx_word' id='word_1_28' title='bbox 648 1165 850 1253; x_wconf 89' lang='lat' dir='ltr'>propinquos</span> 
     </span>
     <span class='ocr_line' id='line_1_8' title="bbox 343 1282 923 1372; baseline 0.002 -22"><span class='ocrx_word' id='word_1_29' title='bbox 343 1285 380 1350; x_wconf 87' lang='lat' dir='ltr'>Et</span> <span class='ocrx_word' id='word_1_30' title='bbox 403 1284 560 1372; x_wconf 91' lang='lat' dir='ltr'>populum</span> <span class='ocrx_word' id='word_1_31' title='bbox 581 1282 705 1350; x_wconf 90' lang='lat' dir='ltr'>reditus</span> <span class='ocrx_word' id='word_1_32' title='bbox 727 1296 923 1360; x_wconf 88' lang='lat' dir='ltr'>morantem,</span> 
     </span>
    </p>
   </div>
   <div class='ocr_carea' id='block_1_4' title="bbox 257 1440 856 1531">
    <p class='ocr_par' dir='ltr' id='par_1_6' title="bbox 257 1440 856 1531">
     <span class='ocr_line' id='line_1_9' title="bbox 257 1440 856 1531; baseline 0.002 -23"><span class='ocrx_word' id='word_1_33' title='bbox 257 1446 363 1523; x_wconf 87' lang='lat' dir='ltr'>Quam</span> <span class='ocrx_word' id='word_1_34' title='bbox 384 1444 412 1508; x_wconf 90' lang='lat' dir='ltr'>si</span> <span class='ocrx_word' id='word_1_35' title='bbox 435 1442 587 1509; x_wconf 90' lang='lat' dir='ltr'>clientum</span> <span class='ocrx_word' id='word_1_36' title='bbox 609 1440 705 1530; x_wconf 80' lang='lat' dir='ltr'>longa</span> <span class='ocrx_word' id='word_1_37' title='bbox 726 1444 856 1531; x_wconf 80' lang='lat' dir='ltr'>negotia</span> 
     </span>
    </p>
   </div>
   <div class='ocr_carea' id='block_1_5' title="bbox 120 1660 1139 1799">
    <p class='ocr_par' dir='ltr' id='par_1_7' title="bbox 120 1660 1139 1799">
     <span class='ocr_line' id='line_1_10' title="bbox 153 1660 1139 1725; baseline 0.002 -14"><span class='ocrx_word' id='word_1_38' title='bbox 153 1662 192 1712; x_wconf 78' lang='lat' dir='ltr'>tt.</span> <span class='ocrx_word' id='word_1_39' title='bbox 212 1661 348 1711; x_wconf 66' lang='lat' dir='ltr'>moerorum</span> <span class='ocrx_word' id='word_1_40' title='bbox 368 1661 504 1725; x_wconf 78' lang='lat' dir='ltr'>(merentia)</span> <span class='ocrx_word' id='word_1_41' title='bbox 521 1660 570 1710; x_wconf 82' lang='lat' dir='ltr'>BT.</span> <span class='ocrx_word' id='word_1_42' title='bbox 600 1688 628 1697; x_wconf 98' lang='lat'>-</span> <span class='ocrx_word' id='word_1_43' title='bbox 654 1661 695 1711; x_wconf 82' lang='lat' dir='ltr'>dt.</span> <span class='ocrx_word' id='word_1_44' title='bbox 712 1660 874 1725; x_wconf 74' lang='lat' dir='ltr'>propinquos]</span> <span class='ocrx_word' id='word_1_45' title='bbox 896 1663 990 1713; x_wconf 71' lang='lat' dir='ltr'>amicos</span> <span class='ocrx_word' id='word_1_46' title='bbox 1007 1676 1038 1712; x_wconf 86' lang='lat' dir='ltr'>ex</span> <span class='ocrx_word' id='word_1_47' title='bbox 1055 1677 1081 1713; x_wconf 83' lang='lat' dir='ltr'>r.</span> <span class='ocrx_word' id='word_1_48' title='bbox 1100 1664 1139 1714; x_wconf 77' lang='lat' dir='ltr'>tt.</span> 
     </span>
     <span class='ocr_line' id='line_1_11' title="bbox 120 1734 658 1799; baseline -0.004 -14"><span class='ocrx_word' id='word_1_49' title='bbox 120 1737 152 1796; x_wconf 89' lang='lat' dir='ltr'>d,</span> <span class='ocrx_word' id='word_1_50' title='bbox 172 1734 224 1795; x_wconf 72' lang='grc' dir='ltr'>ιβκ</span> <span class='ocrx_word' id='word_1_51' title='bbox 242 1748 306 1785; x_wconf 89' lang='lat' dir='ltr'>cum</span> <span class='ocrx_word' id='word_1_52' title='bbox 323 1737 448 1799; x_wconf 86' lang='lat' dir='ltr'>quattuor</span> <span class='ocrx_word' id='word_1_53' title='bbox 465 1734 549 1785; x_wconf 75' lang='lat' dir='ltr'>aliis.»</span> <span class='ocrx_word' id='word_1_54' title='bbox 566 1736 658 1784; x_wconf 81' lang='lat' dir='ltr'>Brnrn.</span> 
     </span>
    </p>
   </div>
   <div class='ocr_carea' id='block_1_6' title="bbox 93 1918 1182 4275">
    <p class='ocr_par' dir='ltr' id='par_1_8' title="bbox 93 1918 1177 2645">
     <span class='ocr_line' id='line_1_12' title="bbox 121 1918 1176 1984; baseline 0.001 -13"><span class='ocrx_word' id='word_1_55' title='bbox 121 1921 159 1971; x_wconf 87' lang='lat' dir='ltr'>t5.</span> <span class='ocrx_word' id='word_1_56' title='bbox 185 1922 271 1971; x_wconf 80' lang='lat' dir='ltr'>Donec</span> <span class='ocrx_word' id='word_1_57' title='bbox 291 1920 357 1984; x_wconf 86' lang='lat' dir='ltr'>cet]</span> <span class='ocrx_word' id='word_1_58' title='bbox 381 1922 610 1984; x_wconf 69' lang='lat' dir='ltr'>«bonooperum,</span> <span class='ocrx_word' id='word_1_59' title='bbox 650 1918 716 1969; x_wconf 76' lang='lat' dir='ltr'>bord.</span> <span class='ocrx_word' id='word_1_60' title='bbox 756 1920 891 1969; x_wconf 70' lang='lat' dir='ltr'>Tuddonua</span> <span class='ocrx_word' id='word_1_61' title='bbox 915 1927 1000 1971; x_wconf 68' lang='lat' dir='ltr'>amera</span> <span class='ocrx_word' id='word_1_62' title='bbox 1023 1936 1109 1971; x_wconf 71' lang='lat' dir='ltr'>somno</span> <span class='ocrx_word' id='word_1_63' title='bbox 1132 1926 1176 1973; x_wconf 83' lang='lat' dir='ltr'>dtu</span> 
     </span>
     <span class='ocr_line' id='line_1_13' title="bbox 94 1992 1176 2057; baseline 0.002 -14"><span class='ocrx_word' id='word_1_64' title='bbox 94 2008 200 2056; x_wconf 83' lang='lat' dir='ltr'>quorum</span> <span class='ocrx_word' id='word_1_65' title='bbox 215 1996 321 2045; x_wconf 86' lang='lat' dir='ltr'>animus</span> <span class='ocrx_word' id='word_1_66' title='bbox 333 1992 474 2045; x_wconf 85' lang='lat' dir='ltr'>vacillabat</span> <span class='ocrx_word' id='word_1_67' title='bbox 484 2007 517 2043; x_wconf 86' lang='lat' dir='ltr'>ac</span> <span class='ocrx_word' id='word_1_68' title='bbox 528 2004 612 2057; x_wconf 88' lang='lat' dir='ltr'>prope</span> <span class='ocrx_word' id='word_1_69' title='bbox 647 1992 801 2055; x_wconf 76' lang='lat' dir='ltr'>prottbttmn</span> <span class='ocrx_word' id='word_1_70' title='bbox 824 1999 900 2054; x_wconf 74' lang='lat' dir='ltr'>atquo</span> <span class='ocrx_word' id='word_1_71' title='bbox 921 1996 959 2043; x_wconf 81' lang='lat' dir='ltr'>tm</span> <span class='ocrx_word' id='word_1_72' title='bbox 978 1997 1032 2043; x_wconf 85' lang='lat' dir='ltr'>otto</span> <span class='ocrx_word' id='word_1_73' title='bbox 1045 1998 1176 2057; x_wconf 53' lang='lat' dir='ltr'>pacatam</span> 
     </span>
     <span class='ocr_line' id='line_1_14' title="bbox 94 2066 1175 2131; baseline 0.004 -16"><span class='ocrx_word' id='word_1_74' title='bbox 94 2068 139 2118; x_wconf 85' lang='lat' dir='ltr'>iam</span> <span class='ocrx_word' id='word_1_75' title='bbox 159 2067 304 2119; x_wconf 76' lang='lat' dir='ltr'>inclinabat</span> <span class='ocrx_word' id='word_1_76' title='bbox 324 2067 358 2119; x_wconf 89' lang='lat' dir='ltr'>ad</span> <span class='ocrx_word' id='word_1_77' title='bbox 380 2068 546 2131; x_wconf 85' lang='lat' dir='ltr'>captivorum</span> <span class='ocrx_word' id='word_1_78' title='bbox 568 2080 613 2116; x_wconf 91' lang='lat' dir='ltr'>re·</span> <span class='ocrx_word' id='word_1_79' title='bbox 649 2069 733 2131; x_wconf 69' lang='lat' dir='ltr'>refert.</span> <span class='ocrx_word' id='word_1_80' title='bbox 771 2066 857 2129; x_wconf 84' lang='lat' dir='ltr'>(Silius</span> <span class='ocrx_word' id='word_1_81' title='bbox 873 2069 903 2127; x_wconf 68' lang='grc' dir='ltr'>Ξ,</span> <span class='ocrx_word' id='word_1_82' title='bbox 917 2068 965 2119; x_wconf 81' lang='lat' dir='ltr'>3l3</span> <span class='ocrx_word' id='word_1_83' title='bbox 983 2070 1009 2118; x_wconf 87' lang='lat' dir='ltr'>et</span> <span class='ocrx_word' id='word_1_84' title='bbox 1026 2068 1083 2118; x_wconf 77' lang='lat' dir='ltr'>tao.</span> <span class='ocrx_word' id='word_1_85' title='bbox 1102 2072 1175 2119; x_wconf 84' lang='lat' dir='ltr'>cruci</span> 
     </span>
     <span class='ocr_line' id='line_1_15' title="bbox 94 2140 1175 2205; baseline 0.004 -16"><span class='ocrx_word' id='word_1_86' title='bbox 94 2140 270 2205; x_wconf 81' lang='lat' dir='ltr'>demptionem</span> <span class='ocrx_word' id='word_1_87' title='bbox 298 2142 512 2202; x_wconf 83' lang='lat' dir='ltr'>decernendam,</span> <span class='ocrx_word' id='word_1_88' title='bbox 548 2154 614 2191; x_wconf 88' lang='lat' dir='ltr'>con·</span> <span class='ocrx_word' id='word_1_89' title='bbox 650 2142 760 2191; x_wconf 75' lang='lat' dir='ltr'>altinum</span> <span class='ocrx_word' id='word_1_90' title='bbox 784 2140 867 2202; x_wconf 76' lang='lat' dir='ltr'>dicit.)</span> <span class='ocrx_word' id='word_1_91' title='bbox 910 2143 1040 2203; x_wconf 84' lang='lat' dir='ltr'>Fuerunt,</span> <span class='ocrx_word' id='word_1_92' title='bbox 1070 2144 1116 2205; x_wconf 83' lang='lat' dir='ltr'>qui</span> <span class='ocrx_word' id='word_1_93' title='bbox 1140 2143 1175 2193; x_wconf 89' lang='lat' dir='ltr'>de</span> 
     </span>
     <span class='ocr_line' id='line_1_16' title="bbox 93 2213 1176 2279; baseline 0.006 -16"><span class='ocrx_word' id='word_1_94' title='bbox 93 2214 232 2277; x_wconf 60' lang='lat' dir='ltr'>firmassem</span> <span class='ocrx_word' id='word_1_95' title='bbox 269 2217 340 2279; x_wconf 88' lang='lat' dir='ltr'>quod</span> <span class='ocrx_word' id='word_1_96' title='bbox 376 2230 440 2267; x_wconf 86' lang='lat' dir='ltr'>cum</span> <span class='ocrx_word' id='word_1_97' title='bbox 472 2218 613 2266; x_wconf 81' lang='lat' dir='ltr'>assecutus</span> <span class='ocrx_word' id='word_1_98' title='bbox 651 2216 746 2264; x_wconf 87' lang='lat' dir='ltr'>totare</span> <span class='ocrx_word' id='word_1_99' title='bbox 759 2213 924 2274; x_wconf 86' lang='lat' dir='ltr'>dubitarent,</span> <span class='ocrx_word' id='word_1_100' title='bbox 942 2219 1101 2278; x_wconf 88' lang='lat' dir='ltr'>praesertim</span> <span class='ocrx_word' id='word_1_101' title='bbox 1114 2232 1176 2269; x_wconf 89' lang='lat' dir='ltr'>eum</span> 
     </span>
     <span class='ocr_line' id='line_1_17' title="bbox 94 2287 1177 2355; baseline 0.004 -17"><span class='ocrx_word' id='word_1_102' title='bbox 94 2293 172 2353; x_wconf 77' lang='lat' dir='ltr'>esset,</span> <span class='ocrx_word' id='word_1_103' title='bbox 197 2291 285 2341; x_wconf 82' lang='lat' dir='ltr'>voltus</span> <span class='ocrx_word' id='word_1_104' title='bbox 306 2292 436 2343; x_wconf 80' lang='lat' dir='ltr'>serenitas</span> <span class='ocrx_word' id='word_1_105' title='bbox 458 2303 489 2339; x_wconf 88' lang='lat' dir='ltr'>ac</span> <span class='ocrx_word' id='word_1_106' title='bbox 511 2288 614 2353; x_wconf 90' lang='lat' dir='ltr'>plenior</span> <span class='ocrx_word' id='word_1_107' title='bbox 651 2288 851 2350; x_wconf 80' lang='lat' dir='ltr'>antiquissimus</span> <span class='ocrx_word' id='word_1_108' title='bbox 874 2287 935 2338; x_wconf 85' lang='lat' dir='ltr'>belli</span> <span class='ocrx_word' id='word_1_109' title='bbox 953 2292 1043 2341; x_wconf 87' lang='lat' dir='ltr'>Punici</span> <span class='ocrx_word' id='word_1_110' title='bbox 1061 2294 1177 2355; x_wconf 81' lang='lat' dir='ltr'>scriptor</span> 
     </span>
     <span class='ocr_line' id='line_1_18' title="bbox 94 2361 1176 2429; baseline 0.004 -18"><span class='ocrx_word' id='word_1_111' title='bbox 94 2363 182 2415; x_wconf 83' lang='lat' dir='ltr'>fiducia</span> <span class='ocrx_word' id='word_1_112' title='bbox 202 2367 225 2415; x_wconf 86' lang='lat' dir='ltr'>ei</span> <span class='ocrx_word' id='word_1_113' title='bbox 243 2366 346 2416; x_wconf 77' lang='lat' dir='ltr'>rediit.»</span> <span class='ocrx_word' id='word_1_114' title='bbox 365 2365 426 2429; x_wconf 82' lang='lat' dir='ltr'>(Cir.</span> <span class='ocrx_word' id='word_1_115' title='bbox 441 2365 522 2413; x_wconf 88' lang='lat' dir='ltr'>etiam</span> <span class='ocrx_word' id='word_1_116' title='bbox 538 2363 613 2413; x_wconf 89' lang='lat' dir='ltr'>Hand</span> <span class='ocrx_word' id='word_1_117' title='bbox 652 2362 778 2425; x_wconf 80' lang='lat' dir='ltr'>Polybius</span> <span class='ocrx_word' id='word_1_118' title='bbox 803 2362 836 2411; x_wconf 87' lang='lat' dir='ltr'>de</span> <span class='ocrx_word' id='word_1_119' title='bbox 871 2361 960 2425; x_wconf 75' lang='lat' dir='ltr'>Reguli</span> <span class='ocrx_word' id='word_1_120' title='bbox 988 2363 1120 2427; x_wconf 80' lang='lat' dir='ltr'>legatione</span> <span class='ocrx_word' id='word_1_121' title='bbox 1148 2369 1176 2416; x_wconf 89' lang='lat' dir='ltr'>et</span> 
     </span>
     <span class='ocr_line' id='line_1_19' title="bbox 94 2434 1176 2503; baseline 0.004 -18"><span class='ocrx_word' id='word_1_122' title='bbox 94 2437 161 2488; x_wconf 79' lang='lat' dir='ltr'>lura.</span> <span class='ocrx_word' id='word_1_123' title='bbox 174 2441 206 2489; x_wconf 87' lang='grc' dir='ltr'>Π,</span> <span class='ocrx_word' id='word_1_124' title='bbox 220 2452 247 2503; x_wconf 92' lang='lat' dir='ltr'>p.</span> <span class='ocrx_word' id='word_1_125' title='bbox 260 2438 327 2501; x_wconf 79' lang='lat' dir='ltr'>aot.)</span> <span class='ocrx_word' id='word_1_126' title='bbox 347 2467 374 2475; x_wconf 91' lang='lat'><em>-</em></span> <span class='ocrx_word' id='word_1_127' title='bbox 392 2438 503 2501; x_wconf 74' lang='lat' dir='ltr'>comitio]</span> <span class='ocrx_word' id='word_1_128' title='bbox 523 2440 552 2487; x_wconf 88' lang='lat' dir='ltr'>Ut</span> <span class='ocrx_word' id='word_1_129' title='bbox 568 2452 614 2487; x_wconf 84' lang='lat' dir='ltr'>oa·</span> <span class='ocrx_word' id='word_1_130' title='bbox 652 2439 738 2487; x_wconf 88' lang='lat' dir='ltr'>morte</span> <span class='ocrx_word' id='word_1_131' title='bbox 751 2434 814 2487; x_wconf 88' lang='lat' dir='ltr'>nibil</span> <span class='ocrx_word' id='word_1_132' title='bbox 826 2436 920 2487; x_wconf 64' lang='lat' dir='ltr'>madal.</span> <span class='ocrx_word' id='word_1_133' title='bbox 948 2439 1058 2488; x_wconf 80' lang='lat' dir='ltr'>Accedit</span> <span class='ocrx_word' id='word_1_134' title='bbox 1069 2439 1176 2489; x_wconf 90' lang='lat' dir='ltr'>Diodori</span> 
     </span>
     <span class='ocr_line' id='line_1_20' title="bbox 94 2510 1174 2577; baseline 0.001 -15"><span class='ocrx_word' id='word_1_135' title='bbox 94 2513 145 2571; x_wconf 77' lang='lat' dir='ltr'>pitis</span> <span class='ocrx_word' id='word_1_136' title='bbox 158 2514 245 2563; x_wconf 83' lang='lat' dir='ltr'>minor</span> <span class='ocrx_word' id='word_1_137' title='bbox 261 2514 398 2563; x_wconf 82' lang='lat' dir='ltr'>dumtaxat</span> <span class='ocrx_word' id='word_1_138' title='bbox 414 2513 544 2563; x_wconf 73' lang='lat' dir='ltr'>eonsilium</span> <span class='ocrx_word' id='word_1_139' title='bbox 564 2512 614 2562; x_wconf 92' lang='lat' dir='ltr'>de·</span> <span class='ocrx_word' id='word_1_140' title='bbox 651 2514 713 2562; x_wconf 81' lang='lat' dir='ltr'>Ero.</span> <span class='ocrx_word' id='word_1_141' title='bbox 740 2510 774 2560; x_wconf 92' lang='lat' dir='ltr'>de</span> <span class='ocrx_word' id='word_1_142' title='bbox 795 2512 860 2560; x_wconf 89' lang='lat' dir='ltr'>Virt.</span> <span class='ocrx_word' id='word_1_143' title='bbox 885 2515 912 2560; x_wconf 87' lang='lat' dir='ltr'>et</span> <span class='ocrx_word' id='word_1_144' title='bbox 933 2513 983 2562; x_wconf 81' lang='lat' dir='ltr'>vit.</span> <span class='ocrx_word' id='word_1_145' title='bbox 1006 2512 1046 2563; x_wconf 83' lang='lat' dir='ltr'>at.</span> <span class='ocrx_word' id='word_1_146' title='bbox 1071 2526 1098 2577; x_wconf 91' lang='lat' dir='ltr'>p.</span> <span class='ocrx_word' id='word_1_147' title='bbox 1116 2514 1174 2563; x_wconf 77' lang='lat' dir='ltr'>tao.</span> 
     </span>
     <span class='ocr_line' id='line_1_21' title="bbox 94 2585 1174 2645; baseline 0.004 -12"><span class='ocrx_word' id='word_1_148' title='bbox 94 2585 138 2645; x_wconf 86' lang='lat' dir='ltr'>dit,</span> <span class='ocrx_word' id='word_1_149' title='bbox 153 2600 207 2637; x_wconf 91' lang='lat' dir='ltr'>nou</span> <span class='ocrx_word' id='word_1_150' title='bbox 219 2590 250 2637; x_wconf 94' lang='lat' dir='ltr'>ut</span> <span class='ocrx_word' id='word_1_151' title='bbox 260 2590 369 2637; x_wconf 81' lang='lat' dir='ltr'>senator</span> <span class='ocrx_word' id='word_1_152' title='bbox 380 2588 527 2636; x_wconf 71' lang='lat' dir='ltr'>amendam</span> <span class='ocrx_word' id='word_1_153' title='bbox 538 2588 611 2637; x_wconf 84' lang='lat' dir='ltr'>dixit.</span> <span class='ocrx_word' id='word_1_154' title='bbox 651 2586 740 2635; x_wconf 86' lang='lat' dir='ltr'>Weas.</span> <span class='ocrx_word' id='word_1_155' title='bbox 773 2586 955 2636; x_wconf 84' lang='lat' dir='ltr'>testimonium</span> <span class='ocrx_word' id='word_1_156' title='bbox 989 2587 1023 2636; x_wconf 84' lang='lat' dir='ltr'>de</span> <span class='ocrx_word' id='word_1_157' title='bbox 1060 2589 1174 2638; x_wconf 77' lang='lat' dir='ltr'>Marcia:</span> 
     </span>
    </p>

    <p class='ocr_par' dir='ltr' id='par_1_9' title="bbox 94 2656 1182 4275">
     <span class='ocr_line' id='line_1_22' title="bbox 121 2656 1177 2749; baseline 0.001 -38"><span class='ocrx_word' id='word_1_158' title='bbox 121 2660 158 2711; x_wconf 84' lang='lat' dir='ltr'>l9.</span> <span class='ocrx_word' id='word_1_159' title='bbox 177 2663 220 2711; x_wconf 77' lang='grc'>50.</span> <span class='ocrx_word' id='word_1_160' title='bbox 245 2662 320 2723; x_wconf 71' lang='lat' dir='ltr'>liqut</span> <span class='ocrx_word' id='word_1_161' title='bbox 336 2660 440 2724; x_wconf 71' lang='lat' dir='ltr'>sciebat]</span> <span class='ocrx_word' id='word_1_162' title='bbox 468 2663 562 2711; x_wconf 86' lang='lat' dir='ltr'>Cicero</span> <span class='ocrx_word' id='word_1_163' title='bbox 579 2661 613 2711; x_wconf 92' lang='lat' dir='ltr'>de</span> <span class='ocrx_word' id='word_1_164' title='bbox 650 2656 763 2729; x_wconf 69' lang='grc' dir='ltr'><strong><em>βαρέως</em></strong></span> <span class='ocrx_word' id='word_1_165' title='bbox 779 2663 913 2730; x_wconf 74' lang='grc' dir='ltr'><strong><em>φέρουσα</em></strong></span> <span class='ocrx_word' id='word_1_166' title='bbox 929 2656 982 2725; x_wconf 79' lang='grc' dir='ltr'>τὴν</span> <span class='ocrx_word' id='word_1_167' title='bbox 998 2656 1119 2749; x_wconf 61' lang='grc' dir='ltr'><em>τάνδρὸς</em></span> <span class='ocrx_word' id='word_1_168' title='bbox 1129 2676 1177 2712; x_wconf 77' lang='grc' dir='ltr'>τε·</span> 
     </span>
     <span class='ocr_line' id='line_1_23' title="bbox 95 2732 1177 2800; baseline 0.006 -19"><span class='ocrx_word' id='word_1_169' title='bbox 95 2733 160 2785; x_wconf 83' lang='lat' dir='ltr'>offic.</span> <span class='ocrx_word' id='word_1_170' title='bbox 179 2736 211 2795; x_wconf 89' lang='lat'>3,</span> <span class='ocrx_word' id='word_1_171' title='bbox 239 2736 288 2785; x_wconf 73' lang='lat' dir='ltr'>ad:</span> <span class='ocrx_word' id='word_1_172' title='bbox 318 2735 408 2798; x_wconf 77' lang='lat' dir='ltr'>Reguli</span> <span class='ocrx_word' id='word_1_173' title='bbox 426 2749 483 2785; x_wconf 76' lang='lat' dir='ltr'>cum</span> <span class='ocrx_word' id='word_1_174' title='bbox 498 2736 615 2786; x_wconf 65' lang='lat' dir='ltr'>vulubaat</span> <span class='ocrx_word' id='word_1_175' title='bbox 651 2732 772 2799; x_wconf 81' lang='grc' dir='ltr'><strong><em>λεατήν,</em></strong></span> <span class='ocrx_word' id='word_1_176' title='bbox 788 2738 837 2785; x_wconf 69' lang='grc' dir='ltr'>καὶ</span> <span class='ocrx_word' id='word_1_177' title='bbox 854 2736 1018 2800; x_wconf 74' lang='grc' dir='ltr'><strong><em>νομίσασα,</em></strong></span> <span class='ocrx_word' id='word_1_178' title='bbox 1035 2733 1067 2786; x_wconf 81' lang='lat' dir='ltr'>dt</span> <span class='ocrx_word' id='word_1_179' title='bbox 1093 2732 1177 2800; x_wconf 82' lang='grc' dir='ltr'>ἀμέ-</span> 
     </span>
     <span class='ocr_line' id='line_1_24' title="bbox 96 2803 1176 2881; baseline 0.006 -26"><span class='ocrx_word' id='word_1_180' title='bbox 96 2811 245 2871; x_wconf 81' lang='lat' dir='ltr'>rnctoritoe,</span> <span class='ocrx_word' id='word_1_181' title='bbox 263 2811 357 2871; x_wconf 80' lang='lat' dir='ltr'>captivi</span> <span class='ocrx_word' id='word_1_182' title='bbox 373 2811 462 2861; x_wconf 83' lang='lat' dir='ltr'>retenti</span> <span class='ocrx_word' id='word_1_183' title='bbox 473 2816 544 2869; x_wconf 59' lang='lat' dir='ltr'>aunt·</span> <span class='ocrx_word' id='word_1_184' title='bbox 562 2811 614 2873; x_wconf 78' lang='lat' dir='ltr'>ipae</span> <span class='ocrx_word' id='word_1_185' title='bbox 652 2807 751 2858; x_wconf 80' lang='grc' dir='ltr'><strong><em>λειαν</em></strong></span> <span class='ocrx_word' id='word_1_186' title='bbox 763 2803 854 2859; x_wconf 77' lang='grc' dir='ltr'><strong><em>αὐτὸν</em></strong></span> <span class='ocrx_word' id='word_1_187' title='bbox 865 2808 1059 2861; x_wconf 73' lang='grc' dir='ltr'><strong><em>ἐκλελοιπέναι</em></strong></span> <span class='ocrx_word' id='word_1_188' title='bbox 1069 2808 1104 2861; x_wconf 82' lang='grc' dir='ltr'>τὸ</span> <span class='ocrx_word' id='word_1_189' title='bbox 1115 2808 1176 2881; x_wconf 74' lang='grc' dir='ltr'>ζῇν,</span> 
     </span>
     <span class='ocr_line' id='line_1_25' title="bbox 94 2877 1178 2947; baseline 0.006 -18"><span class='ocrx_word' id='word_1_190' title='bbox 94 2881 268 2947; x_wconf 71' lang='lat' dir='ltr'>llmdcptnorn</span> <span class='ocrx_word' id='word_1_191' title='bbox 283 2885 375 2933; x_wconf 82' lang='lat' dir='ltr'>rediit:</span> <span class='ocrx_word' id='word_1_192' title='bbox 401 2896 480 2945; x_wconf 77' lang='lat' dir='ltr'>naono</span> <span class='ocrx_word' id='word_1_193' title='bbox 496 2898 553 2935; x_wconf 79' lang='lat' dir='ltr'>oum</span> <span class='ocrx_word' id='word_1_194' title='bbox 568 2898 615 2934; x_wconf 84' lang='lat' dir='ltr'>ca-</span> <span class='ocrx_word' id='word_1_195' title='bbox 651 2877 749 2933; x_wconf 64' lang='grc' dir='ltr'><strong><em>ἶπασε</em></strong></span> <span class='ocrx_word' id='word_1_196' title='bbox 767 2880 835 2945; x_wconf 75' lang='grc' dir='ltr'><strong><em>τοὺς</em></strong></span> <span class='ocrx_word' id='word_1_197' title='bbox 847 2881 929 2947; x_wconf 77' lang='grc' dir='ltr'><strong><em>υἱοὺς</em></strong></span> <span class='ocrx_word' id='word_1_198' title='bbox 940 2891 1098 2945; x_wconf 79' lang='grc' dir='ltr'><strong><em>κακουχεῖν</em></strong></span> <span class='ocrx_word' id='word_1_199' title='bbox 1108 2879 1178 2947; x_wconf 70' lang='grc' dir='ltr'>τούς</span> 
     </span>
     <span class='ocr_line' id='line_1_26' title="bbox 95 2956 1176 3022; baseline 0.004 -17"><span class='ocrx_word' id='word_1_200' title='bbox 95 2956 150 3005; x_wconf 77' lang='lat' dir='ltr'>riter</span> <span class='ocrx_word' id='word_1_201' title='bbox 170 2958 276 3019; x_wconf 78' lang='lat' dir='ltr'>patr-ine</span> <span class='ocrx_word' id='word_1_202' title='bbox 301 2958 406 3007; x_wconf 79' lang='lat' dir='ltr'>retinuit</span> <span class='ocrx_word' id='word_1_203' title='bbox 429 2971 474 3007; x_wconf 80' lang='lat' dir='ltr'>nec</span> <span class='ocrx_word' id='word_1_204' title='bbox 501 2972 612 3009; x_wconf 69' lang='lat' dir='ltr'>mmmm.</span> <span class='ocrx_word' id='word_1_205' title='bbox 651 2956 856 3022; x_wconf 75' lang='grc' dir='ltr'><strong><em>αἰχμαλώτους</em></strong></span> <span class='ocrx_word' id='word_1_206' title='bbox 872 2958 932 3009; x_wconf 80' lang='grc' dir='ltr'><strong><em>κτλ.</em></strong></span> <span class='ocrx_word' id='word_1_207' title='bbox 968 2962 1052 3011; x_wconf 89' lang='lat' dir='ltr'>Etiam</span> <span class='ocrx_word' id='word_1_208' title='bbox 1065 2962 1113 3011; x_wconf 87' lang='lat' dir='ltr'>Dio</span> <span class='ocrx_word' id='word_1_209' title='bbox 1129 2959 1145 3010; x_wconf 92' lang='lat' dir='ltr'>l.</span> <span class='ocrx_word' id='word_1_210' title='bbox 1158 2959 1176 3009; x_wconf 89' lang='lat' dir='ltr'>l.</span> 
     </span>
     <span class='ocr_line' id='line_1_27' title="bbox 95 3030 1178 3095; baseline 0.006 -18"><span class='ocrx_word' id='word_1_211' title='bbox 95 3030 191 3093; x_wconf 76' lang='lat' dir='ltr'>lt&#39;aque</span> <span class='ocrx_word' id='word_1_212' title='bbox 214 3044 290 3081; x_wconf 81' lang='lat' dir='ltr'>vero</span> <span class='ocrx_word' id='word_1_213' title='bbox 315 3036 375 3079; x_wconf 80' lang='lat' dir='ltr'>tum</span> <span class='ocrx_word' id='word_1_214' title='bbox 400 3032 569 3094; x_wconf 80' lang='lat' dir='ltr'>ipnorobat</span> <span class='ocrx_word' id='word_1_215' title='bbox 590 3046 615 3081; x_wconf 81' lang='lat' dir='ltr'>aa</span> <span class='ocrx_word' id='word_1_216' title='bbox 652 3032 722 3083; x_wconf 88' lang='lat' dir='ltr'>lama</span> <span class='ocrx_word' id='word_1_217' title='bbox 732 3032 870 3082; x_wconf 82' lang='lat' dir='ltr'>dumtaxat</span> <span class='ocrx_word' id='word_1_218' title='bbox 885 3036 952 3083; x_wconf 88' lang='lat' dir='ltr'>teste</span> <span class='ocrx_word' id='word_1_219' title='bbox 968 3035 1062 3083; x_wconf 85' lang='lat' dir='ltr'>utitur:</span> <span class='ocrx_word' id='word_1_220' title='bbox 1081 3035 1178 3095; x_wconf 78' lang='grc' dir='ltr'><strong><em>φασί-</em></strong></span> 
     </span>
     <span class='ocr_line' id='line_1_28' title="bbox 95 3099 1177 3172; baseline 0.005 -20"><span class='ocrx_word' id='word_1_221' title='bbox 95 3106 123 3152; x_wconf 82' lang='lat' dir='ltr'>ud</span> <span class='ocrx_word' id='word_1_222' title='bbox 141 3106 340 3156; x_wconf 58' lang='lat' dir='ltr'>motorium</span> <span class='ocrx_word' id='word_1_223' title='bbox 360 3106 452 3155; x_wconf 74' lang='lat' dir='ltr'>bostem</span> <span class='ocrx_word' id='word_1_224' title='bbox 472 3110 496 3154; x_wconf 82' lang='lat' dir='ltr'>et</span> <span class='ocrx_word' id='word_1_225' title='bbox 518 3108 551 3155; x_wconf 84' lang='lat' dir='ltr'>od</span> <span class='ocrx_word' id='word_1_226' title='bbox 568 3120 615 3157; x_wconf 68' lang='lat' dir='ltr'>ezu-</span> <span class='ocrx_word' id='word_1_227' title='bbox 652 3099 799 3168; x_wconf 62' lang='lat' dir='ltr'>eaor-dg</span> <span class='ocrx_word' id='word_1_228' title='bbox 815 3100 900 3155; x_wconf 80' lang='grc' dir='ltr'>καὶὸ</span> <span class='ocrx_word' id='word_1_229' title='bbox 923 3103 1009 3172; x_wconf 81' lang='grc' dir='ltr'><strong><em>λόγος</em></strong></span> <span class='ocrx_word' id='word_1_230' title='bbox 1026 3101 1094 3167; x_wconf 72' lang='grc' dir='ltr'><strong><em>ἔχει.</em></strong></span> <span class='ocrx_word' id='word_1_231' title='bbox 1124 3108 1177 3158; x_wconf 85' lang='lat' dir='ltr'>ctr.</span> 
     </span>
     <span class='ocr_line' id='line_1_29' title="bbox 95 3180 1176 3243; baseline 0 -13"><span class='ocrx_word' id='word_1_232' title='bbox 95 3180 179 3238; x_wconf 69' lang='lat' dir='ltr'>mirica</span> <span class='ocrx_word' id='word_1_233' title='bbox 199 3180 324 3242; x_wconf 68' lang='lat' dir='ltr'>napplicio</span> <span class='ocrx_word' id='word_1_234' title='bbox 342 3180 483 3243; x_wconf 70' lang='lat' dir='ltr'>proficisci,</span> <span class='ocrx_word' id='word_1_235' title='bbox 507 3182 550 3230; x_wconf 77' lang='lat' dir='ltr'>red</span> <span class='ocrx_word' id='word_1_236' title='bbox 566 3182 616 3230; x_wconf 80' lang='lat' dir='ltr'>lua-</span> <span class='ocrx_word' id='word_1_237' title='bbox 653 3182 733 3231; x_wconf 90' lang='lat' dir='ltr'>etiam</span> <span class='ocrx_word' id='word_1_238' title='bbox 751 3180 871 3229; x_wconf 87' lang='lat' dir='ltr'>Niebuhr</span> <span class='ocrx_word' id='word_1_239' title='bbox 893 3180 922 3229; x_wconf 86' lang='lat' dir='ltr'>lt.</span> <span class='ocrx_word' id='word_1_240' title='bbox 942 3182 972 3229; x_wconf 86' lang='lat' dir='ltr'>G.</span> <span class='ocrx_word' id='word_1_241' title='bbox 992 3180 1039 3230; x_wconf 89' lang='lat' dir='ltr'>Ed.</span> <span class='ocrx_word' id='word_1_242' title='bbox 1059 3182 1100 3231; x_wconf 89' lang='lat' dir='ltr'>tv.</span> <span class='ocrx_word' id='word_1_243' title='bbox 1119 3180 1176 3230; x_wconf 87' lang='lat' dir='ltr'>Vol.</span> 
     </span>
     <span class='ocr_line' id='line_1_30' title="bbox 95 3253 819 3317; baseline -0.003 -14"><span class='ocrx_word' id='word_1_244' title='bbox 95 3253 224 3303; x_wconf 73' lang='lat' dir='ltr'>iurandm</span> <span class='ocrx_word' id='word_1_245' title='bbox 242 3254 440 3303; x_wconf 69' lang='lat' dir='ltr'>ammomum</span> <span class='ocrx_word' id='word_1_246' title='bbox 453 3253 569 3315; x_wconf 73' lang='lat' dir='ltr'>putabet.</span> <span class='ocrx_word' id='word_1_247' title='bbox 586 3281 612 3290; x_wconf 95' lang='lat'>-</span> <span class='ocrx_word' id='word_1_248' title='bbox 653 3256 695 3304; x_wconf 90' lang='lat' dir='ltr'>tlt.</span> <span class='ocrx_word' id='word_1_249' title='bbox 714 3267 741 3317; x_wconf 89' lang='lat' dir='ltr'>p.</span> <span class='ocrx_word' id='word_1_250' title='bbox 762 3253 819 3302; x_wconf 82' lang='lat'><strong>706.</strong></span> 
     </span>
     <span class='ocr_line' id='line_1_31' title="bbox 97 3325 1180 3392; baseline -0.001 -15"><span class='ocrx_word' id='word_1_251' title='bbox 97 3325 191 3392; x_wconf 82' lang='lat' dir='ltr'>Tortor]</span> <span class='ocrx_word' id='word_1_252' title='bbox 211 3326 266 3378; x_wconf 85' lang='lat' dir='ltr'>Cir.</span> <span class='ocrx_word' id='word_1_253' title='bbox 287 3328 341 3378; x_wconf 88' lang='lat' dir='ltr'>Cic.</span> <span class='ocrx_word' id='word_1_254' title='bbox 360 3327 394 3377; x_wconf 88' lang='lat' dir='ltr'>de</span> <span class='ocrx_word' id='word_1_255' title='bbox 412 3327 460 3377; x_wconf 84' lang='lat' dir='ltr'>Oti.</span> <span class='ocrx_word' id='word_1_256' title='bbox 481 3328 510 3388; x_wconf 84' lang='lat' dir='ltr'>l,</span> <span class='ocrx_word' id='word_1_257' title='bbox 529 3328 569 3377; x_wconf 82' lang='grc'>43.</span> <span class='ocrx_word' id='word_1_258' title='bbox 589 3330 616 3377; x_wconf 87' lang='lat' dir='ltr'>et</span> <span class='ocrx_word' id='word_1_259' title='bbox 686 3330 726 3378; x_wconf 82' lang='lat' dir='ltr'>ot.</span> <span class='ocrx_word' id='word_1_260' title='bbox 754 3327 878 3390; x_wconf 80' lang='lat' dir='ltr'>Dirnovit]</span> <span class='ocrx_word' id='word_1_261' title='bbox 898 3327 1014 3377; x_wconf 81' lang='lat' dir='ltr'>«cedere</span> <span class='ocrx_word' id='word_1_262' title='bbox 1032 3326 1083 3377; x_wconf 80' lang='lat' dir='ltr'>eibi</span> <span class='ocrx_word' id='word_1_263' title='bbox 1103 3330 1180 3378; x_wconf 81' lang='lat' dir='ltr'>iussit</span> 
     </span>
     <span class='ocr_line' id='line_1_32' title="bbox 96 3398 1180 3466; baseline 0.003 -18"><span class='ocrx_word' id='word_1_264' title='bbox 96 3398 119 3457; x_wconf 80' lang='grc'>3,</span> <span class='ocrx_word' id='word_1_265' title='bbox 131 3403 169 3451; x_wconf 69' lang='lat' dir='ltr'>tl.</span> <span class='ocrx_word' id='word_1_266' title='bbox 184 3399 284 3451; x_wconf 78' lang='lat' dir='ltr'>Gellius</span> <span class='ocrx_word' id='word_1_267' title='bbox 295 3402 324 3461; x_wconf 86' lang='grc'>6,</span> <span class='ocrx_word' id='word_1_268' title='bbox 338 3400 366 3451; x_wconf 85' lang='lat' dir='ltr'>l:</span> <span class='ocrx_word' id='word_1_269' title='bbox 385 3401 506 3465; x_wconf 66' lang='lat' dir='ltr'>arpenn</span> <span class='ocrx_word' id='word_1_270' title='bbox 524 3402 616 3451; x_wconf 78' lang='lat' dir='ltr'>Tubero</span> <span class='ocrx_word' id='word_1_271' title='bbox 653 3402 778 3465; x_wconf 84' lang='lat' dir='ltr'>viamque</span> <span class='ocrx_word' id='word_1_272' title='bbox 796 3401 927 3466; x_wconf 76' lang='lat' dir='ltr'>aperire.»</span> <span class='ocrx_word' id='word_1_273' title='bbox 948 3428 974 3437; x_wconf 92' lang='lat'>-</span> <span class='ocrx_word' id='word_1_274' title='bbox 1000 3401 1106 3465; x_wconf 71' lang='lat' dir='ltr'>reditio]</span> <span class='ocrx_word' id='word_1_275' title='bbox 1124 3403 1180 3450; x_wconf 84' lang='lat' dir='ltr'>Nu-</span> 
     </span>
     <span class='ocr_line' id='line_1_33' title="bbox 95 3474 1182 3538; baseline 0.001 -16"><span class='ocrx_word' id='word_1_276' title='bbox 95 3474 241 3526; x_wconf 76' lang='lat' dir='ltr'>iadistoriia</span> <span class='ocrx_word' id='word_1_277' title='bbox 259 3476 351 3525; x_wconf 76' lang='lat' dir='ltr'>rodis-ro</span> <span class='ocrx_word' id='word_1_278' title='bbox 367 3476 549 3538; x_wconf 82' lang='lat' dir='ltr'>Kartltcpinern</span> <span class='ocrx_word' id='word_1_279' title='bbox 569 3490 617 3525; x_wconf 84' lang='lat' dir='ltr'>no-</span> <span class='ocrx_word' id='word_1_280' title='bbox 654 3487 760 3526; x_wconf 89' lang='lat' dir='ltr'>marum</span> <span class='ocrx_word' id='word_1_281' title='bbox 777 3475 845 3538; x_wconf 87' lang='lat' dir='ltr'>plur.</span> <span class='ocrx_word' id='word_1_282' title='bbox 858 3474 997 3538; x_wconf 84' lang='lat' dir='ltr'>praetulit,</span> <span class='ocrx_word' id='word_1_283' title='bbox 1016 3476 1079 3538; x_wconf 82' lang='lat' dir='ltr'>quia</span> <span class='ocrx_word' id='word_1_284' title='bbox 1094 3476 1182 3538; x_wconf 74' lang='lat' dir='ltr'>ingra-</span> 
     </span>
     <span class='ocr_line' id='line_1_34' title="bbox 94 3542 1180 3612; baseline 0.004 -19"><span class='ocrx_word' id='word_1_285' title='bbox 94 3548 171 3609; x_wconf 76' lang='lat' dir='ltr'>m&#39;rqoe</span> <span class='ocrx_word' id='word_1_286' title='bbox 188 3549 362 3610; x_wconf 71' lang='grc' dir='ltr'><strong><em>οαοοψίααοι</em></strong></span> <span class='ocrx_word' id='word_1_287' title='bbox 383 3550 464 3599; x_wconf 81' lang='lat' dir='ltr'>modia</span> <span class='ocrx_word' id='word_1_288' title='bbox 480 3542 617 3599; x_wconf 65' lang='lat' dir='ltr'>moucia-</span> <span class='ocrx_word' id='word_1_289' title='bbox 654 3550 748 3601; x_wconf 84' lang='lat' dir='ltr'>tissimi</span> <span class='ocrx_word' id='word_1_290' title='bbox 771 3550 829 3599; x_wconf 76' lang='lat' dir='ltr'>roni</span> <span class='ocrx_word' id='word_1_291' title='bbox 853 3551 881 3598; x_wconf 88' lang='lat' dir='ltr'>et</span> <span class='ocrx_word' id='word_1_292' title='bbox 897 3562 930 3598; x_wconf 87' lang='lat' dir='ltr'>ex</span> <span class='ocrx_word' id='word_1_293' title='bbox 946 3553 1022 3612; x_wconf 86' lang='lat' dir='ltr'>parte</span> <span class='ocrx_word' id='word_1_294' title='bbox 1039 3547 1180 3612; x_wconf 79' lang='lat' dir='ltr'>ambiguus</span> 
     </span>
     <span class='ocr_line' id='line_1_35' title="bbox 95 3620 914 3684; baseline 0.004 -15"><span class='ocrx_word' id='word_1_295' title='bbox 95 3625 141 3669; x_wconf 82' lang='lat' dir='ltr'>turn</span> <span class='ocrx_word' id='word_1_296' title='bbox 156 3624 272 3672; x_wconf 81' lang='lat' dir='ltr'>oPoartia</span> <span class='ocrx_word' id='word_1_297' title='bbox 289 3622 356 3673; x_wconf 85' lang='lat' dir='ltr'>dicit.</span> <span class='ocrx_word' id='word_1_298' title='bbox 380 3624 409 3672; x_wconf 87' lang='lat' dir='ltr'>ln</span> <span class='ocrx_word' id='word_1_299' title='bbox 420 3628 506 3681; x_wconf 76' lang='lat' dir='ltr'>atros,</span> <span class='ocrx_word' id='word_1_300' title='bbox 524 3624 614 3683; x_wconf 81' lang='lat' dir='ltr'>inquit,</span> <span class='ocrx_word' id='word_1_301' title='bbox 654 3624 749 3674; x_wconf 80' lang='lat' dir='ltr'>fuisset</span> <span class='ocrx_word' id='word_1_302' title='bbox 765 3620 914 3684; x_wconf 78' lang='lat' dir='ltr'>singularis.</span> 
     </span>
     <span class='ocr_line' id='line_1_36' title="bbox 96 3696 1182 3761; baseline 0.003 -18"><span class='ocrx_word' id='word_1_303' title='bbox 96 3698 276 3760; x_wconf 78' lang='lat' dir='ltr'>ttpmsundoa</span> <span class='ocrx_word' id='word_1_304' title='bbox 300 3697 414 3746; x_wconf 68' lang='lat' dir='ltr'>metros</span> <span class='ocrx_word' id='word_1_305' title='bbox 437 3710 494 3746; x_wconf 79' lang='lat' dir='ltr'>aum</span> <span class='ocrx_word' id='word_1_306' title='bbox 515 3697 617 3746; x_wconf 79' lang='lat' dir='ltr'>claude-</span> <span class='ocrx_word' id='word_1_307' title='bbox 687 3697 728 3746; x_wconf 79' lang='grc'>53.</span> <span class='ocrx_word' id='word_1_308' title='bbox 748 3696 879 3760; x_wconf 65' lang='lat' dir='ltr'>euentum]</span> <span class='ocrx_word' id='word_1_309' title='bbox 897 3698 929 3749; x_wconf 90' lang='lat' dir='ltr'>Ut</span> <span class='ocrx_word' id='word_1_310' title='bbox 943 3697 1182 3761; x_wconf 81' lang='lat' dir='ltr'>solebantpatroui</span> 
     </span>
     <span class='ocr_line' id='line_1_37' title="bbox 96 3768 1181 3833; baseline 0 -14"><span class='ocrx_word' id='word_1_311' title='bbox 96 3768 162 3831; x_wconf 78' lang='lat' dir='ltr'>bont,</span> <span class='ocrx_word' id='word_1_312' title='bbox 192 3785 225 3821; x_wconf 85' lang='lat' dir='ltr'>oe</span> <span class='ocrx_word' id='word_1_313' title='bbox 253 3772 298 3820; x_wconf 82' lang='lat' dir='ltr'>diu</span> <span class='ocrx_word' id='word_1_314' title='bbox 321 3776 395 3832; x_wconf 77' lang='lat' dir='ltr'>post,</span> <span class='ocrx_word' id='word_1_315' title='bbox 424 3770 467 3819; x_wconf 79' lang='lat' dir='ltr'>ubi</span> <span class='ocrx_word' id='word_1_316' title='bbox 495 3776 551 3820; x_wconf 81' lang='lat' dir='ltr'>erat</span> <span class='ocrx_word' id='word_1_317' title='bbox 576 3772 617 3820; x_wconf 86' lang='lat' dir='ltr'>oi-</span> <span class='ocrx_word' id='word_1_318' title='bbox 654 3768 782 3821; x_wconf 90' lang='lat' dir='ltr'>clientum</span> <span class='ocrx_word' id='word_1_319' title='bbox 806 3772 876 3820; x_wconf 84' lang='lat' dir='ltr'>inter</span> <span class='ocrx_word' id='word_1_320' title='bbox 901 3784 931 3822; x_wconf 84' lang='lat' dir='ltr'>se</span> <span class='ocrx_word' id='word_1_321' title='bbox 954 3770 1013 3823; x_wconf 83' lang='lat' dir='ltr'>lites</span> <span class='ocrx_word' id='word_1_322' title='bbox 1035 3773 1181 3833; x_wconf 80' lang='lat' dir='ltr'>transigere</span> 
     </span>
     <span class='ocr_line' id='line_1_38' title="bbox 95 3842 1182 3907; baseline 0.005 -16"><span class='ocrx_word' id='word_1_323' title='bbox 95 3854 131 3891; x_wconf 79' lang='lat' dir='ltr'>ma</span> <span class='ocrx_word' id='word_1_324' title='bbox 145 3845 182 3895; x_wconf 75' lang='lat' dir='ltr'>tol</span> <span class='ocrx_word' id='word_1_325' title='bbox 198 3846 399 3906; x_wconf 74' lang='lat' dir='ltr'>ardentisat&#39;mm,</span> <span class='ocrx_word' id='word_1_326' title='bbox 417 3850 517 3907; x_wconf 77' lang='lat' dir='ltr'>repente</span> <span class='ocrx_word' id='word_1_327' title='bbox 532 3846 617 3894; x_wconf 80' lang='lat' dir='ltr'>educe·</span> <span class='ocrx_word' id='word_1_328' title='bbox 654 3857 686 3893; x_wconf 85' lang='lat' dir='ltr'>ac</span> <span class='ocrx_word' id='word_1_329' title='bbox 704 3842 830 3893; x_wconf 87' lang='lat' dir='ltr'>decidere</span> <span class='ocrx_word' id='word_1_330' title='bbox 848 3844 921 3894; x_wconf 87' lang='lat' dir='ltr'>domi</span> <span class='ocrx_word' id='word_1_331' title='bbox 937 3858 1018 3905; x_wconf 86' lang='lat' dir='ltr'>suae,</span> <span class='ocrx_word' id='word_1_332' title='bbox 1043 3848 1182 3907; x_wconf 89' lang='lat' dir='ltr'>tamquam</span> 
     </span>
     <span class='ocr_line' id='line_1_39' title="bbox 96 3916 1182 3981; baseline 0 -14"><span class='ocrx_word' id='word_1_333' title='bbox 96 3916 149 3967; x_wconf 73' lang='lat' dir='ltr'>tant</span> <span class='ocrx_word' id='word_1_334' title='bbox 173 3924 197 3969; x_wconf 80' lang='lat' dir='ltr'>et</span> <span class='ocrx_word' id='word_1_335' title='bbox 219 3920 340 3969; x_wconf 73' lang='grc' dir='ltr'><strong><em>ααυααα</em></strong></span> <span class='ocrx_word' id='word_1_336' title='bbox 359 3920 423 3969; x_wconf 75' lang='lat' dir='ltr'>ictor</span> <span class='ocrx_word' id='word_1_337' title='bbox 442 3919 501 3968; x_wconf 77' lang='lat' dir='ltr'>tolia</span> <span class='ocrx_word' id='word_1_338' title='bbox 517 3919 617 3981; x_wconf 79' lang='lat' dir='ltr'>opport-</span> <span class='ocrx_word' id='word_1_339' title='bbox 654 3918 760 3978; x_wconf 86' lang='lat' dir='ltr'>arbitri,</span> <span class='ocrx_word' id='word_1_340' title='bbox 787 3918 865 3968; x_wconf 87' lang='lat' dir='ltr'>nullis</span> <span class='ocrx_word' id='word_1_341' title='bbox 881 3917 938 3967; x_wconf 83' lang='lat' dir='ltr'>aliis</span> <span class='ocrx_word' id='word_1_342' title='bbox 955 3918 1088 3970; x_wconf 85' lang='lat' dir='ltr'>iudicibus</span> <span class='ocrx_word' id='word_1_343' title='bbox 1105 3917 1182 3967; x_wconf 90' lang='lat' dir='ltr'>adbi-</span> 
     </span>
     <span class='ocr_line' id='line_1_40' title="bbox 95 3991 1182 4055; baseline 0 -14"><span class='ocrx_word' id='word_1_344' title='bbox 95 3996 142 4041; x_wconf 83' lang='lat' dir='ltr'>tum</span> <span class='ocrx_word' id='word_1_345' title='bbox 166 3992 325 4043; x_wconf 65' lang='lat' dir='ltr'>eminebant</span> <span class='ocrx_word' id='word_1_346' title='bbox 348 3996 424 4053; x_wconf 73' lang='lat' dir='ltr'>atoue</span> <span class='ocrx_word' id='word_1_347' title='bbox 448 3992 574 4042; x_wconf 74' lang='lat' dir='ltr'>intondm</span> <span class='ocrx_word' id='word_1_348' title='bbox 590 3994 617 4042; x_wconf 86' lang='lat' dir='ltr'>itt</span> <span class='ocrx_word' id='word_1_349' title='bbox 654 3992 730 4051; x_wconf 83' lang='lat' dir='ltr'>bitis;</span> <span class='ocrx_word' id='word_1_350' title='bbox 745 3992 771 4041; x_wconf 93' lang='lat' dir='ltr'>id</span> <span class='ocrx_word' id='word_1_351' title='bbox 783 3991 856 4055; x_wconf 89' lang='lat' dir='ltr'>quod</span> <span class='ocrx_word' id='word_1_352' title='bbox 864 3993 975 4054; x_wconf 91' lang='lat' dir='ltr'>propter</span> <span class='ocrx_word' id='word_1_353' title='bbox 983 3993 1071 4041; x_wconf 81' lang='lat' dir='ltr'>minus</span> <span class='ocrx_word' id='word_1_354' title='bbox 1080 3993 1182 4041; x_wconf 82' lang='lat' dir='ltr'>rectam</span> 
     </span>
     <span class='ocr_line' id='line_1_41' title="bbox 96 4064 1182 4129; baseline 0.005 -19"><span class='ocrx_word' id='word_1_355' title='bbox 96 4066 186 4115; x_wconf 81' lang='lat' dir='ltr'>coetum</span> <span class='ocrx_word' id='word_1_356' title='bbox 211 4068 295 4117; x_wconf 74' lang='lat' dir='ltr'>emtor</span> <span class='ocrx_word' id='word_1_357' title='bbox 320 4066 446 4129; x_wconf 77' lang='lat' dir='ltr'>repebant.</span> <span class='ocrx_word' id='word_1_358' title='bbox 482 4064 617 4129; x_wconf 78' lang='lat' dir='ltr'>Palpebras</span> <span class='ocrx_word' id='word_1_359' title='bbox 654 4065 741 4115; x_wconf 83' lang='lat' dir='ltr'>vossii</span> <span class='ocrx_word' id='word_1_360' title='bbox 775 4064 1022 4127; x_wconf 87' lang='lat' dir='ltr'>interpretationem</span> <span class='ocrx_word' id='word_1_361' title='bbox 1050 4064 1182 4128; x_wconf 69' lang='lat' dir='ltr'>(amatr)</span> 
     </span>
     <span class='ocr_line' id='line_1_42' title="bbox 96 4136 1181 4207; baseline -0.001 -18"><span class='ocrx_word' id='word_1_362' title='bbox 96 4150 189 4199; x_wconf 77' lang='lat' dir='ltr'>tuoque</span> <span class='ocrx_word' id='word_1_363' title='bbox 213 4142 281 4199; x_wconf 69' lang='grc' dir='ltr'><strong><em>αἀα,</em></strong></span> <span class='ocrx_word' id='word_1_364' title='bbox 310 4154 342 4189; x_wconf 81' lang='lat' dir='ltr'>na</span> <span class='ocrx_word' id='word_1_365' title='bbox 365 4140 496 4189; x_wconf 75' lang='lat' dir='ltr'>connivere</span> <span class='ocrx_word' id='word_1_366' title='bbox 520 4144 615 4207; x_wconf 73' lang='lat' dir='ltr'>posset,</span> <span class='ocrx_word' id='word_1_367' title='bbox 655 4139 822 4189; x_wconf 81' lang='lat' dir='ltr'>monendum</span> <span class='ocrx_word' id='word_1_368' title='bbox 838 4136 987 4187; x_wconf 88' lang='lat' dir='ltr'>videbatur.</span> <span class='ocrx_word' id='word_1_369' title='bbox 1007 4164 1034 4173; x_wconf 93' lang='lat'><em>-</em></span> <span class='ocrx_word' id='word_1_370' title='bbox 1048 4138 1131 4203; x_wconf 68' lang='lat' dir='ltr'>torpa]</span> <span class='ocrx_word' id='word_1_371' title='bbox 1149 4152 1181 4189; x_wconf 88' lang='lat' dir='ltr'>ae</span> 
     </span>
     <span class='ocr_line' id='line_1_43' title="bbox 96 4208 1002 4275; baseline -0.002 -14"><span class='ocrx_word' id='word_1_372' title='bbox 96 4222 191 4261; x_wconf 66' lang='lat' dir='ltr'>autom</span> <span class='ocrx_word' id='word_1_373' title='bbox 214 4228 245 4262; x_wconf 83' lang='grc' dir='ltr'>αα</span> <span class='ocrx_word' id='word_1_374' title='bbox 265 4215 381 4263; x_wconf 67' lang='lat' dir='ltr'>mmmm</span> <span class='ocrx_word' id='word_1_375' title='bbox 402 4214 517 4263; x_wconf 73' lang='lat' dir='ltr'>diductos</span> <span class='ocrx_word' id='word_1_376' title='bbox 533 4213 617 4262; x_wconf 78' lang='lat' dir='ltr'>tame-</span> <span class='ocrx_word' id='word_1_377' title='bbox 655 4214 800 4275; x_wconf 88' lang='lat' dir='ltr'>propterea</span> <span class='ocrx_word' id='word_1_378' title='bbox 817 4210 898 4260; x_wconf 86' lang='lat' dir='ltr'>taedii</span> <span class='ocrx_word' id='word_1_379' title='bbox 915 4208 1002 4274; x_wconf 88' lang='lat' dir='ltr'>plena.</span> 
     </span>
    </p>
   </div>
   <div class='ocr_carea' id='block_1_7' title="bbox 0 0 1478 4884">
    <p class='ocr_par' dir='ltr' id='par_1_10' title="bbox 0 0 1478 4884">
     <span class='ocr_line' id='line_1_44' title="bbox 0 0 1478 4884; baseline 0 0"><span class='ocrx_word' id='word_1_380' title='bbox 0 0 1478 4884; x_wconf 95' lang='lat' dir='ltr'> </span> 
     </span>
    </p>
   </div>
  </div>
 </body>
</html>
