2934 4884
517 395 575 447 uie.
595 395 637 445 lv.
673 396 701 445 C.
722 398 773 447 liv.

366 551 403 616 Et
425 560 552 616 veteres
573 550 738 617 revocavit
759 559 860 622 ortes.

281 708 343 773 Per
363 727 446 795 ques
467 706 614 773 Latinum
636 726 754 774 nomen
776 717 809 773 et
830 707 927 773 ltelae

279 827 420 894 Crevere
442 828 528 893 vires
551 826 700 913 famaque
724 838 757 893 et
777 828 891 915 imperi

322 949 474 1014 Porrecto
495 948 647 1014 maiestas
668 946 710 1013 ed
733 958 823 1014 ortus

344 1136 347 1145 ,
364 1066 448 1135 Solis
469 1066 512 1135 ab
533 1068 693 1155 Hesperio
714 1067 824 1135 cubili.
887 1146 896 1160 ἢ

283 1224 424 1291 Custode
447 1244 556 1291 rerum
580 1225 720 1291 Caesare
743 1245 809 1291 non
831 1225 921 1292 luror

280 1344 389 1411 Civilis
411 1353 466 1410 aut
486 1346 536 1411 vis
559 1345 666 1431 eriget
687 1346 803 1422 otium,

321 1466 391 1529 Non
413 1464 478 1541 ire,
505 1486 590 1552 qune
612 1464 764 1552 procudit
785 1486 883 1533 enses

175 1644 216 1693 to.
235 1643 402 1704 Ροοτοοιοᾳω
413 1642 441 1692 Τ.
456 1668 485 1679 -
504 1642 650 1705 orbenSl',
668 1656 709 1707 pr.
719 1641 749 1703 β,
762 1644 830 1705 bct,
849 1642 949 1704 ilenti..
967 1645 995 1695 F.
1008 1644 1163 1709 formed,

141 1719 185 1767 «et
201 1728 297 1767 omnes
314 1715 369 1765 lere
387 1716 485 1766 nostri»
503 1716 606 1777 Brnrn.)
626 1740 654 1753 -
675 1716 715 1766 ts.
735 1718 828 1767 enimn
848 1716 934 1779 bScd,
957 1718 1066 1770 Bentleii
1082 1720 1166 1785 pleri·

139 1803 209 1853 que,
236 1802 292 1839 ver.
311 1788 372 1839 lect.
390 1806 436 1855 γι,
455 1790 570 1840 Pettierii
586 1789 721 1853 plerique,
745 1792 824 1852 etri,
848 1792 973 1843 enidimet
993 1798 1117 1859 corrupte
1134 1798 1162 1847 Τ.

138 1863 235 1927 (exiget
244 1878 286 1928 γι,
305 1864 420 1913 Pottierli
433 1865 443 1913 t
456 1901 462 1925 ,
476 1863 504 1925 3,
518 1862 553 1924 9.)
566 1888 596 1900 -
615 1864 655 1913 to.
674 1864 766 1924 iraque
777 1879 842 1927 qaae
853 1867 881 1916 T.
898 1894 925 1903 —
934 1868 1053 1929 prodeat
1068 1881 1122 1932 mg.
1136 1871 1162 1919 S.

107 2034 169 2071 esse
195 2020 360 2071 monstravit.
401 2021 467 2070 Rem
492 2020 518 2069 in
544 2019 633 2069 medio
669 2020 845 2081 mestaque.
859 2021 1040 2084 Cicprolieb.
1050 2023 1125 2087 perd.
1136 2027 1194 2075 r.'l.

105 2094 234 2157 relinquit
250 2095 393 2156 Frenzius.)
411 2097 461 2145 Pro
479 2096 553 2144 certo
567 2108 632 2145 sene
672 2093 706 2143 de
718 2094 789 2143 Oret.
804 2096 835 2152 2,
847 2094 896 2144 39:
919 2096 947 2144 st
957 2098 1076 2147 maestas
1091 2102 1127 2147 est
1138 2112 1196 2149 atn-

107 2171 232 2220 llorntius
243 2168 277 2219 ed
288 2169 382 2219 lenum
399 2170 500 2219 tertiam
512 2167 633 2219 clausum
667 2168 766 2229 plitudo
784 2182 816 2217 ae
831 2169 941 2231 &gnam
954 2172 1079 2233 οίοίιαιῑε,
1102 2172 1197 2222 am

106 2244 245 2307 respicere
267 2256 319 2293 non
337 2243 435 2307 potuit,
463 2242 511 2293 sed
534 2242 632 2293 infinite
670 2242 778 2304 minuit,
806 2244 850 2302 nni
869 2245 1007 2293 anciram
1022 2246 1130 2295 bonnm
1145 2260 1196 2308 po-

106 2317 239 2380 significet
255 2316 322 2366 dues
333 2316 435 2380 priores
447 2315 632 2367 huiuscemodi
667 2316 723 2377 pali
748 2317 854 2366 Romani
881 2318 986 2367 nadidit
1005 2321 1056 2368 cet.
1088 2318 1193 2378 Quintil.

106 2390 292 2441 caerimonias.
313 2392 340 2439 ln
352 2391 484 2441 nummis:
497 2392 549 2441 lar.
561 2391 632 2442 cres.
670 2390 699 2450 l,
722 2390 751 2450 3,
773 2390 823 2440 35:
848 2392 968 2441 Maiestas
986 2397 1022 2442 est
1045 2392 1072 2441 ia
1089 2394 1196 2455 imperio

106 2464 182 2515 ovid.
192 2464 290 2524 Festi,
302 2465 358 2514 439.
372 2466 452 2515 lenus
461 2463 496 2515 de
505 2477 547 2515 se:
560 2467 634 2515 nwdo
671 2469 747 2524 atque
765 2465 793 2513 in
809 2466 876 2514 onmi
888 2467 977 2527 populi
988 2467 1095 2517 donant
1112 2467 1196 2529 diffl-

105 2551 220 2599 nannum
234 2538 360 2587 Patulcius
376 2539 441 2587 idem
455 2538 489 2588 Et
504 2540 578 2588 modo
589 2552 633 2588 en-
671 2543 729 2587 tate.
754 2564 782 2575 -
799 2539 932 2604 Porrecto]
957 2553 1030 2604 pros.
1050 2554 1090 2589 or.
1110 2538 1193 2589 «dile-

105 2614 193 2676 cripco
217 2612 314 2661 clance
336 2624 478 2661 meuoeor.
499 2640 526 2649 -
557 2613 634 2662 Ctneit
671 2614 742 2672 nte,
760 2616 930 2676 propagate.»
953 2638 981 2650 -
1008 2615 1043 2663 ad
1059 2613 1136 2677 mie]
1154 2614 1196 2663 Li-

106 2684 568 2750 Codiclsvnnderbmultisplacuit,
583 2686 631 2737 sed
670 2685 752 2735 brarii
769 2686 871 2737 lucilius
888 2687 915 2736 b.
933 2685 950 2737 l.
969 2690 1105 2737 mutarunt
1121 2698 1194 2737 num.

105 2759 191 2810 altere
208 2760 338 2823 scripture
349 2762 482 2823 Augustus
500 2760 557 2824 ipse
569 2774 634 2811 usus
669 2758 740 2823 plur.
759 2760 787 2810 ln
803 2759 965 2823 singularem
986 2760 1195 2823 frequentiorem

108 2836 151 2885 eet
162 2833 189 2881 in
201 2833 270 2883 lion.
280 2834 378 2895 Ancyr.
390 2859 417 2869 -
430 2833 485 2882 leni
494 2832 632 2894 bifrontes,
671 2847 754 2897 qunm
766 2837 867 2884 contro.
887 2835 940 2884 Cir.
951 2834 999 2884 nd.
1011 2834 1041 2895 3,
1053 2835 1098 2896 27,
1112 2836 1153 2883 ti.
1166 2858 1193 2870 -

106 2910 134 2957 et
154 2906 286 2957 imberbis
304 2910 331 2957 et
347 2906 489 2969 barbatus,
519 2911 582 2958 sunt
606 2909 633 2959 in
670 2908 925 2972 abllesperioeubilr]
944 2908 1121 2971 «eboccesu,
1140 2923 1195 2974 quo

106 2979 201 3033 lliiller
217 2981 322 3031 Dmkm.
344 2982 374 3031 V.
393 2983 423 3031 Ν.
442 2981 499 3031 327.
519 2982 576 3033 328.
671 2982 713 3032 Sol
731 2983 766 3033 ob
783 2984 893 3033 aethere
910 2982 1026 3033 velutin
1044 2982 1132 3034 cubile
1149 2984 1196 3034 de-

140 3056 251 3105 to-tn.
281 3056 369 3119 frma]
407 3056 532 3119 Tragicos
561 3056 634 3120 opud
670 3055 800 3106 scendit.»
836 3056 1009 3107 Mimnermus
1032 3057 1117 3119 Berglr
1133 3070 1194 3121 pog.

106 3128 371 3190 Cic.deOr.3,lt:
389 3130 555 3181 undanter
571 3135 634 3180 teet
670 3129 735 3179 3⁴8:
764 3125 821 3179 Τὸν
844 3128 899 3192 μὲν
919 3125 975 3197 γὰρ
997 3123 1126 3193 (Ἠέλιον)
1148 3126 1196 3181 διὰ

102 3204 285 3267 praefidentem
309 3203 352 3253 ttot
372 3204 513 3265 depriment
533 3205 634 3255 ualidae
670 3200 752 3268 κῦμα
784 3203 867 3270 φέρει
904 3199 1088 3272 πολυήρατος
1125 3198 1195 3269 εὐνὴ

106 3278 192 3342 legem
215 3278 326 3327 habenae
358 3282 433 3340 atque
456 3279 547 3339 imperi
570 3280 634 3328 inei-
670 3276 785 3343 Κωΐλη,
800 3271 960 3336 Ἡφαίστου
973 3277 1073 3345 χερσὶν
1091 3274 1196 3341 ἐληλα-

37 3380 40 3387 -
105 3356 172 3403 etent
188 3352 256 3414 ingo.
273 3379 301 3388 -
320 3351 441 3415 tinentiae]
461 3353 631 3414 «licentiam,
669 3353 744 3417 μένη
759 3346 880 3422 Χροσοῠ
899 3345 1052 3413 τιμήεντος
1067 3347 1128 3398 κτλ.

105 3440 176 3490 quoe
194 3424 330 3490 perbelle
349 3427 472 3477 intestine
489 3439 579 3477 mores
597 3426 633 3477 le·
704 3426 809 3476 ti-eo.
835 3424 952 3488 Cmtode]
970 3423 1018 3474 Od.
1037 3423 1067 3483 3,
1087 3422 1132 3485 tt,
1153 3425 1193 3475 lb.

105 3513 210 3563 gesque
227 3500 335 3564 impune
352 3499 477 3561 violaret,
500 3503 633 3563 Augustus
671 3500 719 3549 0d.
737 3498 767 3560 l,
786 3501 816 3559 n,
836 3499 868 3547 t:
894 3497 987 3559 optineo
1007 3497 1129 3557 landae
1145 3499 1196 3549 Ca-

108 3575 135 3624 in
162 3574 286 3623 ordinem
311 3574 398 3637 coegit
425 3574 632 3638 exstirpavitque
670 3578 719 3623 etos
734 3574 823 3635 geete.
843 3600 871 3609 -
898 3571 993 3635 exiget]
1011 3572 1097 3635 prime
1113 3571 1196 3633 signi-

105 3647 214 3713 culpns,
244 3648 337 3697 noxios
365 3648 468 3701 severis
497 3646 633 3712 suppliciis
671 3646 809 3697 flectione:
841 3643 986 3709 «expellet,
1017 3643 1194 3695 exturbabit-

105 3728 255 3781 coercens3
294 3721 437 3772 honestem
466 3720 632 3785 disciplinam
671 3720 748 3782 Quod
766 3734 829 3772 cum
846 3733 899 3770 non
915 3718 1105 3783 intelligerent,
1131 3719 1197 3769 scri·

106 3798 248 3848 restituite
271 3822 299 3833 -
317 3796 469 3860 comitque]
488 3796 632 3857 siesebi,
670 3797 783 3859 pserunt
808 3795 916 3854 emma,
954 3792 1027 3856 quod
1053 3794 1143 3841 temen
1167 3804 1193 3841 v.

106 3871 134 3931 3,
159 3870 207 3920 28:
236 3868 336 3919 limavit
357 3874 465 3919 veterem
490 3867 632 3932 (morbum)
671 3870 816 3933 usurpetur
826 3867 914 3931 potius
926 3866 960 3916 de
977 3865 1059 3916 rebus
1076 3865 1195 3928 ingratis,

104 3944 267 3993 narenontn.
284 3966 310 3979 -
329 3943 534 4005 veteres-artes]
554 3955 634 4006 upru-
671 3943 753 3994 veluti
773 3942 1126 4001 mentemmentdm,
1144 3939 1196 3988 ati-

106 4018 240 4077 dentinm.
268 4017 463 4077 tortitudinem,
492 4016 632 4077 iustitiam.
672 4029 745 4079 quen
761 4028 775 4065 e
789 4013 911 4074 anate,
938 4014 1070 4073 minin,
1091 4013 1197 4063 einins

106 4092 340 4156 temperantium.»
359 4092 451 4141 Senon.
672 4091 723 4140 oet.
751 4090 780 4139 et
810 4089 951 4152 preeteren
975 4098 1072 4150 prosse
1106 4086 1195 4149 potius

141 4164 253 4215 43-43.
271 4163 522 4227 imperi-maiestas]
549 4164 634 4214 Elium
671 4162 798 4213 cretionis
819 4160 895 4210 toret.
922 4187 950 4196 -
977 4161 1035 4209 Non
1049 4158 1100 4224 ira]
1118 4157 1196 4209 belli·

109 4238 211 4291 divise:
249 4239 383 4301 nepetam
408 4238 497 4302 pepini
528 4238 634 4289 lionmni
672 4250 712 4286 ce.
749 4233 953 4295 rib.t‚3,t7:
979 4234 1196 4295 Nonaeies,non
