2934 4884
674 374 803 424 nouam
828 372 998 425 canitiiitllt

497 530 585 597 Notis
607 528 737 596 condita
758 526 847 593 lastis
881 615 884 620 Ι

540 650 672 718 luclusit
692 648 835 715 volucris
857 647 937 713 dies.

455 813 527 890 Quo
550 810 628 896 lugit
648 828 766 884 venus,
790 804 868 883 heu,
891 825 1000 891 quove
1022 802 1134 871 color?
1156 803 1280 871 decens

455 934 527 1011 Quo
549 929 680 995 motus?
701 927 782 1015 quid
802 926 905 994 habes
925 925 1026 1003 illius,
1050 924 1152 1003 illius,

498 1054 590 1131 Quae
613 1048 758 1137 spirabat
780 1068 931 1121 amores,

541 1172 632 1251 Quae
654 1189 707 1235 me
729 1178 903 1255 surpuerat
923 1166 1015 1244 mihi,

458 1328 544 1395 Felix
567 1338 641 1415 post
664 1327 828 1401 Cinaram,
853 1335 994 1412 notaque
1016 1333 1048 1392 et
1070 1324 1186 1391 artium

354 1530 393 1577 11.
414 1539 509 1587 quoquc
526 1525 552 1575 d.
574 1552 601 1561 -
621 1524 660 1573 18.
679 1524 748 1572 color
764 1520 869 1571 mons?
886 1522 941 1583 Quo
961 1522 1053 1582 ruet.
1069 1550 1097 1558 —
1117 1522 1156 1572 to.
1173 1522 1293 1585 sperum
1308 1524 1340 1573 T.

287 1704 384 1766 inquit,
404 1703 445 1750 ute
463 1712 542 1750 ornas
560 1699 621 1749 Cois
638 1697 758 1749 vestibus
775 1701 815 1747 at-
850 1696 933 1747 diani:
953 1709 1038 1760 «quae
1055 1699 1184 1761 optimam
1200 1699 1255 1747 mei
1272 1702 1381 1761 partem

288 1790 341 1840 que
352 1772 509 1833 unionibus,
522 1786 576 1835 quo
588 1772 675 1821 iunior
685 1771 811 1822 videaris.
849 1770 940 1821 lurtim
956 1772 1021 1821 mihi
1038 1771 1204 1821 ademerat.»
1234 1770 1379 1836 lielequi-

287 1852 380 1913 Neque
403 1849 474 1897 enim
491 1847 659 1910 propositum
676 1848 753 1895 tuum
770 1847 813 1894 at·
850 1845 913 1895 dam
930 1846 1136 1909 iuter-pungunt:
1155 1844 1239 1894 milri?
1253 1846 1339 1896 Feltr.

287 1924 379 1987 tingis,
410 1934 472 1971 cum
489 1922 551 1983 dies,
577 1920 604 1970 id
626 1921 680 1979 est,
706 1922 814 1983 tempus
882 1918 970 1969 at-at.
990 1920 1126 1981 Fettnport
1137 1920 1266 1985 Cinaram]
1281 1920 1377 1982 «selu,

288 1997 366 2061 lugex
392 1996 541 2046 condiderit
565 1993 649 2046 semel
687 1993 744 2058 (ein
769 1994 815 2056 fur
849 1993 965 2043 maxime
989 1996 1100 2057 propter
1124 1992 1217 2043 laudes
1246 1995 1377 2051 sinceras,

287 2072 397 2135 atem)
416 2074 443 2121 et
460 2068 610 2129 incluserit,
629 2067 656 2118 id
674 2071 728 2129 est,
748 2080 814 2117 con·
849 2079 917 2129 quas
928 2069 990 2129 post
1003 2067 1127 2117 Cinaram
1144 2068 1201 2128 l0d.
1214 2068 1240 2128 1,
1256 2069 1283 2129 1,
1297 2068 1313 2118 3
1325 2069 1377 2131 sq.)

288 2148 408 2209 signarit,
445 2146 471 2196 in
496 2143 581 2203 lastis,
617 2144 662 2207 qui
687 2141 814 2193 omnibus
849 2141 902 2189 vita
920 2140 1074 2191 defunctam
1097 2140 1145 2191 tibi
1169 2142 1377 2206 impertionem,

288 2222 368 2272 nimis
385 2220 439 2269 noti
451 2220 524 2278 sunt,
543 2230 627 2268 annos
639 2220 711 2267 tuos:
731 2216 815 2279 siqui·
850 2218 878 2264 et
901 2218 1044 2279 propterea
1065 2216 1191 2267 omuibus
1211 2220 1275 2266 uota
1296 2220 1378 2280 atque

289 2295 353 2345 dam
378 2306 485 2354 omues,
521 2304 636 2356 quorum
666 2293 718 2341 hoc
744 2291 814 2341 scire
850 2291 988 2352 accepta.»
1025 2288 1098 2340 Multi
1125 2291 1175 2340 tria
1209 2293 1377 2341 constituunt

289 2370 415 2429 interest,
450 2366 534 2432 probe
566 2368 677 2427 norunt,
716 2363 814 2428 quibus
850 2362 985 2414 ἑπὶθεται
1009 2363 1088 2426 factes
1110 2365 1174 2427 felic
1196 2370 1307 2427 nomque
1318 2370 1379 2426 post

289 2441 445 2494 consulibus
462 2442 522 2491 nata
541 2440 577 2491 als
594 2442 713 2503 quotque
730 2451 814 2489 annos
851 2438 973 2487 Cinaram
996 2443 1020 2488 et
1044 2438 1142 2501 (iacies)
1167 2444 1306 2502 prmum
1329 2453 1379 2488 or-

290 2530 449 2568 nummes.»
484 2514 589 2565 Condito
616 2516 706 2564 autem
734 2515 814 2576 lungo
850 2512 930 2561 timo:
959 2511 1009 2562 sed
1033 2510 1104 2561 malo
1132 2515 1290 2563 construere
1312 2525 1377 2562 cum

289 2604 352 2642 cum
369 2604 394 2640 v.
413 2596 541 2651 ternpore,
561 2600 613 2638 nou
631 2600 694 2637 cum
709 2602 735 2637 v.
754 2588 813 2648 dies,
850 2584 985 2635 Bentleio:
1004 2590 1027 2635 st
1042 2590 1103 2636 noto
1119 2598 1227 2649 quoque
1238 2593 1377 2650 praem

289 2664 362 2729 quod
380 2676 459 2714 suurn
480 2661 563 2712 habet
583 2661 717 2711 ἐπίθετον
740 2663 815 2712 colu—
850 2660 946 2709 ortiwn
961 2659 1051 2722 summ,
1069 2659 1104 2709 ab
1116 2660 1241 2711 omuibus
1253 2660 1378 2711 celebra-

290 2740 351 2799 eu,
371 2750 421 2787 uec
440 2736 493 2785 duo
511 2736 617 2798 recipit,
637 2734 701 2785 dum
716 2749 742 2785 v.
755 2741 815 2785 tom
851 2737 891 2794 tu,
909 2732 998 2785 utOd.
1011 2734 1039 2794 2,
1053 2734 1083 2794 3,
1097 2734 1125 2783 6:
1144 2736 1224 2783 Notus
1239 2736 1266 2783 io
1281 2736 1379 2797 frames

285 2826 354 2875 pora
371 2824 403 2860 ex
421 2808 533 2859 aliorum
556 2810 679 2872 opinione
702 2807 747 2858 tali
769 2823 815 2859 ca·
850 2808 929 2858 onorii
951 2808 1061 2870 meni.
1090 2832 1119 2844 -·
1144 2809 1230 2872 [ocus]
1255 2810 1375 2861 Donatus

289 2886 355 2934 reat.
382 2881 443 2945 (Cir.
458 2882 605 2945 Hertzberg
617 2883 720 2932 Comm.
735 2885 813 2947 Prop.
850 2882 886 2932 ad
902 2883 1008 2932 Terent.
1026 2882 1091 2932 Eun.
1110 2883 1142 2943 3,
1155 2882 1184 2944 3,
1197 2884 1231 2932 t:
1250 2884 1271 2932 0
1286 2884 1378 2947 suem

290 2971 316 3022 p.
336 2956 412 3018 355..
439 2958 485 3019 qul
501 2958 572 3007 hanc
589 2956 729 3019 sequitur.)
757 2956 815 3007 Noli
847 2956 988 3019 pulchram
1012 2957 1124 3006 «taciem
1147 2950 1229 3007 modo
1245 2970 1301 3007 nou
1316 2972 1378 3021 par-

290 3032 406 3095 cogitara
425 3044 488 3081 cum
500 3028 631 3081 nonnullis
642 3029 685 3080 vel
697 3030 731 3081 de
749 3032 815 3081 sim·
851 3035 907 3081 tem
918 3032 1038 3095 corporis
1054 3031 1131 3092 dicit,
1150 3030 1200 3082 sed
1217 3034 1303 3081 totum
1314 3044 1377 3095 spe·

289 3104 404 3171 plicibus
428 3103 591 3155 Kaleuduriis
615 3102 658 3155 vel
684 3104 718 3154 de
744 3106 815 3156 Actis
851 3107 938 3167 ciem,
951 3107 1375 3168 quaeapporetetceruitur.·-

290 3180 403 3241 diurnis,
416 3179 465 3230 sed
478 3178 512 3229 de
522 3179 605 3229 Fastis
616 3177 813 3230 consularibus.
851 3179 947 3228 crtim
957 3178 1105 3242 Gratum]
1124 3180 1213 3239 «Quae
1224 3182 1302 3229 motu
1313 3194 1376 3229 ocu-

292 3282 320 3293 -
334 3256 419 3307 lliuus
428 3256 502 3304 recte
511 3256 600 3303 autem
609 3252 719 3316 quidam
728 3267 817 3318 nuper
851 3251 952 3311 lorum,
964 3250 1180 3315 superciliorum,
1193 3254 1309 3304 cervicis
1319 3252 1377 3316 pla·

289 3334 361 3379 notos
379 3330 459 3392 fastos
477 3326 595 3377 contudit
614 3340 676 3377 cum
696 3328 817 3377 memori-
852 3327 920 3375 cet.»
939 3326 1029 3375 Senot.
1049 3324 1155 3376 Codicis
1171 3325 1292 3377 Blaudiu.
1305 3326 1377 3390 apud

290 3404 417 3465 bossonis
434 3400 481 3452 0d.
499 3401 526 3462 3,
544 3402 588 3461 ll,
603 3400 627 3451 1.
647 3400 813 3463 θ11,11,1.
852 3402 880 3450 P.
893 3398 1025 3448 Nunnium
1041 3399 1157 3460 1113113,
1172 3399 1212 3448 ll.
1234 3399 1377 3451 Acsimili-

324 3477 434 3526 tt-ao.
452 3474 536 3539 uentu]
563 3474 690 3538 «pristina
706 3478 752 3525 tun
767 3488 816 3524 ve-
852 3477 894 3522 ter
910 3474 1015 3522 Corum.
1037 3474 1136 3537 Cruq.:
1165 3474 1255 3533 nouae
1277 3473 1375 3533 oculis,

290 3552 383 3601 uustas
401 3552 428 3601 et
444 3550 553 3613 gratiam
579 3574 607 3586 -
630 3550 729 3613 decem]
747 3548 814 3599 liele
852 3549 919 3597 nutu
934 3546 1151 3611 superciliorum,
1174 3549 1289 3599 cervicis
1304 3545 1378 3597 uolu-

290 3624 353 3677 olim
375 3637 437 3675 eum
463 3637 488 3674 v.
515 3624 584 3674 color
608 3622 814 3686 coniungebunt.
851 3620 965 3682 bilitate,
985 3623 1078 3685 capitis
1094 3623 1191 3685 gratia,
1208 3624 1290 3673 totius
1301 3622 1377 3673 deni-

290 3697 396 3759 Quintil.
415 3700 442 3759 1,
460 3698 567 3757 10,16;
592 3698 711 3758 Corporis
729 3698 816 3746 mnu
853 3708 905 3758 que
923 3697 1043 3759 corporis
1059 3696 1134 3746 motu
1156 3694 1272 3759 placet.»
1296 3696 1377 3745 Vide-

291 3778 314 3824 at
334 3778 408 3835 aptos
435 3777 528 3831 metm,
556 3772 600 3831 put
619 3772 712 3819 dicitur
731 3765 816 3840 eripu—
852 3772 896 3819 tur
913 3768 1206 3833 tameuamplectinon
1223 3768 1312 3820 solum
1329 3762 1376 3819 eti-

289 3848 373 3913 opta,
386 3852 421 3896 est
431 3845 593 3895 messarim.
607 3868 635 3880 -
650 3844 726 3904 illim,
740 3845 814 3909 1111111]
852 3842 978 3914 potiatur
1008 3844 1142 3907 corporis,
1176 3855 1272 3893 venam
1297 3844 1377 3892 etiam

290 3924 328 3973 Ex
345 3932 470 3971 sermone
488 3919 593 3983 poetico
611 3919 688 3981 quasi
703 3920 816 3969 coutun-
852 3920 939 3967 artem
949 3916 1081 3981 psallendi
1091 3916 1269 3979 canendique.
1284 3916 1336 3967 Cir,
1348 3928 1375 3965 v.

290 3996 390 4045 duntur
406 3993 770 4055 illiostpcesettlltussocict.
785 4020 814 4030 -
852 3992 876 4041 7.
903 3992 933 4041 lu
949 3990 991 4042 iiia
1008 3992 1080 4041 enim
1096 3989 1197 4041 ultimis
1213 4004 1258 4040 vv.
1274 3992 1376 4040 amicae

290 4068 437 4131 moeret]
464 4068 643 4132 surripuerat,
664 4068 692 4117 ut
712 4068 766 4116 Sat,
787 4067 813 4127 2,
852 4064 934 4115 iacies
942 4066 1177 4128 ettotupersoua‚
1193 4066 1224 4113 ut
1234 4064 1270 4114 itu
1278 4063 1375 4126 dicem,

288 4142 320 4201 3,
342 4142 407 4193 383ι
434 4144 545 4203 sospite,
569 4142 674 4192 Lucret.
695 4142 724 4201 3,
748 4140 813 4191 313ε
852 4138 1031 4189 contunditur.
1050 4164 1079 4175 —
1098 4137 1375 4201 Somnum-pom]

290 4226 406 4277 uapore,
441 4228 473 4265 er
499 4228 549 4265 usu
575 4216 706 4266 sermonis
731 4214 817 4278 quoti-
854 4212 957 4264 «donec
973 4212 1071 4264 allecta
1087 4214 1122 4263 sit
1137 4224 1212 4277 par.»
