2934 4884
503 386 562 436 nib.
581 386 613 434 ll.
649 386 678 435 C.
698 385 752 435 vu.

285 538 455 607 Oblivioso
475 538 561 606 levia
580 539 719 607 Massico

286 660 415 726 Ciboria
437 658 549 746 exple3
573 660 671 725 funde
694 658 869 746 capacibus

324 782 496 867 Unguenta
517 779 559 846 de
581 780 723 847 conchis.
769 780 849 861 Quis
873 780 936 846 udo

366 903 593 989 Deproperare
621 902 697 989 apio
719 920 858 967 coronas

282 1062 420 1125 Curatve
442 1059 572 1149 myrto?
592 1079 692 1147 quem
713 1060 821 1125 Venus
844 1058 998 1125 arbitrum
1157 1059 1198 1123 25

285 1180 380 1247 Dicet
399 1179 559 1247 bibendi?
579 1182 650 1246 Non
672 1200 734 1267 ego
757 1180 867 1245 sanius

327 1300 517 1367 bacchabor
537 1300 673 1367 Edonis:
696 1312 829 1389 recepto

116 1556 175 1605 dem
198 1566 313 1619 prorsus
334 1554 527 1603 renuntiatum
545 1552 641 1603 celeri·
678 1553 719 1612 2⁰,
731 1553 771 1603 tl:
782 1553 845 1615 Apio
853 1554 1107 1617 urolicmmdooesi.
1122 1554 1196 1604 Conl.

116 1634 179 1686 tate,
207 1641 293 1691 quarn
313 1628 383 1691 apud
405 1628 542 1678 Horatium
560 1628 642 1677 elficit
677 1626 817 1687 odoni,
836 1628 880 1687 36,
900 1627 940 1678 46.
959 1628 988 1687 4,
1008 1628 1051 1687 44,
1071 1629 1200 1679 3.-οο

114 1699 284 1753 ἀσύνδετον.
325 1701 412 1753 Nolim
434 1704 523 1752 tamen
546 1705 641 1765 putare
673 1700 821 1763 ονορονονο]
840 1714 970 1764 :propere
983 1704 1152 1763 contexere»,
1170 1704 1200 1751 ut

113 1792 174 1829 cnm
192 1778 352 1827 Scbnitzero
366 1777 407 1826 his
419 1777 582 1839 imperativis
592 1790 642 1839 pu·
676 1776 747 1837 virg.
766 1776 812 1823 Ge.
832 1773 861 1835 4,
882 1776 941 1824 tto:
963 1776 1078 1837 cyclum
1091 1776 1200 1839 sulm

113 1866 188 1901 emm
216 1865 232 1901 a
256 1851 356 1913 cyatho
372 1852 491 1900 excitari.
512 1878 541 1887 -
566 1852 640 1914 levio]
675 1848 1008 1911 memmerunt,
1028 1854 1079 1899 eet.

114 1926 225 1986 «lirini,
248 1926 276 1973 in
293 1928 370 1973 tunm
386 1924 517 1974 honorem
533 1924 641 1975 detersa
708 1924 749 1974 25.
772 1922 857 1985 Venus]
880 1922 906 1971 id
929 1925 982 1982 est,
1010 1924 1094 1972 iactus
1111 1923 1200 1971 Vene-

114 2014 145 2048 ac
160 1998 272 2062 polita.»
292 1996 351 2047 Noli
367 1996 488 2047 scribere
505 1998 595 2048 4οοο4ο.
611 2025 638 2034 -
676 2008 752 2057 reus,
771 1996 818 2045 ubi
835 1994 879 2045 tali
896 1998 1034 2058 quattuor,
1054 1995 1151 2058 quihus
1162 1995 1201 2045 lu·

116 2072 232 2135 Μοεείοο]
251 2072 278 2120 in
296 2072 449 2134 Campania.
676 2070 741 2119 dere
765 2068 899 2129 solebant,
927 2070 1050 2119 diversus
1072 2080 1200 2118 numeros

144 2148 185 2195 22.
198 2146 242 2194 23.
259 2144 369 2208 ciborio]
387 2144 475 2207 poculi
492 2158 577 2207 genus
592 2158 640 2195 ore
677 2145 713 2204 li,
732 2144 761 2203 3,
780 2142 809 2199 4,
829 2144 863 2203 6.)
888 2144 1069 2193 ostenderent.
1092 2142 1198 2191 lucian.

113 2217 641 2283 superinalato‚inlerinsangusto,inster
676 2220 767 2266 Amor.
792 2218 820 2265 T.
844 2218 868 2265 3.
892 2230 918 2279 p.
943 2217 1000 2265 304.
1018 2215 1123 2266 iacob:
1151 2216 1201 2264 nal

115 2294 192 2343 labae
207 2294 370 2356 Aegyptiae,
388 2292 640 2354 quamcolccasiam
676 2285 775 2350 βαλών
801 2288 856 2353 μὲν
883 2290 1041 2349 ἐπίσκοπα,
1073 2286 1201 2353 μάλιστα

113 2366 298 2431 appellabant,
322 2366 398 2416 cuins
415 2364 544 2417 folliculus
560 2380 640 2416 vaso-
675 2362 699 2413 δ’
717 2362 830 2414 εἴποτε
845 2360 899 2429 τὴν
915 2358 985 2414 θεὸν
1003 2358 1096 2429 αὐτὴν
1113 2358 1200 2423 εὐβο-

114 2456 173 2491 rum
190 2456 226 2491 ac
243 2440 403 2504 poculorum
414 2454 493 2491 naum
503 2442 640 2505 Aegyptiis
676 2438 786 2506 λήσειν,
805 2436 931 2505 μηδενὸς
947 2434 1130 2510 ἀστραγάλου
1148 2452 1199 2487 πε-

112 2515 279 2581 praestabat.
314 2514 461 2565 Grandiora
478 2516 642 2565 erantcibo-
676 2511 783 2576 σόντος
802 2511 855 2581 ἴσῳ
875 2509 1014 2578 σχήματι.
1043 2514 1108 2567 llire
1130 2508 1202 2582 πόρ-

113 2592 164 2649 ria‚
182 2591 308 2650 erpen.
330 2615 358 2624 -
376 2588 457 2652 ceph]
471 2587 592 2653 ample»,
610 2592 642 2639 ut
676 2606 729 2655 νης
739 2586 831 2649 βόλον
848 2592 952 2639 vocavit
963 2588 1116 2640 Menander.
1140 2587 1198 2637 Vid.

112 2680 128 2713 e
144 2665 226 2727 gloss.
245 2662 366 2713 habebat
382 2664 448 2713 Cod.
462 2664 563 2713 Faerni.
590 2665 641 2723 Qui
676 2666 755 2714 Orion
772 2664 936 2714 Schneider.
955 2676 981 2727 p.
1000 2664 1040 2713 76.
1054 2663 1202 2727 opponitur

115 2738 223 2798 ebibe,
238 2737 376 2797 exhauri»,
392 2734 565 2800 explicarunt,
578 2752 642 2787 con-
674 2740 798 2788 ooltmuc
823 2737 913 2801 (Plani.
939 2739 1016 2787 Curc.
1042 2738 1070 2798 2,
1095 2737 1124 2797 3,
1149 2737 1200 2798 48.)

113 2812 264 2862 suetudinis
276 2812 371 2860 aetatis
382 2811 540 2861 horatianae
552 2813 641 2861 minus
677 2815 734 2863 sive
756 2815 834 2863 canu.
864 2811 954 2863 Pollux
977 2812 1006 2875 9,
1034 2812 1063 2861 7:
1093 2811 1143 2860 nul
1167 2806 1202 2859 τὸ

112 2888 186 2949 gnari
209 2886 296 2935 erant.
337 2884 437 2934 Ennius
460 2886 551 2948 utique
569 2886 640 2950 apud
676 2886 731 2951 μὲν
752 2883 867 2952 μονάδα
889 2882 996 2951 δηλοῦν
1018 2887 1054 2949 (in
1077 2884 1202 2935 omnibus

112 2961 237 3009 Senium
255 2956 291 3007 ad
307 2958 374 3007 hen.
393 2959 423 3018 3,
441 2957 504 3008 me:
530 2960 643 3009 Navibus
679 2960 745 3022 talis)
768 2960 896 3011 καλεῖται
916 2956 1002 3011 κύων.
1039 2961 1150 3021 Propert
1172 2956 1201 3017 4,

113 3032 249 3095 explebunt
274 3044 325 3080 scae
350 3036 481 3092 temanum
505 3033 640 3094 replebunt.
678 3036 708 3095 8,
726 3034 772 3083 ta:
790 3035 832 3084 Mc
843 3033 1073 3097 quoqaupcrtalos
1086 3033 1203 3081 Venerem

116 3134 142 3142 -
158 3106 248 3169 made]
276 3106 334 3154 Non
358 3104 393 3154 dc
418 3105 544 3156 libatione
570 3109 643 3159 acci·
679 3113 812 3171 merente
827 3108 957 3168 ammius,
977 3108 1079 3168 smper
1089 3104 1203 3154 dammti

112 3181 258 3245 piendum,
282 3191 351 3241 quae
373 3179 435 3229 vino
456 3179 551 3240 flebat,
577 3182 641 3231 sed:
678 3182 813 3233 mutuare
829 3194 910 3229 conca.
947 3182 1030 3230 Huius
1051 3179 1134 3228 moris
1155 3178 1203 3227 tri-

114 3254 644 3305 «demndeincrinestuos.»-Conchoe
679 3256 827 3307 onesimum
850 3252 1002 3317 exemplum
1024 3251 1109 3302 habes
1131 3249 1203 3314 apud

114 3332 282 3377 autemvasa
295 3328 467 3389 unguentaria
479 3328 643 3378 concharum
679 3332 761 3381 Tacit.
779 3331 847 3380 Anu.
867 3328 910 3387 43,
934 3330 974 3379 tlt.
993 3328 1019 3376 in
1041 3326 1154 3375 Neronis
1177 3325 1204 3373 et

114 3402 231 3451 turmam
249 3400 401 3451 referentia.
431 3400 540 3452 llartial.
557 3402 581 3462 3,
600 3402 641 3463 82,
678 3405 823 3456 Britannici
841 3414 952 3465 regnum
965 3400 1025 3451 lusu
1036 3398 1203 3449 sortientium

116 3475 643 3538 mmtnteonwmnsurpatdevase
681 3492 774 3530 coena.
806 3477 858 3527 Cir.
879 3475 989 3525 Ernestii
1012 3472 1084 3523 clav.
1103 3472 1157 3521 Cio.
1176 3472 1204 3521 in

116 3550 303 3613 unguentario.
679 3567 705 3601 v.
731 3552 812 3601 Palm.
846 3550 950 3599 Bckker
971 3548 1066 3598 Gallus.
1090 3546 1120 3595 ll.
1147 3544 1201 3604 (ed.

147 3623 190 3672 23.
203 3622 246 3673 24.
264 3622 428 3687 urio-moin]
442 3617 550 3693 ιῦγρῷ,
568 3624 645 3673 lieni·
679 3626 734 3687 alt.)
754 3637 814 3689 pag.
833 3624 882 3674 noa
899 3636 959 3686 sqq.
980 3649 1007 3658 -
1026 3620 1105 3683 Dicet]
1121 3618 1205 3668 adesi-

116 3694 188 3745 bili.-
206 3697 319 3746 Theocr.
332 3698 361 3756 7,
374 3698 419 3748 68:
433 3693 644 3764 πολογνάμπτῳ
681 3700 772 3763 gnabit
788 3699 1036 3767 συμποσίαρχον.»

117 3783 147 3818 τε
158 3768 272 3835 σελίνῳ.
291 3770 403 3819 Videtur
413 3770 555 3834 significari
565 3769 645 3822 lieo-
713 3775 754 3823 27.
791 3773 885 3833 Edoni,
917 3772 1045 3821 Thraciae
1079 3767 1202 3833 populus,

118 3842 647 3907 velivou‚sumpscppich,quocoro·
681 3847 836 3897 Bacchiacis
868 3846 948 3908 orgiis
980 3846 1093 3895 deditus.
1132 3844 1206 3891 Non·

117 3918 252 3967 nubantur
267 3920 384 3969 victores
399 3921 426 3969 in
442 3918 511 3970 ludia
522 3920 646 3970 isthmia·
681 3919 744 3970 nulli
763 3918 896 3983 explicant
913 3919 947 3968 de
965 3916 1094 3977 Βάκχαις
1112 3917 1139 3964 ci
1150 3918 1205 3965 ter-

118 3993 172 4049 cis,
203 3994 296 4041 contra
324 3985 495 4061 ὀρεοοελ4νῳ
517 3995 643 4043 Nemeae.
681 3994 791 4043 minatio
814 3994 939 4043 leminina
964 3996 1017 4043 tam
1040 3994 1082 4040 est
1096 3984 1204 4053 Ἡδονὴ

117 4064 158 4114 Oh
175 4067 283 4125 gratum
299 4068 391 4117 autern
409 4067 522 4119 odorem
539 4070 646 4118 coronis
682 4080 764 4130 quam
778 4060 902 4128 Ἠόωνίς.
927 4067 1027 4115 Verum
1044 4066 1139 4127 poetae
1156 4065 1206 4112 La·

118 4137 259 4187 nectendis
276 4139 462 4191 adhibebatur.
490 4142 602 4192 Theocr.
615 4142 644 4201 3,
682 4137 1206 4203 tinibaccignitioationesemperdicunt

119 4212 165 4260 23:
176 4206 328 4277 εὖόδμοιοι
341 4212 471 4276 σελίνοις.
492 4214 555 4265 Ρ44ο.
571 4216 602 4264 ll.
612 4216 643 4263 ll.
680 4216 788 4275 Edonis,
807 4217 862 4266 ldis.
882 4216 1008 4265 Ceterum
1020 4215 1087 4267 haec
1100 4226 1206 4279 compa-
