2934 4884
638 371 766 421 nouerit
786 370 954 421 eleutrum

507 498 655 573 Laetitia,
677 499 832 564 moriture
855 496 952 571 Delli,

422 661 485 723 Seu
509 666 651 723 maestus
674 657 760 721 omni
784 666 929 743 ternpore
952 654 1087 726 vixeris,

422 781 486 843 Seu
509 788 540 844 te
562 779 595 842 in
618 787 742 843 remoto
765 776 908 863 gramine
931 796 991 863 per
1012 774 1083 839 dies

464 903 575 965 Festos
599 897 786 964 reclinatum
809 896 916 963 bearis

505 1020 661 1085 lnteriore
682 1029 758 1083 nota
781 1016 915 1083 Falerni.

420 1180 493 1257 Quo
515 1179 611 1265 pinus
634 1178 747 1265 ingens
769 1176 908 1263 albaque
935 1176 1073 1264 populus

314 1454 416 1574 ttlouo
433 1450 560 1509 Bbsl'cd,
586 1462 680 1499 omnes
696 1447 820 1508 Bentleii,
849 1450 895 1497 Ct:
926 1462 976 1511 quo
993 1450 1025 1508 L,
1045 1464 1060 1498 e
1079 1449 1197 1501 Lambini
1216 1451 1301 1502 (lodii.

277 1528 378 1585 Boot..
397 1528 430 1575 lt.

279 1777 303 1827 6.
321 1774 453 1837 moriture]
464 1774 591 1834 «Quando
603 1775 712 1837 quidem
724 1774 773 1825 tibi
810 1778 943 1826 commate
974 1778 1036 1839 post
1063 1790 1088 1824 v.
1118 1776 1220 1825 Falerni
1248 1777 1338 1840 posito

247 1862 356 1914 quoque
368 1848 539 1899 moriendum
550 1851 592 1899 est
602 1862 634 1898 ac
649 1852 774 1913 propter·
809 1852 946 1914 stropham
964 1851 1068 1901 tertiam
1085 1851 1195 1913 iungunt
1212 1864 1275 1901 cum
1290 1864 1339 1903 se-

244 1938 277 1975 ea
299 1922 363 1975 nuru
391 1926 416 1973 te
439 1925 529 1973 iuvant
548 1937 599 1973 neo
616 1923 773 1974 sollieitudi-
810 1923 911 1977 cunda:
925 1923 973 1974 sed
981 1926 1093 1988 propter
1104 1922 1242 1974 meliorem
1254 1926 1338 1976 totius

244 1996 771 2061 6666666666666166666.»666666
808 1999 911 2064 periodi
949 2000 1069 2063 poeticae
1107 2000 1338 2049 constructionem

244 2074 315 2124 hane
332 2073 501 2133 sententiam,
521 2084 590 2134 quae
603 2072 675 2137 apud
686 2074 772 2122 Hora-
809 2076 945 2137 praestare
963 2073 1069 2123 videtur
1086 2075 1176 2123 nostra
1189 2071 1336 2135 distinctio,

244 2148 310 2197 tium
328 2149 384 2197 tam
406 2146 504 2197 erebro
515 2148 657 2211 reperitur,
677 2149 716 2198 sic
727 2162 772 2199 ex·
808 2160 889 2210 quam
907 2148 1027 2211 sequitur
1044 2146 1125 2198 etiam
1140 2147 1164 2196 J.

242 2222 342 2286 pressit
366 2222 474 2273 Plautus
496 2222 620 2273 Bacchid.
646 2237 672 2272 v.
693 2225 724 2284 t,
744 2224 768 2283 6,
841 2222 865 2271 9.
886 2224 939 2284 (iao
951 2222 1037 2285 pinus]
1055 2223 1097 2271 Sic
1114 2220 1193 2271 Libri.
1220 2223 1277 2283 066
1298 2222 1339 2283 (ut

242 2297 290 2347 75:
308 2298 366 2346 Non
381 2296 426 2346 666
440 2298 674 2359 omnitenentem,
693 2310 770 2347 mno-
807 2296 855 2346 06.
874 2296 899 2358 3,
918 2296 942 2357 3,
962 2296 994 2347 66
1012 2298 1039 2347 et
1055 2296 1096 2358 36,
1118 2296 1159 2345 to.
1194 2294 1286 2347 Tibull.
1306 2297 1336 2367 2,

242 2369 282 2433 bo,
300 2372 343 2433 St,
362 2373 423 2421 6666
438 2373 523 2433 aiom,
542 2372 586 2421 tibi
603 2371 662 2422 bene
676 2373 768 2435 (odos,
807 2373 830 2433 6,
850 2371 901 2433 96.)
920 2383 935 2421 6
953 2372 1022 2421 coni.
1036 2371 1173 2421 dumtaxat
1183 2372 1335 2435 repositum

241 2446 299 2495 inm
311 2446 357 2507 pot
373 2446 400 2494 id
416 2446 516 2506 quidem
533 2459 590 2495 esse
616 2446 686 2495 6666
705 2460 770 2509 per-
806 2445 925 2505 uidetur¹
951 2446 999 2496 etsi
1017 2446 1161 2496 Lambinus
1178 2444 1261 2495 libros
1281 2458 1335 2509 ap-

242 2519 425 2582 tonptnpoom:
436 2520 609 2579 Neqoesttoc
619 2520 690 2569 66666
701 2522 770 2570 amt-
805 2518 894 2585 pellat.
908 2518 983 2570 Falso
991 2518 1069 2583 volgo
1078 2518 1222 2583 explicant:
1237 2520 1335 2571 «Ferre

242 2594 317 2653 sete,
340 2597 399 2655 post
425 2594 453 2641 in
468 2594 550 2642 Morte
573 2594 601 2641 id
622 2598 770 2645 sumerton
805 2594 868 2645 iube
885 2595 945 2644 vina
964 2606 1005 2657 eo,
1022 2594 1065 2643 obi
1083 2596 1165 2653 cet.»;
1190 2606 1242 2643 nec
1263 2606 1331 2644 vero

245 2680 295 2716 ease
316 2666 451 2727 mquam?
580 2699 584 2705 ·
806 2668 968 2732 iungendum
998 2671 1055 2719 erat
1082 2682 1145 2718 eum
1175 2668 1334 2731 praeeedd.‚

277 2741 302 2789 a.
321 2740 345 2789 6.
363 2738 481 2801 macro]
500 2739 553 2789 Cir.
572 2739 620 2789 0d.
638 2741 701 2801 Li,
716 2742 767 2803 tn,
806 2743 929 2793 videlieet
956 2744 1013 2795 siue
1048 2743 1254 2805 interrogatione
1283 2754 1335 2802 qao

242 2813 315 2864 uude
341 2813 422 2863 etiam
446 2813 489 2862 hic
515 2812 631 2862 nonnulli
655 2814 769 2865 Bellium
805 2820 937 2881 promise,
963 2831 1014 2867 nec
1032 2819 1086 2879 Quo
1102 2815 1335 2880 interpretandum

242 2886 407 2949 aegritudine
418 2887 500 2936 animi
511 2899 671 2950 oppressum
686 2889 768 2938 tuisse
806 2905 855 2953 quo
872 2892 933 2954 toci,
951 2894 981 2941 ut
998 2892 1040 2942 est
1056 2904 1120 2943 sane
1136 2890 1208 2954 apud
1226 2890 1280 2940 Cio.
1297 2890 1334 2940 de

243 2962 300 3012 stne
317 2963 392 3010 certo
409 2964 566 3025 argumento
583 2964 633 3012 rati
650 2965 719 3013 sunt.
739 2990 766 2999 -
806 2968 891 3017 Divin.
910 2968 940 3027 6,
960 2966 1005 3016 66;
1025 2978 1074 3027 quo
1091 2966 1171 3015 radic
1187 2964 1336 3015 666666666-

241 3036 268 3084 tn
284 3039 380 3084 rensoto
396 3035 521 3099 gramine]
547 3036 589 3086 «in
605 3039 682 3101 prato
703 3050 769 3101 pro-
805 3046 891 3101 tutor,
914 3040 1015 3102 idest,
1039 3040 1136 3090 «ubi».
1171 3038 1237 3089 Vide
1254 3037 1333 3087 iutra.

241 3112 303 3173 pter
329 3108 417 3173 ipsam
444 3107 615 3161 solitudinem
642 3114 768 3175 pergrato
806 3106 889 3169 Fingit
911 3108 989 3169 igitur
1011 3104 1062 3156 sibi
1085 3104 1174 3156 locum
1195 3104 1335 3155 amoenis-

242 3182 292 3244 illi,
324 3184 370 3247 qui
396 3183 535 3247 tranquille
565 3187 592 3234 et
619 3198 634 3233 a
660 3186 768 3236 nemine
806 3181 919 3241 simum,
939 3192 1021 3243 quero
1038 3177 1222 3243 contemplans
1238 3177 1265 3227 in
1283 3176 1334 3227 has

243 3256 426 3322 interpellatus
443 3260 536 3321 potare
554 3261 651 3322 eupit.»
805 3256 1025 3319 interrogationes
1035 3255 1193 3319 prorumpit.
1209 3278 1236 3289 -
1246 3250 1334 3315 pinio]

275 3332 300 3382 8.
318 3332 388 3396 nota]
406 3333 518 3382 Nomina
530 3332 686 3395 consulum,
708 3336 769 3397 qui-
806 3328 908 3391 ltalica‚
934 3328 1017 3389 Pints;
1042 3342 1111 3392 quae
1137 3327 1249 3377 arbores
1266 3338 1333 3376 saue

243 3406 295 3457 bus
310 3408 373 3457 nata
390 3408 467 3456 erant
482 3406 557 3468 vina,
581 3408 657 3458 cadis
674 3409 769 3460 inseri-
806 3405 927 3467 ingentes
936 3406 1034 3454 suntet
1045 3401 1123 3453 simul
1135 3396 1332 3467 ἀμφιλαφετςς

242 3480 384 3531 bebantur.
403 3483 459 3531 tam
477 3485 689 3532 cousentaneum
700 3485 767 3543 erat,
806 3478 840 3529 ci.
859 3480 935 3529 Voss.
956 3479 990 3529 ad
1001 3479 1071 3541 Virg.
1086 3476 1139 3529 Ecl.
1158 3478 1186 3537 7,
1206 3476 1255 3526 65:
1270 3474 1334 3537 pot-

242 3558 273 3603 ut
294 3554 321 3604 iu
343 3555 480 3617 apothecis
504 3554 563 3605 cadi
579 3557 634 3605 rint
651 3558 768 3608 recentis
805 3554 931 3603 crem
944 3554 1020 3614 pinus
1035 3553 1063 3601 tn
1079 3552 1164 3601 tortia.
1193 3576 1221 3587 —
1247 3562 1334 3611 popo-

243 3639 353 3691 semper
368 3632 534 3691 ponerentur
544 3632 605 3680 aute
616 3631 691 3694 prius
706 3644 771 3681 con·
805 3628 855 3691 lte]
889 3625 993 3693 (λεύκῃ)
1019 3625 1124 3689 Virgilio
1144 3623 1198 3676 Ecl·
1229 3624 1257 3684 9,
1284 3622 1331 3675 Ηῑ

244 3700 328 3761 dimi
352 3702 424 3752 unde
447 3704 542 3767 fiebat,
568 3708 600 3754 ut
620 3718 674 3768 quo
690 3707 769 3756 veta·
805 3702 930 3762 6666666,
944 3704 1010 3752 Aen.
1023 3702 1051 3763 8,
1065 3701 1126 3751 ato:
1145 3699 1246 3749 bicolor.
1267 3698 1334 3747 uce-

244 3773 325 3822 stiora
348 3780 439 3827 essent
459 3779 535 3839 vina,
563 3792 596 3830 eo
613 3778 716 3842 lougius
733 3779 768 3830 ab
806 3776 895 3825 tarum
921 3775 980 3839 lege
1006 3789 1069 3826 curn
1095 3774 1180 3824 Codd.
1207 3772 1332 3833 ottoque,

245 3845 313 3897 ostro
324 3852 416 3898 esseut
426 3855 529 3902 remota
542 3866 574 3904 ac
585 3852 770 3917 depromenda
807 3864 860 3900 non
878 3850 993 3913 666666,
1013 3853 1042 3900 ut
1058 3848 1202 3901 Lambinus
1214 3846 1335 3911 suspiee-

245 3933 279 3971 ex
300 3920 419 3971 interm
440 3924 515 3975 cella.
552 3929 618 3977 ilinc
641 3929 722 3979 etiam
740 3930 770 3978 66
806 3926 850 3973 tur
867 3938 899 3974 ex
917 3924 1000 3987 Epod.
1019 3926 1049 3985 6,
1069 3924 1114 3973 to:
1138 3920 1334 3973 summittat

244 3993 348 4043 maiore
361 3998 423 4044 note
439 3998 531 4048 Canall.
553 4001 595 4061 66,
613 4002 654 4052 28.
673 4003 769 4053 Curius
804 4000 916 4060 populos.
936 4000 1039 4063 Quippe
1054 3997 1117 4048 nihil
1130 3996 1247 4059 trigidius
1258 3998 1334 4045 esset

246 4078 290 4129 ap.
309 4067 364 4117 Cic.
383 4068 418 4117 ad
440 4070 511 4119 Fam.
537 4074 567 4134 7,
589 4075 636 4125 29:
663 4076 769 4138 Sotpieb
806 4074 911 4136 gemino
930 4072 972 4123 illo
989 4072 1111 4124 eiusdem
1132 4068 1333 4134 significationis

244 4143 379 4190 memori
393 4156 439 4193 nos
454 4145 485 4194 de
501 4146 603 4197 metm
620 4154 683 4198 noto
698 4164 768 4200 emn-
806 4149 923 4211 epitheto
950 4149 1037 4212 inpetis
1060 4148 1194 4207 aunem.»
1236 4144 1330 4193 Basra.

244 4214 344 4264 nmen.
364 4216 421 4267 t'id.
432 4218 589 4270 Exeumum.
605 4246 632 4257 -
646 4223 768 4275 Nonnulli
805 4225 891 4287 Atque
909 4223 981 4273 idem
999 4228 1040 4275 est
1056 4222 1182 4272 iudicium
1194 4218 1293 4268 Heiusii
1305 4218 1332 4267 in
