<?xml version="1.0" encoding="UTF-8"?>
<!DOCTYPE html PUBLIC "-//W3C//DTD XHTML 1.0 Transitional//EN"
    "http://www.w3.org/TR/xhtml1/DTD/xhtml1-transitional.dtd">
<html xmlns="http://www.w3.org/1999/xhtml" xml:lang="en" lang="en">
 <head>
  <title>
</title>
<meta http-equiv="Content-Type" content="text/html;charset=utf-8" />
  <meta name='ocr-system' content='tesseract 3.04.00' />
  <meta name='ocr-capabilities' content='ocr_page ocr_carea ocr_par ocr_line ocrx_word'/>
</head>
<body>
  <div class='ocr_page' id='page_1' title='image "./qhoratiusflaccu04baitgoog_0341.png"; bbox 0 0 2934 4884; ppageno 0'>
   <div class='ocr_carea' id='block_1_1' title="bbox 506 376 776 429">
    <p class='ocr_par' dir='ltr' id='par_1_1' title="bbox 506 376 776 429">
     <span class='ocr_line' id='line_1_1' title="bbox 506 376 776 429; baseline 0.011 -3"><span class='ocrx_word' id='word_1_1' title='bbox 506 376 565 426; x_wconf 79' lang='lat' dir='ltr'><strong>sla.</strong></span> <span class='ocrx_word' id='word_1_2' title='bbox 584 376 614 426; x_wconf 93' lang='lat' dir='ltr'><strong>ll.</strong></span> <span class='ocrx_word' id='word_1_3' title='bbox 651 379 680 426; x_wconf 86' lang='lat' dir='ltr'><strong>C.</strong></span> <span class='ocrx_word' id='word_1_4' title='bbox 700 377 776 429; x_wconf 73' lang='lat' dir='ltr'><strong>svn.</strong></span> 
     </span>
    </p>
   </div>
   <div class='ocr_carea' id='block_1_2' title="bbox 249 529 958 981">
    <p class='ocr_par' dir='ltr' id='par_1_2' title="bbox 249 529 958 981">
     <span class='ocr_line' id='line_1_2' title="bbox 251 529 887 620; baseline 0.013 -26"><span class='ocrx_word' id='word_1_5' title='bbox 251 529 299 596; x_wconf 89' lang='lat' dir='ltr'><strong>He</strong></span> <span class='ocrx_word' id='word_1_6' title='bbox 322 550 383 596; x_wconf 90' lang='lat' dir='ltr'><strong>nec</strong></span> <span class='ocrx_word' id='word_1_7' title='bbox 406 529 594 596; x_wconf 80' lang='lat' dir='ltr'><strong>Chimaerae</strong></span> <span class='ocrx_word' id='word_1_8' title='bbox 618 533 751 618; x_wconf 88' lang='lat' dir='ltr'><strong>spiritus</strong></span> <span class='ocrx_word' id='word_1_9' title='bbox 773 534 887 620; x_wconf 78' lang='lat' dir='ltr'><strong>igneae</strong></span> 
     </span>
     <span class='ocr_line' id='line_1_3' title="bbox 249 650 902 744; baseline 0.012 -31"><span class='ocrx_word' id='word_1_10' title='bbox 249 651 327 726; x_wconf 83' lang='lat' dir='ltr'><strong>Nec,</strong></span> <span class='ocrx_word' id='word_1_11' title='bbox 351 650 378 716; x_wconf 89' lang='lat' dir='ltr'><strong>si</strong></span> <span class='ocrx_word' id='word_1_12' title='bbox 402 661 564 738; x_wconf 74' lang='lat' dir='ltr'><strong>resurgat,</strong></span> <span class='ocrx_word' id='word_1_13' title='bbox 588 652 791 720; x_wconf 78' lang='lat' dir='ltr'><strong>centimanus</strong></span> <span class='ocrx_word' id='word_1_14' title='bbox 814 655 902 744; x_wconf 81' lang='lat' dir='ltr'><strong>Gyas</strong></span> 
     </span>
     <span class='ocr_line' id='line_1_4' title="bbox 291 769 830 861; baseline 0.013 -27"><span class='ocrx_word' id='word_1_15' title='bbox 291 769 429 836; x_wconf 88' lang='lat' dir='ltr'><strong>Divellet</strong></span> <span class='ocrx_word' id='word_1_16' title='bbox 454 790 616 858; x_wconf 90' lang='lat' dir='ltr'><strong>unquam:</strong></span> <span class='ocrx_word' id='word_1_17' title='bbox 641 773 687 840; x_wconf 91' lang='lat' dir='ltr'><strong>sic</strong></span> <span class='ocrx_word' id='word_1_18' title='bbox 709 776 830 861; x_wconf 91' lang='lat' dir='ltr'><strong>potenti</strong></span> 
     </span>
     <span class='ocr_line' id='line_1_5' title="bbox 335 889 958 981; baseline 0.016 -27"><span class='ocrx_word' id='word_1_19' title='bbox 335 890 478 956; x_wconf 89' lang='lat' dir='ltr'><strong>iustitiae</strong></span> <span class='ocrx_word' id='word_1_20' title='bbox 500 889 718 981; x_wconf 87' lang='lat' dir='ltr'><strong>placitumque</strong></span> <span class='ocrx_word' id='word_1_21' title='bbox 742 897 860 963; x_wconf 86' lang='lat' dir='ltr'><strong>Parcis.</strong></span> <span class='ocrx_word' id='word_1_22' title='bbox 952 892 958 901; x_wconf 83' lang='grc'><strong>’</strong></span> 
     </span>
    </p>
   </div>
   <div class='ocr_carea' id='block_1_3' title="bbox 248 1047 925 1140">
    <p class='ocr_par' dir='ltr' id='par_1_3' title="bbox 248 1047 925 1140">
     <span class='ocr_line' id='line_1_6' title="bbox 248 1047 925 1140; baseline 0.009 -27"><span class='ocrx_word' id='word_1_23' title='bbox 248 1050 314 1114; x_wconf 93' lang='lat' dir='ltr'><strong>Seu</strong></span> <span class='ocrx_word' id='word_1_24' title='bbox 336 1047 432 1114; x_wconf 92' lang='lat' dir='ltr'><strong>Libra</strong></span> <span class='ocrx_word' id='word_1_25' title='bbox 456 1067 514 1114; x_wconf 89' lang='lat' dir='ltr'><strong>seu</strong></span> <span class='ocrx_word' id='word_1_26' title='bbox 537 1069 589 1114; x_wconf 91' lang='lat' dir='ltr'><strong>me</strong></span> <span class='ocrx_word' id='word_1_27' title='bbox 611 1051 765 1140; x_wconf 91' lang='lat' dir='ltr'><strong>Scorpios</strong></span> <span class='ocrx_word' id='word_1_28' title='bbox 787 1053 925 1140; x_wconf 87' lang='lat' dir='ltr'><strong>adspicit</strong></span> 
     </span>
    </p>
   </div>
   <div class='ocr_carea' id='block_1_4' title="bbox 152 1234 1175 1446">
    <p class='ocr_par' dir='ltr' id='par_1_4' title="bbox 152 1234 1175 1446">
     <span class='ocr_line' id='line_1_7' title="bbox 189 1234 1175 1310; baseline 0.016 -27"><span class='ocrx_word' id='word_1_29' title='bbox 189 1236 227 1286; x_wconf 85' lang='lat' dir='ltr'><strong>ll.</strong></span> <span class='ocrx_word' id='word_1_30' title='bbox 246 1236 320 1300; x_wconf 65' lang='lat' dir='ltr'><strong>etqua</strong></span> <span class='ocrx_word' id='word_1_31' title='bbox 340 1234 466 1295; x_wconf 80' lang='lat' dir='ltr'><strong>ltbSTed,</strong></span> <span class='ocrx_word' id='word_1_32' title='bbox 486 1237 550 1286; x_wconf 91' lang='lat' dir='ltr'><strong>item</strong></span> <span class='ocrx_word' id='word_1_33' title='bbox 567 1237 675 1287; x_wconf 79' lang='lat' dir='ltr'><strong>Bentleii</strong></span> <span class='ocrx_word' id='word_1_34' title='bbox 693 1241 721 1289; x_wconf 87' lang='lat' dir='ltr'><strong>et</strong></span> <span class='ocrx_word' id='word_1_35' title='bbox 739 1242 803 1289; x_wconf 86' lang='lat' dir='ltr'><strong>Polt.</strong></span> <span class='ocrx_word' id='word_1_36' title='bbox 823 1253 931 1302; x_wconf 88' lang='lat' dir='ltr'><strong>omnes,</strong></span> <span class='ocrx_word' id='word_1_37' title='bbox 951 1245 995 1303; x_wconf 85' lang='lat' dir='ltr'><strong>ct,</strong></span> <span class='ocrx_word' id='word_1_38' title='bbox 1015 1247 1096 1310; x_wconf 64' lang='grc' dir='ltr'><strong><em>(ἕνον</em></strong></span> <span class='ocrx_word' id='word_1_39' title='bbox 1113 1261 1175 1299; x_wconf 89' lang='lat' dir='ltr'><strong>cum</strong></span> 
     </span>
     <span class='ocr_line' id='line_1_8' title="bbox 152 1309 1173 1377; baseline 0.01 -17"><span class='ocrx_word' id='word_1_40' title='bbox 152 1311 255 1360; x_wconf 86' lang='lat' dir='ltr'><strong>Hureto</strong></span> <span class='ocrx_word' id='word_1_41' title='bbox 273 1309 406 1360; x_wconf 78' lang='lat' dir='ltr'><strong>bentleius</strong></span> <span class='ocrx_word' id='word_1_42' title='bbox 416 1312 452 1360; x_wconf 80' lang='lat' dir='ltr'><strong>,et</strong></span> <span class='ocrx_word' id='word_1_43' title='bbox 469 1311 494 1360; x_wconf 83' lang='lat' dir='ltr'><strong>F.</strong></span> <span class='ocrx_word' id='word_1_44' title='bbox 510 1312 549 1372; x_wconf 68' lang='lat' dir='ltr'><strong>(Ut</strong></span> <span class='ocrx_word' id='word_1_45' title='bbox 560 1324 617 1372; x_wconf 88' lang='lat' dir='ltr'><strong>uos,</strong></span> <span class='ocrx_word' id='word_1_46' title='bbox 632 1313 709 1374; x_wconf 80' lang='lat' dir='ltr'><strong>llll.)</strong></span> <span class='ocrx_word' id='word_1_47' title='bbox 726 1341 752 1350; x_wconf 92' lang='lat'>-</span> <span class='ocrx_word' id='word_1_48' title='bbox 767 1316 806 1362; x_wconf 81' lang='lat' dir='ltr'><strong>ti.</strong></span> <span class='ocrx_word' id='word_1_49' title='bbox 825 1316 942 1377; x_wconf 79' lang='lat' dir='ltr'><strong>Scorpios</strong></span> <span class='ocrx_word' id='word_1_50' title='bbox 954 1318 974 1366; x_wconf 89' lang='lat' dir='ltr'>B</span> <span class='ocrx_word' id='word_1_51' title='bbox 986 1323 1014 1368; x_wconf 88' lang='lat' dir='ltr'><strong>et</strong></span> <span class='ocrx_word' id='word_1_52' title='bbox 1025 1321 1173 1372; x_wconf 83' lang='lat' dir='ltr'><strong>Bentleius:</strong></span> 
     </span>
     <span class='ocr_line' id='line_1_9' title="bbox 153 1377 517 1446; baseline -0.003 -13"><span class='ocrx_word' id='word_1_53' title='bbox 153 1386 275 1446; x_wconf 79' lang='lat' dir='ltr'><strong>scurpiaia</strong></span> <span class='ocrx_word' id='word_1_54' title='bbox 289 1377 392 1444; x_wconf 79' lang='lat' dir='ltr'><strong>barca,</strong></span> <span class='ocrx_word' id='word_1_55' title='bbox 411 1385 517 1436; x_wconf 74' lang='lat' dir='ltr'><strong>actim.</strong></span> 
     </span>
    </p>
   </div>
   <div class='ocr_carea' id='block_1_5' title="bbox 119 1541 1285 4280">
    <p class='ocr_par' dir='ltr' id='par_1_5' title="bbox 119 1541 1285 3238">
     <span class='ocr_line' id='line_1_10' title="bbox 121 1541 1208 1617; baseline 0.015 -27"><span class='ocrx_word' id='word_1_56' title='bbox 121 1555 196 1592; x_wconf 89' lang='lat' dir='ltr'><strong>rores</strong></span> <span class='ocrx_word' id='word_1_57' title='bbox 218 1544 246 1592; x_wconf 88' lang='lat' dir='ltr'><strong>et</strong></span> <span class='ocrx_word' id='word_1_58' title='bbox 270 1541 388 1605; x_wconf 88' lang='lat' dir='ltr'><strong>pericula</strong></span> <span class='ocrx_word' id='word_1_59' title='bbox 410 1555 548 1606; x_wconf 85' lang='lat' dir='ltr'><strong>uunquam</strong></span> <span class='ocrx_word' id='word_1_60' title='bbox 569 1557 646 1594; x_wconf 88' lang='lat' dir='ltr'><strong>mea</strong></span> <span class='ocrx_word' id='word_1_61' title='bbox 684 1557 746 1595; x_wconf 86' lang='lat' dir='ltr'><strong>esse</strong></span> <span class='ocrx_word' id='word_1_62' title='bbox 757 1545 829 1596; x_wconf 89' lang='lat' dir='ltr'><strong>dicit.</strong></span> <span class='ocrx_word' id='word_1_63' title='bbox 847 1549 951 1599; x_wconf 80' lang='lat' dir='ltr'><strong>Etenim</strong></span> <span class='ocrx_word' id='word_1_64' title='bbox 963 1563 994 1599; x_wconf 81' lang='lat' dir='ltr'><strong>ex</strong></span> <span class='ocrx_word' id='word_1_65' title='bbox 1006 1552 1063 1615; x_wconf 89' lang='lat' dir='ltr'><strong>ipsa</strong></span> <span class='ocrx_word' id='word_1_66' title='bbox 1078 1555 1208 1617; x_wconf 84' lang='lat' dir='ltr'><strong>particula</strong></span> 
     </span>
     <span class='ocr_line' id='line_1_11' title="bbox 123 1617 1206 1692; baseline 0.014 -26"><span class='ocrx_word' id='word_1_67' title='bbox 123 1621 147 1666; x_wconf 87' lang='lat' dir='ltr'><strong>te</strong></span> <span class='ocrx_word' id='word_1_68' title='bbox 163 1617 371 1679; x_wconf 76' lang='lat' dir='ltr'><strong>segregabunt.»</strong></span> <span class='ocrx_word' id='word_1_69' title='bbox 392 1645 419 1654; x_wconf 87' lang='lat'><em>-</em></span> <span class='ocrx_word' id='word_1_70' title='bbox 434 1618 509 1682; x_wconf 72' lang='lat' dir='ltr'><strong>epos]</strong></span> <span class='ocrx_word' id='word_1_71' title='bbox 523 1617 602 1679; x_wconf 83' lang='lat' dir='ltr'><strong>Libri,</strong></span> <span class='ocrx_word' id='word_1_72' title='bbox 618 1621 648 1668; x_wconf 91' lang='lat' dir='ltr'><strong>ut</strong></span> <span class='ocrx_word' id='word_1_73' title='bbox 682 1632 726 1670; x_wconf 79' lang='lat' dir='ltr'><strong>aas</strong></span> <span class='ocrx_word' id='word_1_74' title='bbox 742 1621 784 1670; x_wconf 87' lang='lat' dir='ltr'><strong>ier</strong></span> <span class='ocrx_word' id='word_1_75' title='bbox 799 1622 912 1684; x_wconf 86' lang='lat' dir='ltr'><strong>repetita</strong></span> <span class='ocrx_word' id='word_1_76' title='bbox 928 1629 1041 1688; x_wconf 86' lang='lat' dir='ltr'><strong>apparet</strong></span> <span class='ocrx_word' id='word_1_77' title='bbox 1059 1629 1206 1692; x_wconf 84' lang='lat' dir='ltr'><strong>Horatium,</strong></span> 
     </span>
     <span class='ocr_line' id='line_1_12' title="bbox 121 1691 1210 1766; baseline 0.014 -26"><span class='ocrx_word' id='word_1_78' title='bbox 121 1691 167 1740; x_wconf 87' lang='lat' dir='ltr'><strong>Od.</strong></span> <span class='ocrx_word' id='word_1_79' title='bbox 187 1692 216 1749; x_wconf 85' lang='lat' dir='ltr'><strong>a,</strong></span> <span class='ocrx_word' id='word_1_80' title='bbox 240 1691 270 1751; x_wconf 81' lang='lat' dir='ltr'><strong>i,</strong></span> <span class='ocrx_word' id='word_1_81' title='bbox 290 1691 342 1751; x_wconf 65' lang='lat'><strong>69„</strong></span> <span class='ocrx_word' id='word_1_82' title='bbox 360 1693 441 1754; x_wconf 63' lang='lat' dir='ltr'><strong>mua.</strong></span> <span class='ocrx_word' id='word_1_83' title='bbox 478 1693 546 1752; x_wconf 67' lang='lat' dir='ltr'><strong>Gens</strong></span> <span class='ocrx_word' id='word_1_84' title='bbox 566 1705 646 1756; x_wconf 86' lang='lat' dir='ltr'><strong>prac-</strong></span> <span class='ocrx_word' id='word_1_85' title='bbox 684 1694 729 1756; x_wconf 93' lang='lat' dir='ltr'><strong>qul</strong></span> <span class='ocrx_word' id='word_1_86' title='bbox 741 1707 807 1744; x_wconf 88' lang='lat' dir='ltr'><strong>sane</strong></span> <span class='ocrx_word' id='word_1_87' title='bbox 818 1695 1013 1760; x_wconf 76' lang='lat' dir='ltr'><strong>astrologorum</strong></span> <span class='ocrx_word' id='word_1_88' title='bbox 1025 1701 1138 1766; x_wconf 89' lang='lat' dir='ltr'><strong>ineptias</strong></span> <span class='ocrx_word' id='word_1_89' title='bbox 1146 1718 1210 1754; x_wconf 92' lang='lat' dir='ltr'><strong>con·</strong></span> 
     </span>
     <span class='ocr_line' id='line_1_13' title="bbox 121 1763 1211 1835; baseline 0.016 -22"><span class='ocrx_word' id='word_1_90' title='bbox 121 1763 177 1814; x_wconf 91' lang='lat' dir='ltr'><strong>tulit</strong></span> <span class='ocrx_word' id='word_1_91' title='bbox 193 1765 328 1824; x_wconf 82' lang='lat' dir='ltr'><strong>Heinelre,</strong></span> <span class='ocrx_word' id='word_1_92' title='bbox 347 1769 376 1816; x_wconf 92' lang='lat' dir='ltr'><strong>ut</strong></span> <span class='ocrx_word' id='word_1_93' title='bbox 390 1767 416 1816; x_wconf 93' lang='lat' dir='ltr'><strong>iu</strong></span> <span class='ocrx_word' id='word_1_94' title='bbox 428 1767 535 1816; x_wconf 85' lang='lat' dir='ltr'><strong>Hesiodi</strong></span> <span class='ocrx_word' id='word_1_95' title='bbox 547 1767 644 1830; x_wconf 82' lang='lat' dir='ltr'><strong>Theog.</strong></span> <span class='ocrx_word' id='word_1_96' title='bbox 683 1767 824 1820; x_wconf 82' lang='lat' dir='ltr'><strong>temnebat</strong></span> <span class='ocrx_word' id='word_1_97' title='bbox 840 1770 896 1832; x_wconf 85' lang='grc' dir='ltr'><strong>(οο.</strong></span> <span class='ocrx_word' id='word_1_98' title='bbox 916 1773 945 1831; x_wconf 86' lang='lat' dir='ltr'><strong>t,</strong></span> <span class='ocrx_word' id='word_1_99' title='bbox 964 1774 1023 1835; x_wconf 70' lang='lat' dir='ltr'><strong>iti,</strong></span> <span class='ocrx_word' id='word_1_100' title='bbox 1043 1778 1153 1828; x_wconf 88' lang='lat' dir='ltr'><strong>minime</strong></span> <span class='ocrx_word' id='word_1_101' title='bbox 1164 1793 1211 1829; x_wconf 81' lang='lat' dir='ltr'><strong>vo·</strong></span> 
     </span>
     <span class='ocr_line' id='line_1_14' title="bbox 123 1836 1285 1916; baseline 0.014 -29"><span class='ocrx_word' id='word_1_102' title='bbox 123 1836 648 1904; x_wconf 72' lang='lat' dir='ltr'><strong>ll9.luutaetGoattlingl&#39;siqqsoribunt</strong></span> <span class='ocrx_word' id='word_1_103' title='bbox 684 1839 765 1892; x_wconf 88' lang='lat' dir='ltr'><strong>luisse</strong></span> <span class='ocrx_word' id='word_1_104' title='bbox 782 1856 918 1906; x_wconf 85' lang='lat' dir='ltr'><strong>exponere</strong></span> <span class='ocrx_word' id='word_1_105' title='bbox 932 1845 1122 1912; x_wconf 90' lang='lat' dir='ltr'><strong>horoscopum,</strong></span> <span class='ocrx_word' id='word_1_106' title='bbox 1141 1865 1210 1916; x_wconf 71' lang='lat' dir='ltr'><strong>quaa·</strong></span> <span class='ocrx_word' id='word_1_107' title='bbox 1280 1850 1285 1860; x_wconf 92' lang='lat'>&#39;</span> 
     </span>
     <span class='ocr_line' id='line_1_15' title="bbox 121 1909 1209 1987; baseline 0.016 -27"><span class='ocrx_word' id='word_1_108' title='bbox 121 1925 168 1974; x_wconf 92' lang='lat' dir='ltr'><strong>pro</strong></span> <span class='ocrx_word' id='word_1_109' title='bbox 181 1909 286 1978; x_wconf 71' lang='grc' dir='ltr'><strong><em>Γύγης.</em></strong></span> <span class='ocrx_word' id='word_1_110' title='bbox 308 1915 375 1962; x_wconf 84' lang='lat' dir='ltr'><strong>llam</strong></span> <span class='ocrx_word' id='word_1_111' title='bbox 390 1916 418 1963; x_wconf 83' lang='lat' dir='ltr'><strong>G.</strong></span> <span class='ocrx_word' id='word_1_112' title='bbox 437 1915 605 1964; x_wconf 87' lang='lat' dir='ltr'><strong>Hermannus</strong></span> <span class='ocrx_word' id='word_1_113' title='bbox 620 1917 647 1964; x_wconf 91' lang='lat' dir='ltr'><strong>in</strong></span> <span class='ocrx_word' id='word_1_114' title='bbox 684 1913 729 1976; x_wconf 89' lang='lat' dir='ltr'><strong>lis,</strong></span> <span class='ocrx_word' id='word_1_115' title='bbox 756 1917 778 1968; x_wconf 86' lang='lat' dir='ltr'><strong>si</strong></span> <span class='ocrx_word' id='word_1_116' title='bbox 804 1916 847 1966; x_wconf 81' lang='lat' dir='ltr'><strong>rel</strong></span> <span class='ocrx_word' id='word_1_117' title='bbox 872 1931 922 1980; x_wconf 90' lang='lat' dir='ltr'><strong>per</strong></span> <span class='ocrx_word' id='word_1_118' title='bbox 949 1921 1038 1972; x_wconf 86' lang='lat' dir='ltr'><strong>iocum</strong></span> <span class='ocrx_word' id='word_1_119' title='bbox 1065 1922 1209 1987; x_wconf 88' lang='lat' dir='ltr'><strong>aliquando</strong></span> 
     </span>
     <span class='ocr_line' id='line_1_16' title="bbox 123 1987 1210 2056; baseline 0.014 -20"><span class='ocrx_word' id='word_1_120' title='bbox 123 1987 234 2050; x_wconf 87' lang='lat' dir='ltr'><strong>Opuscc.</strong></span> <span class='ocrx_word' id='word_1_121' title='bbox 254 1989 286 2036; x_wconf 89' lang='lat' dir='ltr'><strong>H.</strong></span> <span class='ocrx_word' id='word_1_122' title='bbox 304 1999 365 2050; x_wconf 78' lang='lat' dir='ltr'><strong>pag.</strong></span> <span class='ocrx_word' id='word_1_123' title='bbox 385 1987 440 2038; x_wconf 81' lang='lat' dir='ltr'><strong>tic.</strong></span> <span class='ocrx_word' id='word_1_124' title='bbox 454 1991 482 2036; x_wconf 85' lang='lat' dir='ltr'><strong>et</strong></span> <span class='ocrx_word' id='word_1_125' title='bbox 499 1988 646 2038; x_wconf 85' lang='lat' dir='ltr'><strong>Loehrsad</strong></span> <span class='ocrx_word' id='word_1_126' title='bbox 684 1988 861 2040; x_wconf 90' lang='lat' dir='ltr'><strong>consuluisset</strong></span> <span class='ocrx_word' id='word_1_127' title='bbox 886 1991 1064 2056; x_wconf 84' lang='lat' dir='ltr'><strong>Chaldaeum,</strong></span> <span class='ocrx_word' id='word_1_128' title='bbox 1093 1997 1128 2048; x_wconf 91' lang='lat' dir='ltr'><strong>ab</strong></span> <span class='ocrx_word' id='word_1_129' title='bbox 1157 2001 1210 2050; x_wconf 89' lang='lat' dir='ltr'><strong>hoc</strong></span> 
     </span>
     <span class='ocr_line' id='line_1_17' title="bbox 121 2060 1210 2126; baseline 0.013 -16"><span class='ocrx_word' id='word_1_130' title='bbox 121 2060 193 2110; x_wconf 81' lang='lat' dir='ltr'><strong>ovid.</strong></span> <span class='ocrx_word' id='word_1_131' title='bbox 207 2061 285 2111; x_wconf 84' lang='lat' dir='ltr'><strong>Trist.</strong></span> <span class='ocrx_word' id='word_1_132' title='bbox 299 2060 328 2120; x_wconf 85' lang='lat' dir='ltr'><strong>l,</strong></span> <span class='ocrx_word' id='word_1_133' title='bbox 348 2061 377 2121; x_wconf 80' lang='lat' dir='ltr'><strong>i,</strong></span> <span class='ocrx_word' id='word_1_134' title='bbox 397 2061 439 2111; x_wconf 82' lang='lat'><strong>⁴8:</strong></span> <span class='ocrx_word' id='word_1_135' title='bbox 463 2063 648 2112; x_wconf 71' lang='lat' dir='ltr'><strong>Cannensem·</strong></span> <span class='ocrx_word' id='word_1_136' title='bbox 684 2064 842 2114; x_wconf 87' lang='lat' dir='ltr'><strong>constitutus</strong></span> <span class='ocrx_word' id='word_1_137' title='bbox 859 2068 945 2126; x_wconf 87' lang='lat' dir='ltr'><strong>esset,</strong></span> <span class='ocrx_word' id='word_1_138' title='bbox 963 2067 1012 2117; x_wconf 89' lang='lat' dir='ltr'><strong>sed</strong></span> <span class='ocrx_word' id='word_1_139' title='bbox 1024 2071 1109 2121; x_wconf 88' lang='lat' dir='ltr'><strong>totum</strong></span> <span class='ocrx_word' id='word_1_140' title='bbox 1120 2071 1210 2125; x_wconf 90' lang='lat' dir='ltr'><strong>locum</strong></span> 
     </span>
     <span class='ocr_line' id='line_1_18' title="bbox 121 2133 1208 2201; baseline 0.013 -17"><span class='ocrx_word' id='word_1_141' title='bbox 121 2146 167 2194; x_wconf 82' lang='lat' dir='ltr'><strong>que</strong></span> <span class='ocrx_word' id='word_1_142' title='bbox 183 2135 267 2196; x_wconf 73' lang='lat' dir='ltr'><strong>Gyan.</strong></span> <span class='ocrx_word' id='word_1_143' title='bbox 298 2136 384 2196; x_wconf 81' lang='lat' dir='ltr'><strong>Atque</strong></span> <span class='ocrx_word' id='word_1_144' title='bbox 401 2133 478 2195; x_wconf 88' lang='lat' dir='ltr'><strong>vide,</strong></span> <span class='ocrx_word' id='word_1_145' title='bbox 500 2148 535 2184; x_wconf 91' lang='lat' dir='ltr'><strong>ne</strong></span> <span class='ocrx_word' id='word_1_146' title='bbox 553 2149 585 2185; x_wconf 85' lang='lat' dir='ltr'><strong>ex</strong></span> <span class='ocrx_word' id='word_1_147' title='bbox 603 2134 646 2186; x_wconf 93' lang='lat' dir='ltr'><strong>illo</strong></span> <span class='ocrx_word' id='word_1_148' title='bbox 683 2137 787 2201; x_wconf 77' lang='lat' dir='ltr'><strong>poetice</strong></span> <span class='ocrx_word' id='word_1_149' title='bbox 821 2140 943 2190; x_wconf 62' lang='lat' dir='ltr'><strong>mactavit</strong></span> <span class='ocrx_word' id='word_1_150' title='bbox 975 2141 1027 2190; x_wconf 90' lang='lat' dir='ltr'><strong>hac</strong></span> <span class='ocrx_word' id='word_1_151' title='bbox 1060 2147 1208 2198; x_wconf 87' lang='lat' dir='ltr'><strong>sententia:</strong></span> 
     </span>
     <span class='ocr_line' id='line_1_19' title="bbox 121 2205 1207 2283; baseline 0.014 -27"><span class='ocrx_word' id='word_1_152' title='bbox 121 2208 246 2259; x_wconf 84' lang='lat' dir='ltr'><strong>Herodoti</strong></span> <span class='ocrx_word' id='word_1_153' title='bbox 272 2209 300 2257; x_wconf 92' lang='lat' dir='ltr'><strong>et</strong></span> <span class='ocrx_word' id='word_1_154' title='bbox 322 2205 436 2258; x_wconf 82' lang='lat' dir='ltr'><strong>Platonis</strong></span> <span class='ocrx_word' id='word_1_155' title='bbox 454 2211 526 2271; x_wconf 81' lang='lat' dir='ltr'><strong>Gyge</strong></span> <span class='ocrx_word' id='word_1_156' title='bbox 549 2207 646 2260; x_wconf 91' lang='lat' dir='ltr'><strong>dubius</strong></span> <span class='ocrx_word' id='word_1_157' title='bbox 684 2211 881 2273; x_wconf 79' lang='lat' dir='ltr'><strong>«Quaecunque</strong></span> <span class='ocrx_word' id='word_1_158' title='bbox 910 2217 953 2263; x_wconf 86' lang='lat' dir='ltr'><strong>est</strong></span> <span class='ocrx_word' id='word_1_159' title='bbox 984 2216 1104 2276; x_wconf 81' lang='lat' dir='ltr'><strong>genitura</strong></span> <span class='ocrx_word' id='word_1_160' title='bbox 1132 2233 1207 2283; x_wconf 84' lang='lat' dir='ltr'><strong>mea,</strong></span> 
     </span>
     <span class='ocr_line' id='line_1_20' title="bbox 120 2281 1210 2345; baseline 0.013 -15"><span class='ocrx_word' id='word_1_161' title='bbox 120 2281 161 2330; x_wconf 91' lang='lat' dir='ltr'><strong>hic</strong></span> <span class='ocrx_word' id='word_1_162' title='bbox 191 2281 342 2332; x_wconf 87' lang='lat' dir='ltr'><strong>Hesiodeus</strong></span> <span class='ocrx_word' id='word_1_163' title='bbox 370 2282 499 2344; x_wconf 78' lang='lat' dir='ltr'><strong>originem</strong></span> <span class='ocrx_word' id='word_1_164' title='bbox 526 2283 643 2332; x_wconf 82' lang='lat' dir='ltr'><strong>traxerit.</strong></span> <span class='ocrx_word' id='word_1_165' title='bbox 683 2287 757 2334; x_wconf 87' lang='lat' dir='ltr'><strong>certe</strong></span> <span class='ocrx_word' id='word_1_166' title='bbox 779 2285 970 2337; x_wconf 88' lang='lat' dir='ltr'><strong>incredibiliter</strong></span> <span class='ocrx_word' id='word_1_167' title='bbox 990 2303 1053 2339; x_wconf 90' lang='lat' dir='ltr'><strong>cum</strong></span> <span class='ocrx_word' id='word_1_168' title='bbox 1076 2293 1120 2342; x_wconf 87' lang='lat' dir='ltr'><strong>tua</strong></span> <span class='ocrx_word' id='word_1_169' title='bbox 1144 2306 1210 2345; x_wconf 89' lang='lat' dir='ltr'><strong>cou-</strong></span> 
     </span>
     <span class='ocr_line' id='line_1_21' title="bbox 122 2354 1209 2428; baseline 0.013 -22"><span class='ocrx_word' id='word_1_170' title='bbox 122 2357 216 2406; x_wconf 84' lang='lat' dir='ltr'><strong>Couira</strong></span> <span class='ocrx_word' id='word_1_171' title='bbox 230 2354 353 2408; x_wconf 84' lang='lat' dir='ltr'><strong>Huetzell</strong></span> <span class='ocrx_word' id='word_1_172' title='bbox 365 2355 399 2406; x_wconf 87' lang='lat' dir='ltr'><strong>de</strong></span> <span class='ocrx_word' id='word_1_173' title='bbox 408 2357 465 2406; x_wconf 89' lang='lat' dir='ltr'><strong>Em.</strong></span> <span class='ocrx_word' id='word_1_174' title='bbox 476 2357 524 2406; x_wconf 85' lang='lat' dir='ltr'><strong>Tb.</strong></span> <span class='ocrx_word' id='word_1_175' title='bbox 535 2357 644 2408; x_wconf 91' lang='lat' dir='ltr'><strong>Hesiod.</strong></span> <span class='ocrx_word' id='word_1_176' title='bbox 683 2361 775 2419; x_wconf 85' lang='lat' dir='ltr'><strong>sentit,</strong></span> <span class='ocrx_word' id='word_1_177' title='bbox 789 2359 857 2410; x_wconf 88' lang='lat' dir='ltr'><strong>adeo</strong></span> <span class='ocrx_word' id='word_1_178' title='bbox 869 2363 899 2410; x_wconf 90' lang='lat' dir='ltr'><strong>ut</strong></span> <span class='ocrx_word' id='word_1_179' title='bbox 909 2363 936 2412; x_wconf 89' lang='lat' dir='ltr'><strong>in</strong></span> <span class='ocrx_word' id='word_1_180' title='bbox 947 2364 1000 2412; x_wconf 82' lang='lat' dir='ltr'><strong>vila</strong></span> <span class='ocrx_word' id='word_1_181' title='bbox 1009 2365 1120 2428; x_wconf 88' lang='lat' dir='ltr'><strong>eiusque</strong></span> <span class='ocrx_word' id='word_1_182' title='bbox 1129 2369 1209 2420; x_wconf 84' lang='lat' dir='ltr'><strong>vicis-</strong></span> 
     </span>
     <span class='ocr_line' id='line_1_22' title="bbox 121 2431 1210 2505; baseline 0.013 -26"><span class='ocrx_word' id='word_1_183' title='bbox 121 2442 146 2492; x_wconf 79' lang='grc' dir='ltr'><strong>ο.</strong></span> <span class='ocrx_word' id='word_1_184' title='bbox 164 2431 225 2480; x_wconf 77' lang='lat'><strong>206:</strong></span> <span class='ocrx_word' id='word_1_185' title='bbox 247 2431 337 2490; x_wconf 69' lang='lat' dir='ltr'><strong>«Vixi,</strong></span> <span class='ocrx_word' id='word_1_186' title='bbox 356 2431 451 2494; x_wconf 86' lang='lat' dir='ltr'><strong>iuquit,</strong></span> <span class='ocrx_word' id='word_1_187' title='bbox 472 2432 579 2492; x_wconf 79' lang='lat' dir='ltr'><strong>«negari</strong></span> <span class='ocrx_word' id='word_1_188' title='bbox 595 2445 646 2495; x_wconf 92' lang='lat' dir='ltr'><strong>po-</strong></span> <span class='ocrx_word' id='word_1_189' title='bbox 681 2433 843 2485; x_wconf 90' lang='lat' dir='ltr'><strong>situdinibus</strong></span> <span class='ocrx_word' id='word_1_190' title='bbox 859 2438 940 2498; x_wconf 83' lang='lat' dir='ltr'><strong>atque</strong></span> <span class='ocrx_word' id='word_1_191' title='bbox 958 2439 984 2487; x_wconf 90' lang='lat' dir='ltr'><strong>in</strong></span> <span class='ocrx_word' id='word_1_192' title='bbox 1002 2438 1077 2488; x_wconf 91' lang='lat' dir='ltr'><strong>obitu</strong></span> <span class='ocrx_word' id='word_1_193' title='bbox 1092 2441 1152 2505; x_wconf 93' lang='lat' dir='ltr'><strong>ipso</strong></span> <span class='ocrx_word' id='word_1_194' title='bbox 1163 2443 1210 2494; x_wconf 88' lang='lat' dir='ltr'><strong>lis-</strong></span> 
     </span>
     <span class='ocr_line' id='line_1_23' title="bbox 121 2500 1208 2574; baseline 0.014 -21"><span class='ocrx_word' id='word_1_195' title='bbox 121 2505 179 2553; x_wconf 87' lang='lat' dir='ltr'><strong>lerit</strong></span> <span class='ocrx_word' id='word_1_196' title='bbox 201 2517 303 2554; x_wconf 90' lang='lat' dir='ltr'><strong>nomen</strong></span> <span class='ocrx_word' id='word_1_197' title='bbox 326 2500 420 2569; x_wconf 77' lang='grc' dir='ltr'><em>Γύγης</em></span> <span class='ocrx_word' id='word_1_198' title='bbox 441 2505 646 2568; x_wconf 86' lang='lat' dir='ltr'><strong>probatissimo·</strong></span> <span class='ocrx_word' id='word_1_199' title='bbox 683 2507 747 2557; x_wconf 88' lang='lat' dir='ltr'><strong>dem</strong></span> <span class='ocrx_word' id='word_1_200' title='bbox 764 2520 875 2571; x_wconf 90' lang='lat' dir='ltr'><strong>prorsus</strong></span> <span class='ocrx_word' id='word_1_201' title='bbox 892 2509 936 2560; x_wconf 88' lang='lat' dir='ltr'><strong>loti</strong></span> <span class='ocrx_word' id='word_1_202' title='bbox 953 2509 1057 2574; x_wconf 80' lang='lat' dir='ltr'><strong>legibus</strong></span> <span class='ocrx_word' id='word_1_203' title='bbox 1074 2513 1208 2568; x_wconf 85' lang='lat' dir='ltr'><strong>obedituri</strong></span> 
     </span>
     <span class='ocr_line' id='line_1_24' title="bbox 120 2578 1209 2648; baseline 0.013 -20"><span class='ocrx_word' id='word_1_204' title='bbox 120 2590 178 2628; x_wconf 88' lang='lat' dir='ltr'><strong>rum</strong></span> <span class='ocrx_word' id='word_1_205' title='bbox 194 2579 431 2641; x_wconf 79' lang='lat' dir='ltr'><strong>grammaticorum</strong></span> <span class='ocrx_word' id='word_1_206' title='bbox 443 2578 552 2630; x_wconf 90' lang='lat' dir='ltr'><strong>consilio</strong></span> <span class='ocrx_word' id='word_1_207' title='bbox 565 2580 645 2630; x_wconf 87' lang='lat' dir='ltr'><strong>tuisse</strong></span> <span class='ocrx_word' id='word_1_208' title='bbox 682 2581 793 2632; x_wconf 82' lang='lat' dir='ltr'><strong>simus.»</strong></span> <span class='ocrx_word' id='word_1_209' title='bbox 827 2584 968 2648; x_wconf 73' lang='lat' dir='ltr'><strong>interpreti</strong></span> <span class='ocrx_word' id='word_1_210' title='bbox 985 2587 1148 2640; x_wconf 88' lang='lat' dir='ltr'><strong>consulenda</strong></span> <span class='ocrx_word' id='word_1_211' title='bbox 1167 2595 1209 2644; x_wconf 89' lang='lat' dir='ltr'><strong>ost</strong></span> 
     </span>
     <span class='ocr_line' id='line_1_25' title="bbox 121 2653 1207 2729; baseline 0.014 -28"><span class='ocrx_word' id='word_1_212' title='bbox 121 2653 146 2702; x_wconf 91' lang='lat' dir='ltr'><strong>in</strong></span> <span class='ocrx_word' id='word_1_213' title='bbox 161 2654 296 2716; x_wconf 76' lang='lat' dir='ltr'><strong>Theognis</strong></span> <span class='ocrx_word' id='word_1_214' title='bbox 319 2655 375 2704; x_wconf 88' lang='lat' dir='ltr'><strong>sive</strong></span> <span class='ocrx_word' id='word_1_215' title='bbox 392 2655 522 2718; x_wconf 88' lang='lat' dir='ltr'><strong>scriptum</strong></span> <span class='ocrx_word' id='word_1_216' title='bbox 540 2667 647 2717; x_wconf 85' lang='lat' dir='ltr'><strong>seupo·</strong></span> <span class='ocrx_word' id='word_1_217' title='bbox 682 2655 797 2706; x_wconf 82' lang='lat' dir='ltr'><strong>Reimeri</strong></span> <span class='ocrx_word' id='word_1_218' title='bbox 825 2669 939 2721; x_wconf 86' lang='lat' dir='ltr'><strong>operosa</strong></span> <span class='ocrx_word' id='word_1_219' title='bbox 967 2659 1110 2723; x_wconf 83' lang='lat' dir='ltr'><strong>disputatio</strong></span> <span class='ocrx_word' id='word_1_220' title='bbox 1135 2667 1207 2729; x_wconf 86' lang='lat' dir='ltr'><strong>apud</strong></span> 
     </span>
     <span class='ocr_line' id='line_1_26' title="bbox 120 2727 1209 2796; baseline 0.013 -21"><span class='ocrx_word' id='word_1_221' title='bbox 120 2727 168 2777; x_wconf 87' lang='lat' dir='ltr'><strong>tius</strong></span> <span class='ocrx_word' id='word_1_222' title='bbox 186 2741 219 2778; x_wconf 82' lang='lat' dir='ltr'><strong>ex</strong></span> <span class='ocrx_word' id='word_1_223' title='bbox 237 2728 429 2789; x_wconf 87' lang='lat' dir='ltr'><strong>antiquissimis</strong></span> <span class='ocrx_word' id='word_1_224' title='bbox 447 2727 645 2791; x_wconf 85' lang='lat' dir='ltr'><strong>exemplaribus</strong></span> <span class='ocrx_word' id='word_1_225' title='bbox 682 2729 859 2780; x_wconf 84' lang='lat' dir='ltr'><strong>llitscherlich</strong></span> <span class='ocrx_word' id='word_1_226' title='bbox 883 2733 911 2781; x_wconf 86' lang='grc' dir='ltr'><strong>Τ.</strong></span> <span class='ocrx_word' id='word_1_227' title='bbox 934 2734 958 2782; x_wconf 80' lang='lat'><strong>2.</strong></span> <span class='ocrx_word' id='word_1_228' title='bbox 982 2746 1042 2796; x_wconf 77' lang='lat' dir='ltr'><strong>pag.</strong></span> <span class='ocrx_word' id='word_1_229' title='bbox 1062 2737 1118 2786; x_wconf 87' lang='grc'>696.</span> <span class='ocrx_word' id='word_1_230' title='bbox 1154 2741 1209 2790; x_wconf 87' lang='lat' dir='ltr'><strong>Ve-</strong></span> 
     </span>
     <span class='ocr_line' id='line_1_27' title="bbox 120 2799 1208 2875; baseline 0.015 -27"><span class='ocrx_word' id='word_1_231' title='bbox 120 2804 334 2852; x_wconf 77' lang='lat' dir='ltr'><strong>couservatnm.»</strong></span> <span class='ocrx_word' id='word_1_232' title='bbox 359 2800 466 2852; x_wconf 86' lang='lat' dir='ltr'><strong>Hesiod.</strong></span> <span class='ocrx_word' id='word_1_233' title='bbox 485 2799 502 2850; x_wconf 95' lang='lat' dir='ltr'><strong>l.</strong></span> <span class='ocrx_word' id='word_1_234' title='bbox 521 2799 538 2850; x_wconf 97' lang='lat' dir='ltr'><strong>l.</strong></span> <span class='ocrx_word' id='word_1_235' title='bbox 556 2801 646 2866; x_wconf 79' lang='grc' dir='ltr'><strong><em>Γαίης</em></strong></span> <span class='ocrx_word' id='word_1_236' title='bbox 681 2815 743 2853; x_wconf 90' lang='lat' dir='ltr'><strong>rum</strong></span> <span class='ocrx_word' id='word_1_237' title='bbox 764 2801 877 2875; x_wconf 77' lang='grc' dir='ltr'><strong><em>πρῶτον</em></strong></span> <span class='ocrx_word' id='word_1_238' title='bbox 898 2803 1010 2869; x_wconf 74' lang='grc' dir='ltr'><strong><em>ψεῦδος</em></strong></span> <span class='ocrx_word' id='word_1_239' title='bbox 1028 2807 1063 2858; x_wconf 86' lang='lat' dir='ltr'><strong>ab</strong></span> <span class='ocrx_word' id='word_1_240' title='bbox 1081 2823 1114 2859; x_wconf 90' lang='lat' dir='ltr'><strong>eo</strong></span> <span class='ocrx_word' id='word_1_241' title='bbox 1132 2824 1208 2863; x_wconf 88' lang='lat' dir='ltr'><strong>com·</strong></span> 
     </span>
     <span class='ocr_line' id='line_1_28' title="bbox 120 2869 1207 2950; baseline 0.014 -27"><span class='ocrx_word' id='word_1_242' title='bbox 120 2887 148 2924; x_wconf 79' lang='lat' dir='ltr'><strong>re</strong></span> <span class='ocrx_word' id='word_1_243' title='bbox 164 2877 214 2924; x_wconf 72' lang='grc' dir='ltr'><strong>καὶ</strong></span> <span class='ocrx_word' id='word_1_244' title='bbox 231 2869 365 2945; x_wconf 77' lang='grc' dir='ltr'><strong><em>Οὖρσνοῦ</em></strong></span> <span class='ocrx_word' id='word_1_245' title='bbox 384 2871 548 2941; x_wconf 73' lang='grc' dir='ltr'><strong><em>ἐξεγένοντο</em></strong></span> <span class='ocrx_word' id='word_1_246' title='bbox 564 2876 646 2944; x_wconf 72' lang='grc' dir='ltr'><em>Τρεῖς</em></span> <span class='ocrx_word' id='word_1_247' title='bbox 681 2879 795 2928; x_wconf 90' lang='lat' dir='ltr'><strong>missum</strong></span> <span class='ocrx_word' id='word_1_248' title='bbox 806 2879 921 2942; x_wconf 78' lang='lat' dir='ltr'><strong>honest,</strong></span> <span class='ocrx_word' id='word_1_249' title='bbox 935 2882 1008 2944; x_wconf 91' lang='lat' dir='ltr'><strong>quod</strong></span> <span class='ocrx_word' id='word_1_250' title='bbox 1021 2885 1123 2946; x_wconf 89' lang='lat' dir='ltr'><strong>omnia,</strong></span> <span class='ocrx_word' id='word_1_251' title='bbox 1136 2900 1207 2950; x_wconf 89' lang='lat' dir='ltr'><strong>quae</strong></span> 
     </span>
     <span class='ocr_line' id='line_1_29' title="bbox 120 2943 1208 3034; baseline 0.014 -38"><span class='ocrx_word' id='word_1_252' title='bbox 120 2946 383 3012; x_wconf 75' lang='grc' dir='ltr'><strong><em>παῖδες--Κόττος</em></strong></span> <span class='ocrx_word' id='word_1_253' title='bbox 394 2951 417 2999; x_wconf 80' lang='grc' dir='ltr'><strong>τ’</strong></span> <span class='ocrx_word' id='word_1_254' title='bbox 432 2943 603 3034; x_wconf 65' lang='grc' dir='ltr'><em>Ὀβριάρεώς</em></span> <span class='ocrx_word' id='word_1_255' title='bbox 614 2965 645 3001; x_wconf 78' lang='grc' dir='ltr'><strong>το</strong></span> <span class='ocrx_word' id='word_1_256' title='bbox 681 2950 715 3000; x_wconf 87' lang='lat' dir='ltr'><strong>da</strong></span> <span class='ocrx_word' id='word_1_257' title='bbox 733 2953 812 3002; x_wconf 85' lang='lat' dir='ltr'><strong>astris</strong></span> <span class='ocrx_word' id='word_1_258' title='bbox 828 2953 907 3003; x_wconf 84' lang='lat' dir='ltr'><strong>alleri</strong></span> <span class='ocrx_word' id='word_1_259' title='bbox 929 2958 1023 3017; x_wconf 78' lang='lat' dir='ltr'><strong>poam,</strong></span> <span class='ocrx_word' id='word_1_260' title='bbox 1047 2971 1082 3007; x_wconf 80' lang='lat' dir='ltr'><strong>ex</strong></span> <span class='ocrx_word' id='word_1_261' title='bbox 1101 2960 1208 3011; x_wconf 85' lang='lat' dir='ltr'><strong>Haece-</strong></span> 
     </span>
     <span class='ocr_line' id='line_1_30' title="bbox 120 3019 1207 3094; baseline 0.014 -24"><span class='ocrx_word' id='word_1_262' title='bbox 120 3021 192 3088; x_wconf 76' lang='grc' dir='ltr'><strong><em>Γόης</em></strong></span> <span class='ocrx_word' id='word_1_263' title='bbox 218 3022 268 3086; x_wconf 85' lang='lat' dir='ltr'><strong>(nl.</strong></span> <span class='ocrx_word' id='word_1_264' title='bbox 288 3019 392 3090; x_wconf 79' lang='grc' dir='ltr'>Γύγης)</span> <span class='ocrx_word' id='word_1_265' title='bbox 418 3023 445 3074; x_wconf 77' lang='grc' dir='ltr'><strong>δ’</strong></span> <span class='ocrx_word' id='word_1_266' title='bbox 472 3020 645 3094; x_wconf 78' lang='grc' dir='ltr'><strong><em>νπορήφανα</em></strong></span> <span class='ocrx_word' id='word_1_267' title='bbox 682 3026 750 3076; x_wconf 86' lang='lat' dir='ltr'><strong>uatis</strong></span> <span class='ocrx_word' id='word_1_268' title='bbox 767 3027 887 3087; x_wconf 74' lang='lat' dir='ltr'><strong>genitura</strong></span> <span class='ocrx_word' id='word_1_269' title='bbox 909 3026 1051 3090; x_wconf 89' lang='lat' dir='ltr'><strong>aliquando</strong></span> <span class='ocrx_word' id='word_1_270' title='bbox 1068 3043 1084 3080; x_wconf 90' lang='lat' dir='ltr'><strong>a</strong></span> <span class='ocrx_word' id='word_1_271' title='bbox 1100 3035 1207 3085; x_wconf 86' lang='lat' dir='ltr'><strong>matbe-</strong></span> 
     </span>
     <span class='ocr_line' id='line_1_31' title="bbox 120 3095 1206 3170; baseline 0.013 -26"><span class='ocrx_word' id='word_1_272' title='bbox 120 3099 217 3148; x_wconf 77' lang='grc' dir='ltr'><strong><em>τέκνα·</em></strong></span> <span class='ocrx_word' id='word_1_273' title='bbox 248 3095 314 3148; x_wconf 80' lang='grc' dir='ltr'><strong>Τῶν</strong></span> <span class='ocrx_word' id='word_1_274' title='bbox 341 3095 447 3148; x_wconf 80' lang='grc' dir='ltr'><strong><em>ἑκατὸν</em></strong></span> <span class='ocrx_word' id='word_1_275' title='bbox 472 3097 527 3163; x_wconf 75' lang='grc' dir='ltr'><strong>μὲν</strong></span> <span class='ocrx_word' id='word_1_276' title='bbox 552 3104 645 3170; x_wconf 71' lang='grc' dir='ltr'><strong><em>χεῖρες</em></strong></span> <span class='ocrx_word' id='word_1_277' title='bbox 681 3100 786 3149; x_wconf 78' lang='lat' dir='ltr'><strong>anaticis</strong></span> <span class='ocrx_word' id='word_1_278' title='bbox 808 3101 960 3162; x_wconf 84' lang='lat' dir='ltr'><strong>computata</strong></span> <span class='ocrx_word' id='word_1_279' title='bbox 982 3101 1124 3168; x_wconf 88' lang='lat' dir='ltr'><strong>desumpta</strong></span> <span class='ocrx_word' id='word_1_280' title='bbox 1146 3121 1206 3159; x_wconf 87' lang='lat' dir='ltr'><strong>esse</strong></span> 
     </span>
     <span class='ocr_line' id='line_1_32' title="bbox 119 3165 1206 3238; baseline 0.01 -16"><span class='ocrx_word' id='word_1_281' title='bbox 119 3166 164 3222; x_wconf 74' lang='grc' dir='ltr'><strong>ἀπ’</strong></span> <span class='ocrx_word' id='word_1_282' title='bbox 181 3167 273 3238; x_wconf 76' lang='grc' dir='ltr'><strong><em>ὤμων</em></strong></span> <span class='ocrx_word' id='word_1_283' title='bbox 288 3165 431 3223; x_wconf 74' lang='grc' dir='ltr'><strong><em>ἀίσσοντο</em></strong></span> <span class='ocrx_word' id='word_1_284' title='bbox 451 3171 511 3222; x_wconf 78' lang='grc' dir='ltr'><strong>κτλ,</strong></span> <span class='ocrx_word' id='word_1_285' title='bbox 682 3175 755 3223; x_wconf 92' lang='lat' dir='ltr'><strong>ratus</strong></span> <span class='ocrx_word' id='word_1_286' title='bbox 780 3175 829 3222; x_wconf 91' lang='lat' dir='ltr'><strong>est.</strong></span> <span class='ocrx_word' id='word_1_287' title='bbox 875 3172 981 3223; x_wconf 86' lang='lat' dir='ltr'><strong>Scilicet</strong></span> <span class='ocrx_word' id='word_1_288' title='bbox 1004 3177 1128 3229; x_wconf 87' lang='lat' dir='ltr'><strong>Horatius</strong></span> <span class='ocrx_word' id='word_1_289' title='bbox 1153 3195 1206 3233; x_wconf 87' lang='lat' dir='ltr'><strong>una</strong></span> 
     </span>
    </p>

    <p class='ocr_par' dir='ltr' id='par_1_6' title="bbox 119 3245 1205 4060">
     <span class='ocr_line' id='line_1_33' title="bbox 149 3245 1203 3318; baseline 0.008 -21"><span class='ocrx_word' id='word_1_290' title='bbox 149 3249 189 3298; x_wconf 80' lang='lat' dir='ltr'><strong>tc.</strong></span> <span class='ocrx_word' id='word_1_291' title='bbox 206 3248 330 3312; x_wconf 76' lang='lat' dir='ltr'><strong>imitatae]</strong></span> <span class='ocrx_word' id='word_1_292' title='bbox 348 3245 435 3318; x_wconf 70' lang='grc' dir='ltr'><em>Δίκῃ,</em></span> <span class='ocrx_word' id='word_1_293' title='bbox 455 3248 522 3298; x_wconf 86' lang='lat' dir='ltr'><strong>lovis</strong></span> <span class='ocrx_word' id='word_1_294' title='bbox 537 3249 642 3297; x_wconf 80' lang='lat' dir='ltr'><strong>etlhe-</strong></span> <span class='ocrx_word' id='word_1_295' title='bbox 682 3261 744 3298; x_wconf 90' lang='lat' dir='ltr'><strong>cum</strong></span> <span class='ocrx_word' id='word_1_296' title='bbox 761 3246 899 3306; x_wconf 85' lang='lat' dir='ltr'><strong>omnibns,</strong></span> <span class='ocrx_word' id='word_1_297' title='bbox 920 3249 967 3311; x_wconf 92' lang='lat' dir='ltr'><strong>qul</strong></span> <span class='ocrx_word' id='word_1_298' title='bbox 987 3250 1050 3300; x_wconf 91' lang='lat' dir='ltr'><strong>tunc</strong></span> <span class='ocrx_word' id='word_1_299' title='bbox 1069 3252 1203 3317; x_wconf 86' lang='lat' dir='ltr'><strong>vivebant,</strong></span> 
     </span>
     <span class='ocr_line' id='line_1_34' title="bbox 120 3321 1204 3386; baseline 0.008 -16"><span class='ocrx_word' id='word_1_300' title='bbox 120 3322 194 3373; x_wconf 87' lang='lat' dir='ltr'><strong>midis</strong></span> <span class='ocrx_word' id='word_1_301' title='bbox 211 3321 296 3381; x_wconf 85' lang='lat' dir='ltr'><strong>filiae,</strong></span> <span class='ocrx_word' id='word_1_302' title='bbox 316 3324 459 3372; x_wconf 86' lang='lat' dir='ltr'><strong>Parcarum</strong></span> <span class='ocrx_word' id='word_1_303' title='bbox 472 3324 567 3383; x_wconf 89' lang='lat' dir='ltr'><strong>sorori,</strong></span> <span class='ocrx_word' id='word_1_304' title='bbox 589 3323 646 3386; x_wconf 92' lang='lat' dir='ltr'><strong>qui·</strong></span> <span class='ocrx_word' id='word_1_305' title='bbox 681 3325 739 3386; x_wconf 91' lang='lat' dir='ltr'><strong>ipse</strong></span> <span class='ocrx_word' id='word_1_306' title='bbox 767 3334 875 3385; x_wconf 90' lang='lat' dir='ltr'><strong>quoque</strong></span> <span class='ocrx_word' id='word_1_307' title='bbox 902 3321 1006 3371; x_wconf 87' lang='lat' dir='ltr'><strong>sciebat</strong></span> <span class='ocrx_word' id='word_1_308' title='bbox 1033 3322 1083 3373; x_wconf 89' lang='lat' dir='ltr'><strong>alia</strong></span> <span class='ocrx_word' id='word_1_309' title='bbox 1115 3327 1204 3378; x_wconf 88' lang='lat' dir='ltr'><strong>sidera</strong></span> 
     </span>
     <span class='ocr_line' id='line_1_35' title="bbox 119 3393 1205 3460; baseline 0.007 -18"><span class='ocrx_word' id='word_1_310' title='bbox 119 3393 231 3446; x_wconf 83' lang='lat' dir='ltr'><strong>boscum</strong></span> <span class='ocrx_word' id='word_1_311' title='bbox 249 3395 276 3444; x_wconf 93' lang='lat' dir='ltr'><strong>h.</strong></span> <span class='ocrx_word' id='word_1_312' title='bbox 296 3394 312 3444; x_wconf 92' lang='lat' dir='ltr'><strong>l.</strong></span> <span class='ocrx_word' id='word_1_313' title='bbox 326 3397 462 3459; x_wconf 87' lang='lat' dir='ltr'><strong>aptissime</strong></span> <span class='ocrx_word' id='word_1_314' title='bbox 480 3398 646 3460; x_wconf 78' lang='lat' dir='ltr'><strong>coniungitur</strong></span> <span class='ocrx_word' id='word_1_315' title='bbox 681 3397 767 3448; x_wconf 89' lang='lat' dir='ltr'><strong>amica</strong></span> <span class='ocrx_word' id='word_1_316' title='bbox 783 3396 870 3459; x_wconf 84' lang='lat' dir='ltr'><strong>putari</strong></span> <span class='ocrx_word' id='word_1_317' title='bbox 887 3394 1058 3458; x_wconf 85' lang='lat' dir='ltr'><strong>mortalibus,</strong></span> <span class='ocrx_word' id='word_1_318' title='bbox 1083 3397 1135 3448; x_wconf 85' lang='lat' dir='ltr'><strong>alia</strong></span> <span class='ocrx_word' id='word_1_319' title='bbox 1154 3400 1205 3450; x_wconf 92' lang='lat' dir='ltr'><strong>ini-</strong></span> 
     </span>
     <span class='ocr_line' id='line_1_36' title="bbox 120 3465 1204 3540; baseline 0.006 -20"><span class='ocrx_word' id='word_1_320' title='bbox 120 3472 257 3533; x_wconf 82' lang='lat' dir='ltr'><strong>tumquam</strong></span> <span class='ocrx_word' id='word_1_321' title='bbox 279 3465 430 3540; x_wconf 73' lang='grc' dir='ltr'><strong><em>πάρεδρος.</em></strong></span> <span class='ocrx_word' id='word_1_322' title='bbox 466 3471 573 3522; x_wconf 90' lang='lat' dir='ltr'><strong>Hesiod.</strong></span> <span class='ocrx_word' id='word_1_323' title='bbox 596 3472 642 3520; x_wconf 88' lang='lat' dir='ltr'><strong>Th.</strong></span> <span class='ocrx_word' id='word_1_324' title='bbox 681 3471 763 3530; x_wconf 90' lang='lat' dir='ltr'><strong>mica,</strong></span> <span class='ocrx_word' id='word_1_325' title='bbox 787 3481 902 3532; x_wconf 85' lang='lat' dir='ltr'><strong>eamque</strong></span> <span class='ocrx_word' id='word_1_326' title='bbox 923 3468 1076 3532; x_wconf 88' lang='lat' dir='ltr'><strong>opinionem</strong></span> <span class='ocrx_word' id='word_1_327' title='bbox 1096 3476 1204 3526; x_wconf 89' lang='lat' dir='ltr'><strong>secutus</strong></span> 
     </span>
     <span class='ocr_line' id='line_1_37' title="bbox 120 3543 1205 3612; baseline 0.006 -20"><span class='ocrx_word' id='word_1_328' title='bbox 120 3543 173 3592; x_wconf 73' lang='lat'><strong>9⁰2.</strong></span> <span class='ocrx_word' id='word_1_329' title='bbox 210 3545 275 3594; x_wconf 80' lang='lat' dir='ltr'><strong>Eius</strong></span> <span class='ocrx_word' id='word_1_330' title='bbox 303 3545 447 3607; x_wconf 76' lang='lat' dir='ltr'><strong>imaginem</strong></span> <span class='ocrx_word' id='word_1_331' title='bbox 479 3545 644 3608; x_wconf 75' lang='lat' dir='ltr'><strong>Chrysippus</strong></span> <span class='ocrx_word' id='word_1_332' title='bbox 680 3546 730 3596; x_wconf 91' lang='lat' dir='ltr'><strong>hos</strong></span> <span class='ocrx_word' id='word_1_333' title='bbox 746 3557 841 3594; x_wconf 89' lang='lat' dir='ltr'><strong>versus</strong></span> <span class='ocrx_word' id='word_1_334' title='bbox 858 3543 971 3607; x_wconf 86' lang='lat' dir='ltr'><strong>scripsit,</strong></span> <span class='ocrx_word' id='word_1_335' title='bbox 991 3547 1112 3597; x_wconf 84' lang='lat' dir='ltr'><strong>ceterum</strong></span> <span class='ocrx_word' id='word_1_336' title='bbox 1129 3561 1205 3612; x_wconf 90' lang='lat' dir='ltr'><strong>pror·</strong></span> 
     </span>
     <span class='ocr_line' id='line_1_38' title="bbox 120 3615 1203 3680; baseline 0.009 -16"><span class='ocrx_word' id='word_1_337' title='bbox 120 3617 187 3680; x_wconf 87' lang='lat' dir='ltr'><strong>apud</strong></span> <span class='ocrx_word' id='word_1_338' title='bbox 199 3615 264 3668; x_wconf 84' lang='lat' dir='ltr'><strong>Geli.</strong></span> <span class='ocrx_word' id='word_1_339' title='bbox 275 3619 306 3666; x_wconf 84' lang='lat' dir='ltr'><strong>N.</strong></span> <span class='ocrx_word' id='word_1_340' title='bbox 317 3620 347 3667; x_wconf 84' lang='grc' dir='ltr'><strong>Α.</strong></span> <span class='ocrx_word' id='word_1_341' title='bbox 359 3617 399 3678; x_wconf 83' lang='lat' dir='ltr'><strong>tt,</strong></span> <span class='ocrx_word' id='word_1_342' title='bbox 410 3617 434 3669; x_wconf 82' lang='lat' dir='ltr'><strong>i.</strong></span> <span class='ocrx_word' id='word_1_343' title='bbox 445 3618 642 3669; x_wconf 80' lang='lat' dir='ltr'><strong>hancexbibet:</strong></span> <span class='ocrx_word' id='word_1_344' title='bbox 680 3632 726 3670; x_wconf 89' lang='lat' dir='ltr'><strong>sus</strong></span> <span class='ocrx_word' id='word_1_345' title='bbox 743 3631 855 3670; x_wconf 89' lang='lat' dir='ltr'><strong>securus</strong></span> <span class='ocrx_word' id='word_1_346' title='bbox 872 3621 900 3668; x_wconf 89' lang='lat' dir='ltr'><strong>et</strong></span> <span class='ocrx_word' id='word_1_347' title='bbox 916 3619 950 3669; x_wconf 90' lang='lat' dir='ltr'><strong>de</strong></span> <span class='ocrx_word' id='word_1_348' title='bbox 967 3633 1016 3671; x_wconf 90' lang='lat' dir='ltr'><strong>suo</strong></span> <span class='ocrx_word' id='word_1_349' title='bbox 1034 3623 1061 3671; x_wconf 89' lang='lat' dir='ltr'><strong>et</strong></span> <span class='ocrx_word' id='word_1_350' title='bbox 1077 3622 1111 3673; x_wconf 90' lang='lat' dir='ltr'><strong>de</strong></span> <span class='ocrx_word' id='word_1_351' title='bbox 1125 3624 1203 3674; x_wconf 90' lang='lat' dir='ltr'><strong>amici</strong></span> 
     </span>
     <span class='ocr_line' id='line_1_39' title="bbox 119 3684 1203 3761; baseline 0.01 -24"><span class='ocrx_word' id='word_1_352' title='bbox 119 3684 644 3761; x_wconf 73' lang='grc' dir='ltr'><strong><em>Σκοθρωπὴγράφεταικσδσννσστη-</em></strong></span> <span class='ocrx_word' id='word_1_353' title='bbox 679 3695 838 3757; x_wconf 88' lang='lat' dir='ltr'><strong>horoscopo.</strong></span> <span class='ocrx_word' id='word_1_354' title='bbox 874 3695 954 3745; x_wconf 88' lang='lat' dir='ltr'><strong>Hecte</strong></span> <span class='ocrx_word' id='word_1_355' title='bbox 978 3695 1012 3744; x_wconf 89' lang='lat' dir='ltr'><strong>de</strong></span> <span class='ocrx_word' id='word_1_356' title='bbox 1029 3695 1056 3745; x_wconf 87' lang='lat' dir='ltr'><strong>h.</strong></span> <span class='ocrx_word' id='word_1_357' title='bbox 1074 3695 1091 3746; x_wconf 94' lang='lat' dir='ltr'><strong>l.</strong></span> <span class='ocrx_word' id='word_1_358' title='bbox 1111 3701 1203 3748; x_wconf 88' lang='lat' dir='ltr'><strong>contra</strong></span> 
     </span>
     <span class='ocr_line' id='line_1_40' title="bbox 119 3761 1203 3834; baseline 0.009 -22"><span class='ocrx_word' id='word_1_359' title='bbox 119 3761 168 3827; x_wconf 81' lang='grc' dir='ltr'><strong>κὸς</strong></span> <span class='ocrx_word' id='word_1_360' title='bbox 183 3761 299 3825; x_wconf 71' lang='grc' dir='ltr'><strong><em>ἔχουσα</em></strong></span> <span class='ocrx_word' id='word_1_361' title='bbox 313 3761 348 3816; x_wconf 81' lang='grc' dir='ltr'><strong>τὸ</strong></span> <span class='ocrx_word' id='word_1_362' title='bbox 365 3763 522 3834; x_wconf 76' lang='grc' dir='ltr'><strong><em>πρόσωπον</em></strong></span> <span class='ocrx_word' id='word_1_363' title='bbox 536 3767 586 3816; x_wconf 76' lang='grc' dir='ltr'><strong>καὶ</strong></span> <span class='ocrx_word' id='word_1_364' title='bbox 597 3761 642 3815; x_wconf 75' lang='lat' dir='ltr'><strong>is·</strong></span> <span class='ocrx_word' id='word_1_365' title='bbox 679 3769 761 3818; x_wconf 90' lang='lat' dir='ltr'><strong>miras</strong></span> <span class='ocrx_word' id='word_1_366' title='bbox 781 3769 876 3831; x_wconf 87' lang='lat' dir='ltr'><strong>nuperi</strong></span> <span class='ocrx_word' id='word_1_367' title='bbox 897 3769 1049 3832; x_wconf 83' lang='lat' dir='ltr'><strong>interpretis</strong></span> <span class='ocrx_word' id='word_1_368' title='bbox 1066 3772 1203 3834; x_wconf 92' lang='lat' dir='ltr'><strong>opiniones</strong></span> 
     </span>
     <span class='ocr_line' id='line_1_41' title="bbox 119 3836 1202 3910; baseline 0.008 -24"><span class='ocrx_word' id='word_1_369' title='bbox 119 3851 216 3900; x_wconf 79' lang='grc' dir='ltr'><strong><em>τονον,</em></strong></span> <span class='ocrx_word' id='word_1_370' title='bbox 245 3841 296 3890; x_wconf 83' lang='grc' dir='ltr'><strong>καὶ</strong></span> <span class='ocrx_word' id='word_1_371' title='bbox 321 3836 457 3910; x_wconf 71' lang='grc' dir='ltr'><strong><em>δεδορκὸς</em></strong></span> <span class='ocrx_word' id='word_1_372' title='bbox 482 3839 641 3901; x_wconf 77' lang='grc' dir='ltr'><strong><em>βλέπουσα,</em></strong></span> <span class='ocrx_word' id='word_1_373' title='bbox 679 3842 822 3906; x_wconf 87' lang='lat' dir='ltr'><strong>disputavit</strong></span> <span class='ocrx_word' id='word_1_374' title='bbox 838 3842 993 3894; x_wconf 82' lang='lat' dir='ltr'><strong>Lueblierus</strong></span> <span class='ocrx_word' id='word_1_375' title='bbox 1010 3844 1036 3892; x_wconf 90' lang='lat' dir='ltr'><strong>in</strong></span> <span class='ocrx_word' id='word_1_376' title='bbox 1056 3845 1202 3895; x_wconf 88' lang='lat' dir='ltr'><strong>Horatianis</strong></span> 
     </span>
     <span class='ocr_line' id='line_1_42' title="bbox 119 3907 1203 3980; baseline 0.006 -19"><span class='ocrx_word' id='word_1_377' title='bbox 119 3907 190 3964; x_wconf 78' lang='lat' dir='ltr'><strong>aiore</strong></span> <span class='ocrx_word' id='word_1_378' title='bbox 207 3919 271 3976; x_wconf 77' lang='grc' dir='ltr'><strong><em>τοῖς</em></strong></span> <span class='ocrx_word' id='word_1_379' title='bbox 286 3914 342 3978; x_wconf 72' lang='grc' dir='ltr'><strong>μὲν</strong></span> <span class='ocrx_word' id='word_1_380' title='bbox 359 3907 471 3978; x_wconf 82' lang='grc' dir='ltr'><strong><em>ἀδίκοις</em></strong></span> <span class='ocrx_word' id='word_1_381' title='bbox 485 3912 584 3976; x_wconf 85' lang='grc' dir='ltr'><strong><em>φόβον</em></strong></span> <span class='ocrx_word' id='word_1_382' title='bbox 594 3915 643 3980; x_wconf 55' lang='grc' dir='ltr'><strong>ἐμ,</strong></span> <span class='ocrx_word' id='word_1_383' title='bbox 678 3929 738 3980; x_wconf 80' lang='lat' dir='ltr'><strong>pag.</strong></span> <span class='ocrx_word' id='word_1_384' title='bbox 758 3918 798 3964; x_wconf 88' lang='lat' dir='ltr'><strong>ll.</strong></span> <span class='ocrx_word' id='word_1_385' title='bbox 819 3943 846 3952; x_wconf 91' lang='lat'>-</span> <span class='ocrx_word' id='word_1_386' title='bbox 868 3917 983 3980; x_wconf 75' lang='lat' dir='ltr'><strong>adspicit]</strong></span> <span class='ocrx_word' id='word_1_387' title='bbox 1003 3917 1081 3980; x_wconf 78' lang='lat' dir='ltr'><strong>Apud</strong></span> <span class='ocrx_word' id='word_1_388' title='bbox 1097 3917 1203 3968; x_wconf 88' lang='lat' dir='ltr'><strong>mathe-</strong></span> 
     </span>
     <span class='ocr_line' id='line_1_43' title="bbox 119 3986 1203 4060; baseline 0.006 -26"><span class='ocrx_word' id='word_1_389' title='bbox 119 3995 224 4048; x_wconf 74' lang='grc' dir='ltr'><strong><em>ποιεῖν,</em></strong></span> <span class='ocrx_word' id='word_1_390' title='bbox 252 3993 315 4050; x_wconf 81' lang='grc' dir='ltr'><strong><em>τοῖς</em></strong></span> <span class='ocrx_word' id='word_1_391' title='bbox 331 3986 363 4040; x_wconf 71' lang='grc' dir='ltr'><strong>δὲ</strong></span> <span class='ocrx_word' id='word_1_392' title='bbox 379 3987 502 4052; x_wconf 66' lang='grc' dir='ltr'><strong><em>δικσλοις</em></strong></span> <span class='ocrx_word' id='word_1_393' title='bbox 518 3986 639 4060; x_wconf 78' lang='grc' dir='ltr'><strong><em>θάρσος.</em></strong></span> <span class='ocrx_word' id='word_1_394' title='bbox 679 3991 792 4040; x_wconf 85' lang='lat' dir='ltr'><strong>maticos</strong></span> <span class='ocrx_word' id='word_1_395' title='bbox 808 3991 915 4053; x_wconf 90' lang='lat' dir='ltr'><strong>proprie</strong></span> <span class='ocrx_word' id='word_1_396' title='bbox 932 3989 1019 4039; x_wconf 87' lang='lat' dir='ltr'><strong>sidera</strong></span> <span class='ocrx_word' id='word_1_397' title='bbox 1036 3992 1094 4053; x_wconf 90' lang='lat' dir='ltr'><strong>ipsa</strong></span> <span class='ocrx_word' id='word_1_398' title='bbox 1110 3991 1137 4040; x_wconf 93' lang='lat' dir='ltr'><strong>in</strong></span> <span class='ocrx_word' id='word_1_399' title='bbox 1150 3993 1203 4042; x_wconf 87' lang='lat' dir='ltr'><strong>sin·</strong></span> 
     </span>
    </p>

    <p class='ocr_par' dir='ltr' id='par_1_7' title="bbox 120 4062 1201 4280">
     <span class='ocr_line' id='line_1_44' title="bbox 150 4062 1201 4127; baseline 0.008 -18"><span class='ocrx_word' id='word_1_400' title='bbox 150 4063 190 4112; x_wconf 86' lang='lat' dir='ltr'><strong>t&#39;i.</strong></span> <span class='ocrx_word' id='word_1_401' title='bbox 209 4063 260 4112; x_wconf 86' lang='lat' dir='ltr'><strong>Seu</strong></span> <span class='ocrx_word' id='word_1_402' title='bbox 276 4062 361 4126; x_wconf 75' lang='lat' dir='ltr'><strong>libro]</strong></span> <span class='ocrx_word' id='word_1_403' title='bbox 379 4063 444 4113; x_wconf 82' lang='lat' dir='ltr'><strong>Tres</strong></span> <span class='ocrx_word' id='word_1_404' title='bbox 460 4065 585 4127; x_wconf 89' lang='lat' dir='ltr'><strong>proponit</strong></span> <span class='ocrx_word' id='word_1_405' title='bbox 595 4065 643 4114; x_wconf 86' lang='lat' dir='ltr'><strong>ho-</strong></span> <span class='ocrx_word' id='word_1_406' title='bbox 678 4063 803 4127; x_wconf 80' lang='lat' dir='ltr'><strong>gulorum</strong></span> <span class='ocrx_word' id='word_1_407' title='bbox 830 4065 969 4114; x_wconf 89' lang='lat' dir='ltr'><strong>hominurn</strong></span> <span class='ocrx_word' id='word_1_408' title='bbox 994 4065 1114 4127; x_wconf 76' lang='lat' dir='ltr'><strong>genitura</strong></span> <span class='ocrx_word' id='word_1_409' title='bbox 1138 4077 1201 4117; x_wconf 88' lang='lat' dir='ltr'><strong>sese</strong></span> 
     </span>
     <span class='ocr_line' id='line_1_45' title="bbox 120 4132 1201 4201; baseline 0.006 -18"><span class='ocrx_word' id='word_1_410' title='bbox 120 4147 244 4199; x_wconf 87' lang='lat' dir='ltr'><strong>roscopos</strong></span> <span class='ocrx_word' id='word_1_411' title='bbox 267 4149 349 4199; x_wconf 90' lang='lat' dir='ltr'><strong>quam</strong></span> <span class='ocrx_word' id='word_1_412' title='bbox 372 4137 487 4186; x_wconf 82' lang='lat' dir='ltr'><strong>maxime</strong></span> <span class='ocrx_word' id='word_1_413' title='bbox 510 4137 639 4196; x_wconf 79' lang='lat' dir='ltr'><strong>diversos,</strong></span> <span class='ocrx_word' id='word_1_414' title='bbox 679 4137 835 4201; x_wconf 89' lang='lat' dir='ltr'><strong>adspiciunt.</strong></span> <span class='ocrx_word' id='word_1_415' title='bbox 871 4138 995 4189; x_wconf 87' lang='lat' dir='ltr'><strong>Hauetho</strong></span> <span class='ocrx_word' id='word_1_416' title='bbox 1020 4140 1047 4197; x_wconf 86' lang='lat' dir='ltr'><strong>l,</strong></span> <span class='ocrx_word' id='word_1_417' title='bbox 1080 4139 1124 4189; x_wconf 81' lang='lat' dir='ltr'><strong>ta:</strong></span> <span class='ocrx_word' id='word_1_418' title='bbox 1147 4132 1201 4189; x_wconf 81' lang='grc' dir='ltr'><strong>Ἦν</strong></span> 
     </span>
     <span class='ocr_line' id='line_1_46' title="bbox 120 4204 1201 4280; baseline 0.006 -24"><span class='ocrx_word' id='word_1_419' title='bbox 120 4207 186 4258; x_wconf 89' lang='lat' dir='ltr'><strong>inter</strong></span> <span class='ocrx_word' id='word_1_420' title='bbox 214 4221 281 4272; x_wconf 91' lang='lat' dir='ltr'><strong>quos</strong></span> <span class='ocrx_word' id='word_1_421' title='bbox 310 4223 393 4260; x_wconf 87' lang='lat' dir='ltr'><strong>unum</strong></span> <span class='ocrx_word' id='word_1_422' title='bbox 422 4210 533 4262; x_wconf 84' lang='lat' dir='ltr'><strong>tortasse</strong></span> <span class='ocrx_word' id='word_1_423' title='bbox 562 4223 641 4260; x_wconf 91' lang='lat' dir='ltr'><strong>suum</strong></span> <span class='ocrx_word' id='word_1_424' title='bbox 678 4205 908 4280; x_wconf 73' lang='grc' dir='ltr'><strong><em>ΚρόνοςἨέλιός</em></strong></span> <span class='ocrx_word' id='word_1_425' title='bbox 922 4212 945 4260; x_wconf 78' lang='grc' dir='ltr'><strong>τ’</strong></span> <span class='ocrx_word' id='word_1_426' title='bbox 957 4204 1049 4275; x_wconf 83' lang='grc' dir='ltr'><strong><em>ἄμφω</em></strong></span> <span class='ocrx_word' id='word_1_427' title='bbox 1064 4210 1201 4264; x_wconf 75' lang='grc' dir='ltr'><strong>κατίδωσι</strong></span> 
     </span>
    </p>
   </div>
   <div class='ocr_carea' id='block_1_6' title="bbox 0 0 1472 4884">
    <p class='ocr_par' dir='ltr' id='par_1_8' title="bbox 0 0 1472 4884">
     <span class='ocr_line' id='line_1_47' title="bbox 0 0 1472 4884; baseline 0 2"><span class='ocrx_word' id='word_1_428' title='bbox 0 0 1472 4884; x_wconf 95' lang='lat' dir='ltr'><strong> </strong></span> 
     </span>
    </p>
   </div>
  </div>
 </body>
</html>
