2934 4884
674 321 802 372 ituatur
819 321 987 372 ctatttttttlt

430 481 569 552 Stratus,
593 497 677 542 nunc
699 476 742 543 ad
763 497 868 563 apiae
890 475 964 542 lene
986 487 1083 563 caput
1102 497 1224 544 sacrae.

431 599 544 666 Multos
566 610 671 664 castra
692 599 801 663 iuvant
822 608 855 664 et
875 596 954 664 lituo
975 596 1073 664 tubae

428 721 605 821 Permixtas
628 720 751 785 sonitus
773 717 923 806 bellaque
946 718 1101 786 matribus

473 843 644 908 Detestata.
689 842 794 907 Manet
816 839 877 908 sub
900 841 976 906 love
998 841 1112 928 frigido
1352 845 1397 908 25

430 965 567 1030 Venator
588 973 720 1028 tenerae
741 961 887 1048 coniugis
909 962 1092 1039 immemor,

429 1085 493 1150 Seu
514 1083 585 1148 visa
607 1093 657 1148 est
678 1081 791 1150 catulis
813 1103 910 1149 cerva
932 1081 1096 1159 fidelibus,

428 1206 494 1272 Seu
516 1203 601 1292 rupit
623 1213 741 1271 teretes
765 1205 889 1270 Marsus
911 1225 990 1291 aper
1013 1205 1134 1292 plagas.

365 1399 406 1446 25.
424 1393 576 1531 Detestanda
592 1394 692 1444 Luctat.
713 1391 781 1442 Plac.
800 1393 914 1449 adstat.
934 1391 1016 1442 Theb.
1037 1393 1061 1452 3,
1078 1393 1146 1453 377,
1166 1394 1218 1443 duo
1236 1397 1360 1446 Pettierii

335 1473 370 1532 li.
390 1473 417 1520 et
435 1471 483 1520 42.

334 1649 375 1696 22.
393 1648 458 1711 bne]
485 1647 539 1696 «sd
565 1647 664 1696 iontem
683 1644 779 1695 leniter
796 1647 823 1695 et
858 1657 953 1706 uasqase
967 1645 1045 1706 rapit.
1065 1671 1093 1680 -
1111 1646 1218 1710 termae]
1236 1647 1391 1704 «invenis·‚

301 1724 374 1784 grate
392 1724 630 1770 murmurantem.»
649 1721 714 1770 suas
730 1721 757 1769 in
774 1721 823 1769 Sa·
859 1719 946 1782 potius
964 1731 1045 1780 quam
1063 1719 1177 1768 «amoris
1193 1719 1320 1781 plenae».

301 1794 701 1855 binorusiicaticnesdescribil,
715 1795 822 1858 quando
891 1793 933 1843 28.
967 1793 1045 1856 mpn]
1075 1793 1120 1841 «Si
1140 1794 1275 1858 perruptis
1302 1793 1392 1858 plagis

300 1868 362 1919 nihil
380 1867 450 1919 aliud
468 1869 576 1932 agebat,
596 1882 677 1933 quam
693 1872 724 1918 ut
740 1869 822 1919 Genio
860 1869 1003 1918 evaserit.»
1036 1870 1121 1919 Nemo
1146 1869 1201 1919 iam
1225 1868 1388 1934 explicabit:

301 1942 462 2006 indulgeret,
489 1943 557 1992 liber
578 1945 658 1994 etiam
678 1959 693 1993 a
711 1943 821 2006 poeticis
860 1943 900 1992 «Si
922 1943 1047 2006 irruperit
1066 1943 1094 1992 in
1116 1940 1241 2006 plagas.»
1280 1945 1392 1994 Marso-

301 2019 380 2068 curis.
398 2019 438 2068 Ad
451 2019 637 2069 sontesautem
650 2019 822 2080 erantNym-
858 2030 918 2066 mm
946 2020 1038 2067 autem
1066 2019 1138 2081 regio
1166 2015 1285 2068 saltuosa
1316 2019 1391 2082 apris

299 2093 413 2156 pharum
422 2093 558 2156 ipsiusque
568 2093 644 2143 lonis
654 2091 759 2144 sacella.
773 2093 822 2141 Se-
858 2089 1013 2140 abundabat
1023 2094 1138 2143 maxime
1151 2094 1220 2142 circa
1229 2091 1324 2144 lacum
1336 2093 1390 2142 Fu-

301 2180 367 2216 neca
384 2167 431 2230 Ep.
451 2167 495 2218 tt:
522 2169 675 2230 Mapnorum
688 2168 822 2234 timim
859 2166 956 2215 einum.
969 2169 1101 2232 -teretesJ
1115 2181 1163 2217 aex
1174 2166 1297 2218 tuniculis
1310 2179 1390 2218 ccm-

299 2243 552 2304 eapitaveneramur,
565 2241 821 2305 --coltmturuquc-
857 2239 959 2304 plicatis
993 2243 1020 2290 et
1052 2242 1178 2292 contortis
1213 2255 1388 2293 connexae.-

299 2330 358 2366 rum
374 2317 507 2366 calentium
522 2317 609 2378 fontes.
858 2314 1034 2380 (scalpedreltt.)

332 2430 372 2479 ⁶²³·
393 2428 584 2478 mmmm·
596 2429 618 2486 ⁴·
630 2429 674 2478 ⁹⁸³
693 2428 822 2478 N⁰”⁶“¹’“
857 2388 1126 2523 444943341ξέιέιέ
1135 2388 1270 2514 ‘llam
1284 2391 1388 2515 {ffl-

858 2537 979 2600 guendae
991 2541 1114 2590 sunttres
1124 2541 1271 2589 sententiae
1281 2554 1328 2589 w.
1342 2539 1383 2588 29.

858 2610 957 2663 34436.
981 2613 1105 2662 nimirum
1122 2613 1166 2674 ita,
1185 2617 1297 2666 remotis
1314 2616 1386 2664 ima-

857 2685 974 2748 ginibus:
995 2686 1053 2749 (29.)
1073 2689 1129 2738 «lle
1145 2701 1211 2738 vero
1227 2689 1288 2753 plus
1300 2701 1384 2754 quam

857 2759 907 2809 alia
924 2761 1013 2810 omnia
1024 2760 1157 2812 delectant
1168 2763 1254 2814 studia
1264 2766 1381 2827 poetica,

331 2838 371 2888 25.
398 2838 438 2886 46.
466 2838 603 2901 Detestata]
639 2832 818 2902 παθητικῶς,
857 2834 954 2898 quibus
970 2836 1036 2888 dum
1052 2849 1128 2898 vaco,
1146 2849 1282 2905 summam
1299 2836 1384 2888 ielici-

300 2916 329 2962 ut
344 2913 398 2961 Cic.
412 2910 446 2960 de
459 2913 537 2973 Legg.
550 2913 574 2972 2,
589 2912 615 2960 44
628 2925 633 2959 :
653 2912 821 2972 mistaeque
856 2911 940 2962 tatem
960 2912 1086 2976 adeptus,
1108 2913 1178 2962 inter
1197 2913 1262 2964 deos
1278 2913 1383 2963 versari

299 2987 384 3035 mnata
415 2985 537 3034 eimmodt
563 2987 722 3054 repudianda
752 2989 818 3034 sant.
857 2986 922 3035 mihi
941 2985 1048 3046 aide0r3
1072 2987 1130 3050 (30.)
1157 3001 1190 3036 ac
1210 2989 1381 3052 praesertim,

298 3059 408 3123 Philipp.
430 3059 454 3118 4,
473 3059 497 3108 4.
516 3063 659 3109 macuta
675 3060 740 3109 item
757 3071 820 3123 pes-
857 3058 903 3108 ubi
919 3059 991 3113 solus
1007 3058 1065 3110 luca
1082 3072 1195 3110 amoena
1211 3061 1381 3124 perambulo,

300 3137 364 3187 sive.
400 3133 483 3199 Epod.
509 3135 553 3192 46,
571 3135 600 3184 8:
626 3135 821 3196 parentibusque
856 3133 939 3196 lyrica
949 3136 1065 3186 carmina
1074 3135 1214 3195 meditans,
1224 3133 1381 3198 plebilonge

298 3211 456 3260 abmniuatas
486 3209 619 3258 Hannibal.
657 3237 684 3246 -
718 3207 820 3274 Manet]
857 3211 1023 3272 superiorem
1047 3223 1092 3260 me
1117 3224 1178 3261 esse
1200 3212 1295 3260 sentio.
1320 3210 1380 3273 (36.)

300 3288 478 3349 «pernoctat»
501 3285 543 3334 Sic
555 3285 608 3334 Cic.
623 3285 658 3334 ad
669 3287 720 3335 444.
734 3287 758 3344 5,
774 3284 818 3333 tt:
858 3283 956 3342 Quodsi
974 3286 1003 3334 tu
1019 3296 1140 3348 quoque,
1159 3285 1204 3349 qui
1221 3285 1334 3335 idoneus
1352 3296 1381 3332 es

299 3361 326 3409 in
342 3360 502 3409 nammatio
517 3373 628 3410 manere.
649 3386 677 3396 -
694 3355 819 3423 aulone]
857 3356 936 3410 buius
960 3357 1090 3410 facultatis
1114 3361 1210 3421 iudex,
1239 3363 1380 3424 postamm

300 3433 448 3484 «subdia»
474 3433 584 3484 Ennius:
603 3435 661 3483 Istic
678 3437 711 3482 est
727 3434 820 3493 tslup-
857 3431 1001 3493 lyricorum
1018 3434 1070 3484 hoc
1087 3436 1193 3484 nomine
1209 3449 1273 3486 vere
1286 3437 1380 3498 digno-

296 3509 372 3568 ptiar,
385 3521 457 3569 quen
469 3509 532 3569 duc,
546 3522 618 3570 quem
630 3509 720 3558 Graeci
729 3511 821 3556 vocant
857 3519 918 3556 rum
937 3521 1049 3557 numero
1070 3522 1114 3558 me
1137 3509 1291 3570 adscribes,
1319 3521 1377 3570 ege,

297 3576 384 3650 Ἀέρα.
403 3581 450 3630 0d.
464 3581 488 3641 3,
503 3582 543 3640 40,
556 3583 585 3630 7:
608 3584 682 3632 cade
692 3587 720 3631 ut
730 3582 822 3646 plectet
857 3584 984 3632 romanae
998 3584 1087 3646 fidum
1098 3585 1178 3645 iprae,
1196 3583 1293 3647 gloriae
1304 3595 1380 3635 sern-

299 3655 366 3704 nives
381 3668 446 3716 puro
464 3657 566 3704 namne
585 3656 703 3717 Iuppiter.
734 3655 817 3720 Epod.
857 3658 976 3720 piternae
998 3660 1087 3707 certus
1108 3672 1180 3708 ero.»
1214 3658 1377 3708 intormem
1449 3704 1450 3711 .

300 3729 340 3789 43,
351 3730 379 3778 2:
390 3729 506 3789 amesque
513 3730 730 3780 deducuntlosem.
744 3730 818 3780 Ovid.
857 3731 981 3780 orationis
999 3731 1090 3780 confer
1105 3732 1153 3782 0d.
1172 3733 1196 3792 4,
1214 3733 1254 3791 34,
1274 3734 1317 3781 tt:
1337 3730 1378 3779 lle

301 2503 445 2567 (peditum,
465 2515 530 2553 sono
548 2502 632 2564 gravi)
650 2503 752 2563 directi,
770 2517 821 2552 aaa

299 2580 365 2627 aeris
381 2591 477 2626 cmaua
493 2577 566 2641 steni,
593 2576 672 2628 lituus
690 2577 818 2640 equitum,

300 2665 365 2700 sono
382 2653 468 2700 acuto.
504 2651 637 2712 Significat
652 2663 756 2714 pugnae
769 2652 820 2700 ini-

299 2727 377 2786 tium,
397 2725 442 2775 ubi
460 2724 601 2776 classicum
618 2727 728 2775 canitur.
744 2728 748 2734 '

300 3807 368 3855 Fast.
386 3805 410 3864 3,
429 3805 490 3854 327:
517 3805 568 3854 sat
584 3807 640 3854 love
653 3819 717 3867 pars
734 3808 819 3867 dwat,
852 3806 1066 3868 potamioenae,
1083 3821 1123 3857 me
1139 3809 1252 3857 deborae
1268 3808 1377 3866 leucatas

254 3907 258 3918 ·
297 3882 605 3942 paucitontcrtaponant.
625 3881 817 3940 tutatast:
855 3881 962 3929 mutuae
978 3908 1006 3915 -
1023 3883 1162 3947 metam]
1180 3880 1374 3942 Tib.l,l,6t:

302 3957 337 4004 Tu
352 3957 408 4006 nive
425 3957 528 4006 Lucana
544 3955 637 4004 domnis
653 3959 776 4014 ocreatus,
793 3960 821 4003 ut
855 3956 978 4014 Pieridas,
993 3957 1081 4018 pieri,
1099 3959 1214 4008 ductaret
1224 3955 1376 4016 armtcpoe‘-

301 4044 393 4092 aprum
409 4033 512 4082 coenem
528 4044 581 4094 epo.
612 4031 666 4080 Liv.
685 4033 709 4092 t,
723 4029 752 4078 6:
775 4030 820 4077 Ve-
857 4030 1096 4089 mr,ubi1)issen:
1116 4026 1376 4082 «DoctauLatinsdi-

300 4106 379 4154 nundi
399 4105 508 4154 studim
528 4119 559 4155 ae
579 4105 694 4167 volupiae
712 4103 820 4156 domim
857 4103 925 4152 citur
932 4106 1039 4155 omnino
1047 4117 1112 4156 suae
1124 4108 1235 4170 quisquc
1249 4105 1312 4155 artis
1326 4113 1375 4166 pe·

297 4193 344 4242 per
364 4178 432 4229 nucu
452 4185 475 4229 et
492 4181 599 4242 maanus
619 4180 646 4228 in
665 4183 758 4230 mentes
774 4178 819 4227 sit·
857 4178 930 4239 rii-us,
949 4181 1078 4230 uiliorat.
1094 4181 1117 4242 4,
1130 4182 1171 4242 29,
1185 4183 1208 4230 9.
1227 4180 1300 4230 Ovid.
1313 4177 1372 4228 net.
