2934 4884
671 347 799 398 donaro
817 347 985 398 cadurtium

628 736 862 799 cm
889 737 1020 798 XXV·

459 907 590 972 Parcius
613 907 737 973 iunctas
760 907 905 994 quatiunt
926 907 1081 974 fenestras

461 1027 578 1094 lctibus
600 1028 724 1094 crebris
747 1028 880 1095 iuvenes
902 1030 1058 1116 protervi,

458 1151 524 1216 Nec
546 1148 601 1215 tibi
624 1170 755 1216 somnos
777 1149 934 1230 adimunt,
959 1161 1108 1238 amatque

585 1273 684 1338 lanua
705 1271 817 1348 limen,

356 1510 431 1560 XXV.
466 1510 549 1558 inser⁴
568 1505 636 1571 volg.
670 1508 709 1557 Ad
723 1508 838 1568 Lydum.
864 1533 891 1543 —
909 1507 947 1557 Ad
962 1507 1069 1568 Lydium
1084 1507 1114 1557 de
1130 1507 1246 1570 spodio
1261 1510 1341 1572 ipsius

324 1587 371 1634 ST.
392 1612 419 1620 -
439 1585 462 1632 t.
480 1584 576 1632 vinctos
594 1581 693 1632 «eodd.
712 1581 812 1644 aliquot
827 1581 881 1630 mei
899 1583 924 1630 ot
942 1579 1078 1632 aliorum.»
1096 1584 1188 1632 Bnnrn.
1210 1610 1237 1620 -·
1256 1585 1280 1634 2.
1299 1585 1341 1633 Ia-

325 1659 403 1708 ctious
419 1655 575 1723 Bthflyu,
595 1658 739 1722 Cruquiapi
755 1657 863 1720 praeter
879 1668 961 1705 unum
978 1670 1086 1718 omnes,
1110 1658 1177 1708 Jahn
1194 1657 1274 1708 solus.
1301 1661 1342 1722 (Ut

325 1747 374 1782 nos
391 1730 439 1792 sd,
458 1727 551 1795 μνξω,
570 1733 637 1781 Pott.
656 1731 681 1791 8,
700 1733 741 1792 tt,
761 1729 811 1793 tr.)
831 1757 858 1767 -
877 1731 900 1781 3.
920 1745 1014 1783 soona
1030 1733 1057 1781 T.
1079 1759 1107 1768 -
1125 1735 1149 1782 5.
1168 1734 1254 1796 faciles
1272 1732 1336 1784 bed.

327 1805 423 1868 (Ceteri
434 1807 525 1868 nostri,
545 1822 578 1855 «κ
594 1819 656 1855 cum
673 1804 772 1869 aliquot
788 1803 864 1856 aliis»
882 1805 1004 1866 Bentleii,
1025 1806 1108 1856 Codd.
1130 1806 1220 1858 Bland.
1236 1809 1340 1872 facitu)

325 1949 401 2034 ru'tv.
437 1983 548 2048 Lydiae,
571 1983 674 2048 puellae
692 1981 755 2033 olim
773 1983 814 2032 ni·
850 1985 915 2033 Aen.
935 1984 959 2045 i,
979 1983 1039 2032 ⁴65:
1066 1997 1189 2046 menone
1212 1985 1311 2046 tompore
1332 1985 1378 2034 lu-

293 2060 344 2108 mis
367 2058 450 2109 durae
472 2073 504 2108 ao
525 2058 671 2122 superbae,
700 2059 814 2121 quantus
850 2063 954 2108 cessum,
974 2058 1021 2120 (Ct.
1034 2060 1123 2108 tamen
1136 2057 1376 2110 Paldamusttdain.

292 2136 402 2197 propter
412 2136 578 2184 senectutem
588 2132 722 2197 paullatim
732 2131 814 2182 obre·
850 2135 915 2183 Μω.
933 2133 965 2182 N.
984 2134 1012 2182 F.
1031 2133 1073 2182 Vl.
1086 2145 1113 2196 p.
1128 2133 1194 2194 632.)

293 2210 402 2272 pentem
420 2209 545 2259 iuvenum
567 2209 735 2272 contemptus
752 2219 815 2256 mox
884 2207 939 2257 3-6.
967 2209 1085 2271 Propert.
1104 2209 1133 2268 2,
1151 2208 1194 2268 49,
1211 2209 1235 2258 5.
1252 2207 1288 2256 ad
1299 2209 1379 2270 Cyn-

294 2296 354 2332 eum
372 2283 568 2342 mansur-ussit,
585 2284 707 2333 nousine
723 2295 815 2332 amara
853 2282 936 2332 thiam
952 2293 999 2332 rus
1015 2281 1175 2346 proiectam:
1203 2282 1279 2332 Notio
1295 2297 1381 2344 neque

294 2358 413 2408 irrisione
439 2358 576 2421 praedicit.
611 2359 745 2407 incertum
771 2371 816 2408 re·
853 2362 911 2406 onte
927 2361 984 2406 tuos
1001 2356 1096 2405 orietur
1105 2357 1304 2420 rtrasenestras,
1322 2359 1380 2407 Nec

295 2435 385 2481 manet
396 2433 474 2482 huius
487 2432 611 2481 carminis
627 2434 748 2494 tempus,
767 2432 815 2481 etsi
853 2431 896 2480 tibi
913 2431 1037 2480 elmoaldo
1053 2443 1152 2480 sonoros
1162 2445 1266 2481 aarum
1276 2433 1331 2482 orit.
1345 2461 1377 2469 -

294 2506 370 2568 volgo
388 2507 507 2556 referunt
527 2505 563 2554 ad
579 2519 603 2554 n.
622 2505 678 2555 rat.
697 2504 740 2555 vel
757 2506 814 2555 735.
854 2507 979 2571 maeque]
996 2507 1067 2570 virg.
1088 2508 1154 2556 Aen.
1176 2507 1201 2567 o,
1220 2506 1281 2556 ⁴63:
1305 2507 1381 2557 tuns

329 2580 351 2628 t.
386 2581 493 2645 incretos]
521 2579 611 2630 valvas
640 2579 816 2630 fenestrarum
854 2595 926 2642 uota,
946 2594 1031 2630 serva.
1073 2583 1176 2644 «Aegre
1198 2582 1276 2644 igitur
1295 2582 1379 2632 ianua

294 2666 356 2704 sera
373 2652 501 2705 occlusas.
528 2654 602 2704 Ovid.
622 2657 739 2706 exPont.
753 2655 777 2714 3,
791 2654 815 2714 3,
853 2656 955 2706 recedit
972 2655 1097 2718 elimina,
1117 2655 1241 2705 obserata
1253 2658 1306 2706 iam
1318 2669 1381 2706 ma-

294 2728 325 2777 o:
353 2728 475 2790 senescau
502 2729 600 2792 bifores.
631 2755 660 2766 -
687 2730 817 2793 [merom]
855 2733 908 2790 net,
927 2743 996 2793 qnae
1018 2731 1078 2778 ante
1101 2731 1207 2780 muttum
1226 2731 1320 2792 (aditu,
1349 2735 1379 2782 te

295 2801 370 2851 Ovid.
393 2805 423 2852 Α.
447 2804 477 2851 Α.
501 2803 526 2865 3,
550 2804 611 2854 605:
647 2805 709 2854 tien
731 2804 819 2854 oratius
855 2808 1003 2855 amatorum
1031 2804 1156 2867 precibus
1184 2803 1313 2864 cedente,
1343 2805 1380 2856 tt-

295 2877 391 2940 [oribur
427 2879 522 2938 possis,
568 2880 671 2929 admitte
710 2881 819 2944 fenestm
855 2879 1009 2931 beatissime
1028 2881 1054 2928 et
1071 2878 1378 2944 crebroaperiebatur.·

295 2953 453 3000 amatorem.
484 2953 537 3003 Cir.
550 2953 652 3005 Becker
665 2954 815 3018 Gettusted.
854 2956 945 3006 Facitis
969 2956 1049 3003 ianua
1075 2954 1162 3017 potius
1189 2955 1268 3016 iungo
1294 2967 1379 3017 quam

295 3023 350 3089 alt.)
369 3027 401 3076 11.
419 3041 445 3090 p.
465 3028 523 3077 nat.
854 3031 969 3080 cardines
993 3028 1075 3092 facitis
1091 3041 1180 3078 accus.
1204 3029 1284 3092 antiq.
1321 3027 1376 3076 Cir.

327 3102 353 3151 2.
386 3101 485 3167 Ictibus]
514 3101 596 3166 Volgo
624 3103 756 3168 explicant
783 3105 817 3154 de
855 3103 947 3156 Tibull.
967 3105 990 3163 t,
1008 3105 1033 3164 2,
1053 3103 1080 3151 7:
1107 3105 1190 3152 tenuo
1206 3101 1313 3168 difficilis
1328 3103 1379 3151 do-

295 3176 429 3240 necdone,
445 3175 542 3239 quibus
559 3177 738 3241 effringantur,
766 3180 818 3229 Sed
853 3181 944 3228 minae.
979 3178 1053 3229 Ovid.
1075 3180 1134 3227 Am.
1154 3178 1179 3239 t,
1202 3179 1226 3239 6,
1244 3179 1276 3227 2:
1299 3177 1379 3241 Diffi-

295 3254 423 3316 praestat,
442 3252 543 3315 opinor,
563 3250 597 3302 de
613 3251 818 3316 lapidumiaeti-
854 3255 924 3304 mern
950 3259 1016 3303 moto
1043 3254 1147 3302 cordiae
1169 3254 1254 3315 pundo
1285 3253 1375 3316 form.

296 3325 347 3376 bus
360 3325 501 3391 explicare,
515 3340 577 3376 cnm
590 3327 712 3378 vectibus
730 3329 757 3377 et
774 3341 818 3390 se·
855 3329 951 3378 Contra
976 3329 1066 3378 iuven.
1089 3326 1114 3389 i,
1137 3326 1181 3377 63:
1210 3327 1279 3390 faciti
1300 3333 1380 3390 putit-

296 3401 405 3452 eurihns
417 3403 504 3466 potius
516 3404 610 3452 ianuae
623 3405 816 3466 expugnentur,
854 3407 927 3452 eruat
942 3402 1045 3452 cardine
1060 3401 1157 3451 natoue.
1173 3429 1201 3438 —
1219 3401 1324 3454 eroon
1333 3403 1378 3464 sa-

297 3477 354 3539 (0d.
373 3477 397 3536 3,
416 3477 457 3537 26,
476 3477 500 3527 3.
529 3479 556 3527 et
576 3477 687 3527 Theocr.
710 3479 735 3536 2,
755 3477 816 3527 tut:
854 3477 963 3542 cilis]ut
979 3477 1031 3526 Sat.
1052 3478 1075 3534 t,
1094 3477 1118 3538 3,
1137 3477 1182 3526 57:
1209 3477 1316 3526 muttian
1332 3479 1379 3526 de—

297 3544 460 3620 εἰ-ἁθύρα
471 3549 565 3612 εἴχετο
574 3548 686 3618 μόχλῳ,
698 3547 819 3612 Πάντως
854 3553 942 3602 mnata
958 3551 1037 3601 herm.
1072 3553 1125 3601 Sat.
1144 3553 1168 3612 2,
1192 3551 1217 3612 3,
1237 3549 1297 3602 ttr:
1323 3565 1380 3600 mo-

296 3624 346 3673 xat
363 3624 488 3688 πελέκεις
504 3626 554 3676 κα)
570 3623 716 3690 λαμπάδες
727 3617 819 3690 dodon
855 3629 924 3676 dicus
938 3627 1044 3676 muttum
1059 3627 1131 3676 ceter.
1166 3628 1334 3677 Burmannus
1352 3629 1380 3677 et

296 3698 343 3759 ἐφ’
360 3691 471 3764 ὑμέας.)
497 3715 547 3750 nec
569 3699 644 3750 facile
661 3699 711 3752 illis
728 3701 819 3764 attingi
856 3702 1031 3762 Schraderus,
1059 3703 1105 3764 qui
1130 3702 1269 3752 coniecere
1294 3703 1381 3752 mauis

296 3771 399 3837 possint
424 3772 538 3824 cubiculi
564 3776 705 3826 fenestrae.
747 3775 819 3826 Mera
854 3776 949 3838 [aaa.
973 3777 1045 3826 hunc
1062 3789 1140 3826 nsum
1160 3791 1184 3826 v.
1203 3777 1309 3826 manen
1325 3790 1378 3826 non

298 3844 436 3909 explicatio
444 3847 549 3898 videtur
558 3849 640 3900 altera
649 3849 817 3901 leetiocodd.
855 3849 979 3899 videntur
995 3849 1148 3900 attendisse.

297 3919 407 3983 quidem
429 3923 565 3986 antiquiss.
591 3927 619 3974 et
637 3925 818 3989 perbonorum
889 3925 912 3973 t.
947 3925 996 3988 dte]
1031 3922 1321 3994 παρακλαυσίθυρον,
1349 3929 1379 3974 ut

297 3995 409 4046 iactibus.
439 3997 492 4046 Sed
508 3999 572 4049 ictio
587 4013 694 4064 quoque
706 4001 740 4051 de
753 3999 820 4065 lapi·
857 3998 903 4049 ud.
918 3999 942 4059 3,
956 4000 1007 4059 to,
1029 4000 1084 4049 sivo
1103 3999 1232 4049 cantilena
1251 4005 1292 4050 est
1303 4011 1380 4048 ama-

298 4069 363 4119 dum
373 4071 537 4122 coniectione
548 4074 734 4124 rectedicitur.
748 4076 817 4137 virg.
857 4077 960 4124 torum:
981 4075 1068 4125 «Dum
1087 4087 1149 4137 ego,
1168 4077 1229 4125 tuns
1246 4075 1290 4138 qui
1308 4086 1378 4134 sum,

298 4146 363 4194 Aen.
383 4146 423 4206 ts,
442 4144 504 4195 aot:
527 4147 609 4212 (lapis)
627 4161 705 4210 oeth
718 4148 821 4210 per-totto
857 4161 907 4212 per
922 4147 1013 4212 longas
1031 4151 1121 4200 noctes
1141 4147 1264 4200 exclusus
1282 4161 1379 4198 excnr-

298 4221 387 4281 ictum;
413 4223 441 4270 et
466 4219 500 4272 de
525 4221 638 4285 pilorum
663 4221 820 4274 iaculatione
858 4224 913 4274 eior
924 4225 996 4275 cet.»
1017 4251 1042 4260 -
1060 4223 1162 4276 Similes
1174 4225 1379 4288 imprecationes
