2934 4884
275 333 338 400 744
676 334 806 386 44444444
824 332 952 386 cronon

360 490 499 558 Findnnt
520 489 709 557 Scamandri
731 488 864 555 llumina
886 487 1031 556 lubricus
1052 497 1086 552 44
1107 486 1238 562 Simois,

318 610 409 679 Unde
432 610 488 678 tibi
511 610 650 678 reditum
671 619 761 678 certo
784 609 970 676 subtemine
992 609 1113 675 Parcae
1328 605 1368 670 45

363 734 506 820 Rupere,
529 752 592 799 nec
613 741 716 798 mater
737 729 869 797 domum
891 727 1023 797 caerula
1045 739 1076 796 le
1098 727 1240 795 revehet.

338 949 378 999 46.
396 952 470 999 carrio
485 945 603 998 mdabat
619 945 763 999 Benllelus.
783 945 880 1008 (Nostri
896 945 986 1010 certo)

272 1141 305 1194 dl
325 1138 525 1214 Σκάμανδρον.
565 1143 666 1192 Varum
686 1153 799 1206 progre-
838 1139 943 1190 obitum
964 1140 991 1190 tn
1012 1140 1101 1190 Leuce
1123 1137 1209 1190 insula
1226 1140 1281 1192 vita
1300 1141 1368 1192 bea-

273 1220 365 1271 dlente
390 1219 512 1282 tempore
533 1215 576 1266 vel
598 1230 632 1267 ex
647 1217 724 1281 parte
742 1217 800 1265 erat
838 1214 940 1265 tissima
958 1213 1006 1264 cir.
1020 1213 1157 1277 egregium
1174 1213 1282 1264 444ιί4444
1297 1215 1368 1276 Tyrii

274 1293 425 1344 exsiccatus
435 1290 477 1342 vel
490 1290 643 1342 bominibus
654 1289 732 1353 longa
747 1289 800 1340 mi·
836 1286 927 1340 locum
935 1288 1004 1339 Dies.
1016 1289 1056 1338 tlt.
1065 1290 1132 1338 4444.
1141 1300 1167 1350 p.
1176 1287 1218 1337 49.
1227 1287 1272 1337 ed.
1284 1288 1366 1338 Paris.

274 1363 726 1425 norlamaliomaricavidebatur,
747 1375 800 1412 un·
839 1390 867 1399 -
885 1363 961 1427 certo]
980 1361 1167 1423 «immutabili,
1194 1362 1365 1414 inevitabili».

273 1441 309 1492 de
326 1442 424 1491 Lucan.
447 1439 475 1501 9,
494 1440 552 1490 974.
579 1439 726 1489 rhetorica:
755 1437 799 1486 lo·
838 1436 969 1487 844444444444
992 1437 1072 1486 etlam
1099 1435 1170 1500 apud
1195 1435 1292 1486 Catuli.
1316 1436 1365 1494 el,

273 1516 339 1564 444444
359 1517 387 1564 tn
410 1515 475 1564 44444
491 1518 628 1576 serpentem
640 1513 745 1575 pauore
760 1513 800 1560 44-
837 1509 894 1560 327.
914 1509 948 1559 de
961 1510 1105 1559 Parcarum
1123 1507 1182 1560 iilis.
1213 1509 1364 1573 Virgllen.

272 1601 333 1638 444444
356 1589 512 1649 Transierat,
539 1588 583 1649 gui
598 1587 713 1637 4444444444
732 1590 798 1636 erut
838 1583 883 1643 43,
901 1581 965 1634 all:
983 1584 1156 1644 extraneoque
1170 1584 1256 1633 Lauro
1271 1586 1366 1634 Pareae

273 1664 359 1725 Atque
376 1662 485 1712 omnino
510 1662 537 1711 in
561 1659 657 1711 talibus
674 1659 799 1723 epithetis
834 1657 983 1721 4444444444.
1002 1658 1058 1707 lam
1070 1657 1364 1721 usustroquantissima

273 1735 393 1786 locorum
425 1735 586 1798 praesertim
613 1747 629 1784 a
656 1732 799 1784 scribentis
837 1732 952 1795 imagine
977 1731 1013 1782 iili
1038 1735 1183 1783 Parcarum
1206 1734 1276 1783 secti
1303 1729 1364 1784 nihil

272 1809 358 1874 patria
381 1810 549 1859 remotorum
570 1806 722 1859 libertatem
748 1807 800 1858 iln-
837 1805 909 1857 aliud
925 1806 989 1857 dicit
1006 1820 1087 1871 quam
1108 1807 1174 1866 boc;
1203 1809 1295 1857 «certo
1312 1808 1364 1858 lato

273 1881 353 1947 gandi
393 1881 445 1932 sibi
477 1880 645 1933 indulsanrnt
682 1881 797 1946 poetne;
836 1881 1157 1932 abmiodoottttireditian
1169 1881 1227 1945 (Ep.
1242 1882 1284 1942 46,
1303 1882 1362 1944 34],

273 1955 345 2008 unda
361 1954 506 2006 reiicienda
522 1959 565 2007 444
581 1956 798 2006 lineamentum
837 1954 926 2005 redire
939 1957 964 2005 le
976 1957 1068 2006 vetant
1084 1957 1219 2014 Parcaa;»
1235 1969 1293 2005 nec
1305 1969 1365 2006 con-

271 2032 340 2093 pai.
376 2030 431 2081 Cir.
449 2029 529 2081 lacob
546 2029 665 2089 Quaestt.
679 2042 723 2092 ep.
737 2040 797 2092 pag.
837 2030 902 2080 strui
920 2031 1010 2093 potest
1025 2031 1120 2078 Parem
1136 2034 1204 2080 certo
1218 2029 1362 2086 4444444444,

273 2105 331 2155 464.
349 2103 518 2156 ln'lleinelii
535 2105 627 2154 autem
643 2103 712 2152 conl.
726 2101 799 2150 baud
837 2117 922 2166 «qnae
948 2105 1053 2154 certum
1079 2101 1152 2153 illurn
1177 2104 1277 2167 cuique
1302 2117 1363 2155 nere

273 2189 437 2242 magnopere
454 2175 543 2241 placet
557 2171 704 2239 ἀντίθεσις
723 2189 798 2227 mere
836 2175 958 2237 solent»,
988 2190 1077 2241 neque
1105 2176 1253 2241 legendum
1278 2183 1362 2236 444444,

273 2251 400 2303 ovidiana
411 2251 663 2313 tardi-dulmene,
681 2264 751 2315 quae
764 2249 798 2300 ab
837 2251 910 2316 quod
927 2265 986 2303 voc.
1005 2265 1115 2316 semper
1135 2251 1310 2304 mutilationis
1328 2253 1364 2302 si-

274 2326 374 2376 lloratii
399 2322 487 2375 indole
513 2323 660 2375 abhorrere
683 2324 798 2376 videtur.
836 2325 1033 2390 gnlficntionem
1055 2327 1153 2378 retinet
1173 2339 1223 2376 nee
1242 2326 1362 2378 substitui

274 2399 433 2463 (4449444444
448 2399 553 2463 24444449
570 2397 643 2450 4343.
661 2412 722 2463 pag.
736 2399 797 2449 309:
836 2401 926 2465 polest
950 2414 976 2451 v.
1004 2399 1092 2450 breuis¹
1122 2428 1149 2437 -
1176 2401 1298 2466 44444444]
1323 2413 1360 2465 pr.

273 2475 326 2524 Der
336 2473 444 2533 simois,
461 2475 526 2535 joui
541 2472 737 2535 Bonarbaschi,
755 2475 801 2524 dos
839 2475 936 2525 «maris
953 2473 1072 2526 colorem
1089 2473 1205 2535 habens,
1231 2476 1360 2534 marina»,

181 2601 188 2608 ,
273 2549 317 2608 ist,
335 2549 392 2597 4444
406 2549 509 2610 Haupt
525 2549 578 2597 4444·
597 2548 733 2611 osellae,
769 2549 802 2598 ist
836 2547 930 2599 utOd.
950 2549 978 2609 l,
1002 2549 1047 2609 47,
1070 2549 1111 2599 so.
1139 2550 1236 2600 Circen
1258 2551 1362 2599 44444444

273 2623 314 2672 aio
336 2623 433 2686 44444444
461 2623 503 2672 des
527 2621 709 2684 Scamander,
736 2623 801 2685 jctst
837 2621 908 2672 dicit.
928 2623 1049 2685 Propert.
1062 2624 1091 2685 i,
1104 2623 1132 2684 9,
1152 2624 1193 2674 la.
1216 2623 1252 2674 dc
1265 2621 1362 2674 Achille

273 2695 411 2749 ldendere.
427 2722 453 2733 -
474 2698 601 2747 Ceterum
617 2697 652 2746 da
671 2697 800 2761 oppositis
837 2698 939 2747 occiso:
966 2696 1029 2746 Cum
1049 2697 1093 2747 4444
1109 2710 1153 2748 nec
1172 2698 1260 2748 Ρ444ι44
1276 2699 1362 2748 adem

273 2771 408 2822 interdum
425 2770 573 2821 eorundem
591 2771 797 2822 ilnviorumcet.
836 2783 881 2821 4444
897 2771 1001 2821 coemto
1016 2777 1106 2822 4444444.
1137 2773 1208 2823 «Nec
1235 2773 1295 2836 ipsa
1320 2774 1361 2820 tua

272 2845 417 2906 ἐπιθέτοις
428 2843 500 2906 apud
510 2845 604 2907 poetas
616 2843 724 2894 consula
734 2845 799 2895 lehn
836 2847 936 2906 mater,
955 2844 1005 2896 dea
1023 2847 1117 2908 maris,
1135 2843 1216 2897 veluti
1233 2859 1361 2911 praesens

273 2917 308 2969 ad
333 2918 405 2980 virg.
431 2919 498 2967 Aen.
527 2919 556 2977 4,
584 2917 641 2967 347.
678 2917 726 2969 Ed.
754 2918 798 2970 alt.
837 2933 930 2971 comes
948 2920 998 2971 iter
1014 2923 1091 2972 tuum
1108 2922 1135 2972 in
1152 2922 1361 2987 pair-iamtotie-

273 2989 407 3055 Exemplis
431 2988 501 3040 adde
518 2991 589 3055 virg.
617 2993 683 3042 lan.
701 2993 731 3054 3,
750 2994 797 3044 76:
836 2994 936 3045 nabit.»
961 2996 1069 3046 llinirne
1081 3009 1159 3057 vero,
1183 2999 1213 3047 ut
1229 2996 1290 3048 aliis
1306 2996 1361 3062 pla-

274 3067 383 3127 llgcoao
399 3079 412 3116 4
428 3065 501 3116 celsa
522 3066 595 3116 Ovid.
614 3068 720 3128 lteti,
734 3067 797 3118 ise:
836 3070 904 3130 cuit,
931 3063 1020 3133 ipsum
1037 3082 1111 3120 mare
1131 3070 1275 3130 intellexit,
1302 3083 1361 3122 cum

273 3140 711 3205 condonaveram-illudne]
725 3155 801 3206 aper·
835 3147 943 3194 matres
969 3145 1100 3195 4444444444
1127 3147 1307 3204 memoravit;
1335 3149 1362 3196 ul

274 3215 384 3266 linunt».
404 3243 432 3253 -
450 3214 571 3280 4444444444]
588 3215 622 3267 de
638 3228 692 3266 uno
710 3216 800 3266 44444444-
836 3219 889 3267 iarn
913 3217 1068 3268 desciscens
1093 3217 1238 3269 enaturali
1265 3221 1361 3270 oratio-

273 3301 322 3351 ne,
349 3291 379 3338 ut
402 3302 484 3353 saapa
508 3288 579 3353 apud
597 3290 705 3340 Homer.
723 3285 799 3340 καλὰ
836 3293 877 3342 nis
899 3294 927 3342 et
946 3294 1139 3344 sententiarum
1165 3293 1360 3358 pulchritudine

272 3357 386 3433 ῥέεθρα.
407 3389 433 3401 -
454 3363 576 3428 tulnae]
593 3365 695 3429 Accipe
710 3365 800 3430 potius
835 3363 891 3416 val.
903 3363 987 3418 Flacc.
1001 3368 1031 3428 4,
1044 3368 1108 3418 illd:
1126 3369 1224 3430 44444444,
1239 3369 1362 3419 444444444-

273 3438 308 3488 (44
335 3435 414 3487 celeri
442 3449 524 3499 quam
554 3436 588 3487 de
614 3439 733 3489 tortuoso
759 3439 800 3488 Si·
834 3441 872 3490 ris
889 3439 991 3504 (Hella),
1009 3443 1165 3504 --Quondo
1184 3448 1282 3506 ogonwt
1302 3456 1361 3490 rar-

272 3513 388 3563 moentis
413 3524 511 3572 cumn,
538 3514 568 3561 ut
589 3513 701 3577 apparet
717 3513 799 3563 etiam
835 3527 878 3564 sus
890 3528 938 3577 per
955 3515 1084 3565 44444444
1102 3543 1130 3552 ·-
1144 3516 1273 3566 Celerum
1290 3529 1361 3579 egre

273 3598 382 3648 eseqq.
402 3583 540 3650 exemplis.
570 3586 696 3637 Ceterum
718 3586 800 3637 lubri-
836 3589 908 3652 344444
919 3589 1037 3640 Thetidis
1048 3600 1231 3654 grypocampo
1246 3603 1298 3654 per
1309 3602 1361 3640 ma·

272 3674 333 3721 cas,
361 3660 388 3709 in
413 3673 467 3722 qno
489 3673 514 3709 v.
539 3673 626 3724 nuper
642 3662 736 3712 nescio
754 3662 799 3724 qui
835 3676 865 3713 re
883 3665 976 3714 vectae
1000 3662 1107 3728 illioque
1130 3677 1229 3714 novum
1256 3665 1360 3715 scutum

273 3731 452 3784 scholasticus
500 3745 629 3796 magnum
669 3735 801 3798 quaesivit
837 3739 1001 3803 apportantis
1018 3739 1160 3802 imaginem
1172 3738 1258 3791 babes
1270 3740 1297 3788 in
1308 3740 1361 3789 144

274 3807 446 3871 mysterium,
469 3806 628 3859 balaticium
645 3811 687 3859 est
703 3810 800 3860 iluuio·
835 3825 876 3862 444
892 3813 1000 3864 3444444.
1018 3813 1049 3864 x.
1067 3814 1096 3863 T.
1116 3812 1156 3862 49,

273 3893 333 3931 rum
350 3880 491 3932 44444444.
516 3880 590 3933 ovid.
608 3883 699 3933 llmor.
718 3883 747 3944 3,
765 3884 796 3944 6,
870 3888 909 3938 ll.
930 3889 970 3938 48.
988 3888 1055 3953 uino]
1074 3887 1360 3939 Cir.Simon.Scl1nei-

273 3953 319 4005 ill:
348 3955 512 4018 Suppoartlsse
527 3970 619 4007 manas
638 3957 674 4006 ad
694 3961 801 4019 pectora
837 3960 904 4012 dew.
923 3975 950 4026 p.
969 3962 1013 4012 tu:
1041 3959 1124 4023 lItae,
1146 3963 1203 4010 πῖν’
1221 3960 1265 4012 s'vl
1287 3977 1359 4026 συμ-

274 4029 386 4079 444444444
397 4030 480 4080 mimis
492 4031 602 4080 Diciwr.
623 4031 692 4081 Fast.
702 4029 728 4092 4,
736 4031 799 4082 337:
836 4039 943 4106 φοραῖς
954 4031 1049 4096 Oinoa,
1066 4029 1216 4106 ἀμύντορα
1231 4033 1358 4108 δυσφρο-

274 4103 491 4156 lubricus-Almo.
503 4107 528 4169 6,
540 4107 603 4158 238:
621 4107 799 4159 44444444Τῶ44.
837 4106 963 4161 candeo.
981 4109 1114 4174 lielenger
1130 4110 1156 4160 in
1167 4111 1247 4161 luth.
1262 4109 1316 4162 Pal.
1327 4113 1356 4161 ll.

310 4178 350 4228 44.
367 4181 408 4229 lli.
434 4181 550 4246 44444444]
568 4183 607 4234 De
618 4181 726 4234 Achillis
739 4185 801 4248 post
837 4197 864 4248 p.
883 4183 948 4236 463ε
980 4181 1156 4257 Ζωροπότει,
1185 4185 1235 4236 nal
1255 4181 1358 4254 πλῆρες
