2934 4884
520 348 577 398 uu.
597 349 616 398 1.
653 349 681 396 c.
703 349 720 398 t.
921 380 925 388 -
1142 350 1163 412 p

292 501 342 568 hie
366 501 534 570 doctarum
555 503 696 572 hederae
718 507 862 592 praemio
883 507 1032 574 frontium

246 625 305 690 Dis
326 625 464 691 miscent
486 625 629 713 superis,
653 646 705 691 me
727 625 869 714 gelidum
891 649 1026 718 nemus,
1120 631 1162 694 30

244 747 535 835 Nympharumque
557 747 645 815 leves
668 769 743 816 cum
765 750 890 840 Satyris
910 750 999 818 chori

243 869 427 934 Seccrnunt
448 869 587 958 populo,
612 870 638 936 si
662 891 773 958 neque
792 870 888 938 tibias

288 991 429 1077 Euterpe
452 989 582 1056 cohibet
604 1012 666 1058 nec
689 990 902 1082 Polyhymnia

127 1221 168 1268 29.
189 1219 221 1267 Te
238 1221 352 1266 auctore
370 1217 449 1266 ilario
466 1216 492 1265 F.
507 1243 533 1254 ·-
553 1216 594 1266 32.
613 1217 691 1266 Sacer
706 1231 774 1268 nune
785 1221 881 1282 populo
896 1221 925 1271 B.
946 1221 1007 1282 (Sed
1024 1221 1084 1272 talia
1101 1225 1127 1273 tu

99 1296 241 1356 posterum
264 1292 319 1341 iam
341 1303 395 1340 nou
417 1289 545 1351 enotaho,
570 1292 668 1355 quippe
694 1305 764 1355 quae
792 1294 827 1343 ad
851 1308 929 1344 meae
950 1297 1035 1346 Curae
1061 1311 1127 1347 cou-

99 1367 187 1417 sitium
210 1377 388 1429 nequaquam
410 1365 525 1426 iaciant.)
553 1393 580 1400 -
599 1365 639 1414 33.
657 1379 751 1428 hecque
772 1367 826 1429 (sie)
844 1370 870 1418 s.
891 1397 918 1405 -
935 1371 1124 1432 potpprmtuit.

97 1443 243 1503 moenera
264 1440 299 1498 b,
324 1441 454 1502 petuma
469 1441 540 1499 ΒΤο,
555 1441 704 1502 putihimhta
721 1440 752 1498 d,
769 1443 912 1504 Potyrnueia
929 1446 958 1494 C.

69 1657 91 1706 3.
111 1659 185 1714 433..
208 1656 292 1722 plane
318 1657 348 1706 ut
372 1657 472 1706 Graece
493 1650 597 1717 σοφός.
635 1658 733 1707 tatione
751 1669 781 1707 se
799 1660 946 1717 moventes,
964 1658 1054 1722 agites,
1072 1661 1159 1711 tetcht-

69 1734 202 1796 i’ersuepe
224 1744 294 1780 vero
315 1731 349 1779 ita
372 1729 467 1779 dicitur
491 1731 526 1792 is,
554 1731 598 1794 qui
634 1731 783 1781 rehtochmd.
814 1731 932 1782 Philostr.
951 1735 1049 1798 lmagg.
1069 1737 1093 1794 4,
1110 1737 1156 1786 22:

69 1813 181 1868 poeseos
192 1809 220 1856 et
229 1806 349 1856 musices
367 1807 408 1854 est
417 1805 518 1868 peritus
529 1807 597 1854 cet.»
635 1801 772 1876 Σατύρων
786 1799 840 1871 ἡδὺ
852 1803 886 1856 τὸ
895 1804 1035 1880 σφοδρόν,
1048 1802 1097 1860 ὅτε
1108 1807 1158 1882 o'p-

69 1881 108 1928 Sic
129 1885 221 1931 doctor
244 1882 365 1930 Hesiodus
385 1879 439 1929 Cic.
463 1881 520 1929 Cat.
545 1879 596 1938 tu,
635 1876 765 1940 χοῦνται.

68 1957 152 2005 doctas
170 1956 288 2006 cotuthu
304 1953 517 2005 Pseudotibuiius
528 1954 552 2014 3,
572 1953 596 2012 6,
668 1955 708 2004 33.
728 1957 812 2005 «Dum
830 1955 856 2004 iu
867 1969 978 2006 amoena
997 1956 1084 2022 aliqua
1095 1957 1159 2008 soti-

67 2031 105 2080 44.
125 2035 153 2080 et
171 2023 323 2090 σοφιστὰς
338 2031 431 2092 poetas
441 2031 521 2078 vocat
537 2029 598 2078 Piu—
634 2029 725 2078 tudine
742 2029 854 2092 poeticis
865 2031 958 2081 studiis
970 2043 1046 2092 vaco,
1065 2031 1158 2096 longe·

66 2106 146 2156 darm
163 2107 262 2156 Isthm.
281 2107 306 2164 h,
325 2105 366 2155 28.
383 2104 413 2153 B.
437 2131 464 2139 -
485 2100 596 2164 hederae]
634 2117 687 2168 que
705 2107 825 2154 remotus
842 2093 935 2154 sum'u
951 2105 1029 2168 volgo
1045 2106 1158 2157 molesto

66 2195 105 2243 pr.
123 2182 235 2230 Baccho
254 2193 361 2240 sacrae,
382 2179 457 2228 cuius
473 2179 596 2228 instinctu
633 2181 714 2241 atque
735 2179 796 2227 rudi
816 2176 868 2240 (odi
889 2181 1027 2241 protom
1049 2181 1157 2245 votpra),

66 2257 160 2318 perciti
184 2256 283 2318 poetae
304 2253 468 2304 hederaceus
485 2264 596 2302 coronas
633 2252 819 2302 beatissimum
832 2263 877 2301 mc
891 2255 1013 2316 reputo.»
1041 2255 1083 2302 Sic
1101 2253 1155 2304 Vai.

66 2333 188 2380 sumunt.
205 2331 278 2392 Virg.
298 2328 385 2392 Eclog.
399 2329 423 2388 7,
441 2327 487 2378 28:
509 2327 596 2377 Pasto-
632 2326 717 2378 Flacc.
738 2327 762 2387 4,
784 2326 828 2374 to:
857 2327 935 2388 Eripe
955 2340 995 2375 ote
1011 2329 1111 2389 popidis
1135 2333 1159 2378 et

66 2419 104 2454 res
119 2407 217 2454 hedera
228 2408 378 2453 medem
388 2407 476 2452 mnae
483 2405 593 2463 poetam.
632 2401 730 2451 habenti
746 2400 833 2449 cubitu
849 2405 946 2462 terrae,
963 2401 1055 2452 Sancte
1067 2405 1157 2464 puter!

67 2479 117 2529 Ecl.
138 2481 166 2530 3.
188 2479 234 2527 ⁴3:
265 2479 330 2526 huuc
346 2479 398 2526 sinc
414 2483 528 2538 teotpora
543 2478 595 2526 ctr-
632 2477 764 2528 Ausonius
790 2476 870 2539 Epist.
897 2475 939 2536 23,
963 2475 1008 2526 90:
1034 2480 1077 2528 hie
1095 2478 1158 2542 iupa

66 2569 120 2604 rum
138 2556 211 2604 inter
225 2553 341 2602 sdchices
350 2553 466 2600 hedeom
482 2551 526 2600 h'bt
541 2565 596 2600 ser-
631 2551 805 2614 Burdtpotoe,
829 2550 896 2599 trino
917 2563 958 2600 me
976 2551 1083 2616 hwdoo
1099 2565 1157 2603 coe·

64 2645 122 2691 pere
143 2631 245 2678 tauros.
275 2629 338 2678 Stat.
361 2626 421 2676 silv.
445 2628 470 2687 4,
488 2627 513 2686 7,
531 2625 592 2678 384ῑ
632 2632 659 2674 tu
676 2625 813 2676 &coruunt
835 2625 915 2676 turbis
934 2627 1107 2690 popuetatttus.
1127 2655 1155 2664 -

66 2707 154 2754 enthea
180 2704 250 2753 cittis
269 2707 344 2764 atque
364 2702 460 2752 hederis
478 2699 597 2751 redimita
631 2699 660 2764 si]
678 2699 801 2750 modeste
819 2701 846 2750 et
867 2713 916 2764 per
931 2700 1074 2764 particulas
1091 2715 1158 2752 cou-

66 2781 162 2828 cohors.
200 2777 353 2839 (mythicum
369 2777 499 2826 rationem
515 2775 597 2825 tradit
633 2775 743 2825 dicionis
764 2773 792 2824 et
812 2788 863 2838 per
884 2777 1052 2840 negationem
1068 2775 1156 2840 toqui-

67 2855 139 2905 Osid.
160 2855 231 2903 Fast.
250 2853 280 2912 3,
299 2852 370 2914 7443,
395 2851 456 2915 quie
475 2851 597 2912 Nydudes
632 2854 687 2902 tur:
707 2851 748 2900 «Si
765 2851 856 2902 Musae
873 2865 903 2902 re
915 2865 979 2902 vera
991 2853 1056 2904 mihi
1068 2852 1156 2902 tavent

66 2930 204 2991 amhae,
215 2930 469 2989 pummeuuerehte
477 2939 594 2988 adunco,
632 2929 660 2975 st
679 2924 790 2989 pulchra
813 2929 930 2976 carmina
952 2927 1081 2978 douuut.»
1110 2929 1157 2978 Est

66 3006 137 3053 Hunc
153 3003 271 3065 frondem
288 3002 358 3050 amic
374 3015 509 3063 opportere
523 2999 595 3064 otis.)
632 3002 722 3050 autem
740 2999 804 3050 illud
819 3001 853 3062 si,
877 3001 949 3064 quod
969 3014 1055 3065 prope
1075 3015 1155 3051 acce·

69 3075 235 3140 —pruemiul
253 3077 432 3134 «ornamenta,
451 3074 549 3138 quibus
560 3074 594 3124 ab
632 3074 670 3124 dit
686 3075 720 3125 ud
736 3075 792 3124 vim
807 3078 917 3140 pertice.
936 3077 1069 3140 heodem,
1088 3089 1152 3126 enh.

67 3148 214 3217 ἀμούσοις
224 3153 304 3214 utque
316 3149 402 3200 idiotis
413 3147 493 3200 veluti
502 3149 596 3198 distin·
632 3151 684 3200 Cir.
711 3151 844 3200 Drakanb.
872 3151 907 3201 ad
931 3153 985 3201 Liv.
1012 3153 1038 3211 ’4,
1060 3151 1101 3211 43,
1128 3151 1152 3199 o.

66 3231 211 3290 guantur.»
235 3253 262 3260 -
285 3225 388 3289 ophis]
414 3223 491 3274 Haud
516 3223 594 3274 nimis
631 3226 717 3288 Reisig
733 3227 762 3274 t.
782 3227 826 3276 Gr.
845 3225 869 3289 5.
889 3225 946 3277 264.

66 3303 116 3351 hoc
125 3299 293 3361 urgendum,
312 3299 463 3362 quasivero
474 3311 595 3362 oppone·
652 3299 692 3349 33,
705 3301 823 3362 Euterpe,
833 3291 1154 3371 ἢεῦρετὴναύλητικήν,

66 3378 159 3424 rentur
174 3374 275 3424 interis.
630 3373 716 3423 Schoi.
735 3375 771 3426 ad
788 3375 894 3426 Hesiodi
911 3373 1009 3435 maog.
1022 3373 1073 3433 77.,
1090 3370 1155 3422 tibia

98 3449 139 3498 34.
158 3448 346 3512 Nympharum
361 3446 481 3496 habitum
493 3447 592 3510 optime
630 3462 729 3499 canens
748 3447 825 3498 adest
839 3451 936 3511 poetae
953 3446 1057 3508 melico,
1076 3447 1155 3498 item·

67 3523 195 3574 describit
212 3525 317 3585 Longus
334 3523 354 3572 1.
372 3536 399 3585 p.
419 3524 443 3572 5.
465 3523 535 3572 sinn.
557 3523 590 3588 (p.
631 3535 682 3586 que
701 3522 873 3584 Pol-ymmo,
889 3516 993 3586 μόθον
1011 3521 1154 3586 praecipue

68 3601 95 3646 ti:
112 3594 148 3646 τὸ
164 3596 225 3648 πᾶν
242 3594 345 3661 σχῆμα
367 3597 468 3664 χορεία
489 3587 526 3661 ἦν
543 3590 593 3667 ὀρ-
630 3611 720 3662 gnara,
739 3596 814 3660 lyrae
832 3599 913 3646 eticm
924 3597 1060 3647 inventrix.
1087 3595 1154 3646 Vide

68 3674 237 3738 zoopca'vwvh
257 3673 333 3722 etsie
345 3677 501 3736 comparent
512 3673 538 3722 iu
549 3685 594 3721 ar-
628 3675 724 3724 Pitture
733 3671 817 3720 Ercot.
831 3672 862 3721 11.
876 3673 904 3722 T.
918 3673 946 3721 7:
964 3668 1154 3722 HOAPMNIA

69 3749 167 3798 titicum
179 3746 317 3812 operibus.
332 3773 360 3782 -
374 3745 481 3810 Satyris]
494 3749 522 3796 tu
533 3746 594 3797 Pla·
630 3745 779 3796 ΜΤΘΟΤΣ,
810 3746 907 3797 Confer
924 3745 1010 3796 Sebol.
1029 3745 1149 3812 Apollou.

69 3827 135 3874 tonis
157 3825 245 3887 Epigr.
267 3823 306 3871 45.
329 3821 453 3883 Satyrus,
476 3821 536 3885 εἰμὶ
551 3819 591 3882 δέ,
630 3819 713 3870 Rhod.
727 3819 751 3880 3,
766 3821 789 3870 t.
808 3820 875 3870 Alibi
891 3821 1075 3886 Terpsichore,
1088 3821 1154 3869 Era-

70 3900 163 3962 inquit‚
182 3902 247 3958 ταῑς
265 3896 438 3959 Νυμρατσιν
455 3891 591 3960 ὁμέψιος.
630 3897 671 3956 to,
690 3895 746 3946 Clio
764 3896 820 3960 (Od.
835 3898 859 3957 4,
874 3897 914 3955 43,
932 3897 977 3958 3.),
995 3893 1053 3944 uitis
1069 3893 1153 3944 bisto-

71 3973 131 4022 ttiuc
156 3973 250 4024 festive
277 3969 351 4020 ovid.
380 3971 448 4022 Fast.
475 3971 500 4030 3,
529 3970 591 4021 409ε
630 3971 685 4021 riae
702 3972 786 4032 Musa,
806 3970 922 4035 Calliope
945 3969 1001 4034 (οᾱ.
1019 3969 1044 4030 3,
1063 3967 1087 4028 i,
1105 3969 1151 4030 2.),

70 4048 183 4109 impetun
204 4049 345 4106 induami,
368 4045 492 4107 Satyris
513 4047 593 4108 Nym-
629 4045 795 4112 Melpomene
814 4046 872 4109 (0d.
884 4043 909 4106 4,
922 4045 946 4106 3,
961 4044 995 4106 4.)
1005 4041 1095 4107 tyrius
1103 4043 1154 4092 ud-

70 4122 162 4184 ohueue
185 4125 313 4174 creutmh.
346 4147 374 4155 -
401 4121 476 4170 Lato
502 4122 592 4170 autem
630 4123 699 4171 suut.
721 4149 749 4157 -
768 4120 815 4172 Ubi
833 4134 885 4170 uuo
903 4119 1002 4179 tavent,
1020 4118 1094 4172 tibias
1109 4131 1152 4167 co-

72 4198 134 4246 chen·
149 4201 211 4248 sunt
229 4195 307 4248 tacite
325 4196 352 4244 et
368 4197 480 4246 venuste
496 4196 522 4246 in
540 4195 593 4246 sal·
628 4195 700 4256 hibet,
719 4194 782 4245 tibia
800 4207 897 4244 cauere
908 4192 1150 4256 recusationem,
