2934 4884
635 346 761 396 nonam
779 332 945 395 ‹taniuhuu

427 506 628 590 Montemque
649 500 845 590 lymphatam
868 498 1038 565 Mareotico

490 624 624 710 liedegit
645 625 676 687 in
699 643 793 688 veros
817 622 947 686 timores

530 745 662 819 Caesar,
687 744 727 809 ab
750 742 838 809 ltalia
859 742 1019 807 volantem

428 905 534 971 Remis
555 904 729 990 adurgens,
757 902 911 987 accipiter
934 900 1021 966 velut

427 1024 537 1092 Molles
559 1023 725 1091 columbas
748 1033 802 1088 aut
823 1022 967 1110 leporem
989 1022 1070 1089 citus

327 1210 365 1257 te.
384 1202 699 1269 in1cdmolebatiieutl.
722 1228 748 1237 -
767 1214 834 1251 seror
848 1200 971 1250 Bouhier.
993 1228 1019 1235 ψ
1040 1202 1079 1251 lii.
1099 1202 1181 1251 Mettis
1197 1202 1245 1251 BT.

221 1380 234 1397 ⁸
262 1359 780 1430 praetoriatriremi,quaipselugitdux
817 1372 903 1421 usque
926 1360 960 1409 ad
981 1360 1099 1418 Actium,
1126 1360 1265 1422 eregione
1285 1362 1339 1409 lta-

262 1440 389 1489 devictus.
408 1437 475 1487 Plut.
487 1439 546 1487 Ant.
561 1436 600 1485 68.
620 1436 667 1485 Dio
680 1434 724 1491 50,
738 1433 778 1483 35.
817 1434 875 1485 liae.
895 1437 975 1497 lunge
987 1435 1019 1484 ch
1030 1436 1250 1497 ltetieuetentem,
1270 1449 1336 1486 non:

295 1514 334 1564 tt.
353 1512 513 1576 tyrnplretnm]
528 1506 779 1575 «conuenienter,
818 1510 935 1559 abitalia
951 1510 1025 1559 retnis
1036 1511 1168 1574 adurpene.
1196 1512 1340 1573 aempoe-

262 1602 331 1638 vano
352 1600 453 1651 pavore
476 1587 593 1635 territam
617 1588 644 1635 et
660 1586 781 1634 conster-
818 1586 869 1634 tice
887 1586 921 1633 ita
938 1586 1074 1648 proponit,
1093 1586 1163 1635 acsi
1181 1586 1340 1635 Octavianus

263 1667 351 1713 natam
372 1674 460 1723 neque
482 1661 535 1709 iam
556 1660 596 1708 sui
619 1661 780 1722 compotem,
819 1660 985 1724 Cleopatram
1007 1662 1095 1710 statim
1119 1664 1179 1725 post
1199 1662 1341 1711 victoriam

263 1740 297 1786 ita
322 1740 352 1786 ut
375 1736 418 1785 vix
443 1735 505 1783 inito
530 1732 647 1797 proelio,
676 1732 781 1782 Antonii
818 1736 843 1783 in
877 1736 1026 1798 Aegyptum
1062 1748 1147 1797 usque
1180 1738 1342 1800 persecutus

263 1810 344 1861 rebus
362 1811 505 1859 etiamtunc
522 1809 644 1870 integris,
663 1806 782 1869 repenti·
819 1812 904 1869 esset,
924 1822 986 1859 cum
1003 1810 1092 1859 tamen
1110 1809 1256 1859 demuma.
1273 1823 1300 1859 u.
1314 1822 1339 1859 c.

262 1899 324 1935 nam
341 1885 431 1947 lugam
446 1885 624 1947 capesseret.»
643 1882 717 1932 ovid.
732 1882 784 1931 Me·
819 1882 875 1933 iil.
895 1896 924 1932 se
943 1884 1000 1947 ipso
1016 1883 1185 1933 interfecerit.

263 1960 329 2009 roid.
343 1958 372 2017 l,
390 1958 435 2009 to:
454 1972 516 2019 qens
529 1957 644 2017 oronim
653 1957 784 2017 Faunique
845 1957 1257 2021 t't.oecipitercet.]1mago,quae
1264 1960 1343 2020 quasi

263 2035 373 2083 hicoim
391 2033 497 2081 Numine
513 2036 639 2081 contactas
655 2035 784 2079 attonuere
820 2034 846 2082 in
862 2032 1035 2096 proverbium
1053 2032 1123 2081 abiit.
1143 2031 1214 2082 lliad.
1229 2048 1261 2093 χ,
1278 2032 1340 2081 438;

263 2123 315 2158 arto.
351 2106 461 2157 Halieut.
489 2106 534 2157 li:
561 2106 683 2155 animalia
701 2132 716 2142 -
735 2107 784 2155 Aut
820 2104 954 2171 Πελείδης
970 2103 993 2155 δ’
1011 2103 1153 2194 ἐπόρουσε
1172 2108 1241 2157 ποσί
1258 2122 1344 2175 κραι-

261 2185 322 2234 uani
338 2196 433 2245 semper
450 2182 784 2243 quetiurtttpmphatatimu-
821 2187 919 2231 πνοῑοι
947 2182 1106 2244 aaronitas
1133 2175 1215 2232 'Hilre
1241 2182 1344 2251 κίρκος

263 2247 310 2307 rer'.
347 2260 443 2308 Lucan.
463 2258 493 2315 7,
512 2256 572 2305 ⁴86:
590 2256 716 2317 lymphato
732 2260 784 2304 tre-
822 2250 956 2327 ripensem,
974 2253 1170 2326 ἐλαφρότατος
1187 2253 1343 2321 πετεηνῶν,

261 2333 359 2395 ptdnrse
382 2338 463 2390 nietu;
495 2332 539 2393 qui
566 2334 620 2380 tres
642 2329 692 2379 loci
721 2343 784 2380 cum
818 2327 943 2397 Ῥηϊδίως
975 2328 1080 2397 οἴμησε
1109 2327 1183 2396 μετὰ
1210 2328 1345 2401 τρήρωνα

264 2405 320 2457 aliis
337 2420 352 2455 a
370 2406 507 2455 Luebkeru
525 2403 641 2454 collectis
659 2404 785 2455 satisde-
822 2406 950 2457 πέλειαν·
977 2400 996 2471 ἡ
1014 2404 1045 2456 δέ
1062 2408 1089 2456 θ’
1112 2398 1221 2456 ὕπαιθα
1237 2404 1345 2467 φοβεῖ-

265 2484 425 2539 monstrant,
444 2482 549 2529 Latinos
566 2480 593 2528 in
607 2480 706 2528 misero
718 2477 785 2540 lym·
821 2496 868 2533 uu
885 2480 943 2532 κτλ.
963 2480 1072 2532 Alcman
1090 2482 1129 2531 Fr.
1150 2482 1189 2531 lii.
1205 2481 1299 2544 Bergk.
1313 2496 1342 2545 p.

265 2556 431 2619 phaticorum
454 2557 524 2603 statu
550 2553 621 2602 haud
647 2553 784 2603 minimum
821 2557 881 2608 543:
909 2549 1007 2607 Αύσαν
1024 2555 1047 2605 δ’
1065 2550 1197 2625 ἄπρακτα
1217 2554 1346 2619 νεανίδες

265 2631 369 2692 partem
386 2630 467 2678 metui
485 2642 517 2677 ac
540 2629 632 2691 pavori
648 2627 782 2677 tribuisse.
822 2624 889 2681 ὥστ’
916 2626 1024 2701 Ὄρνεις
1057 2632 1171 2699 ἱέρακος
1203 2625 1347 2701 ὑπερπτα-

266 2700 342 2761 Quod
360 2704 451 2751 eutem
469 2700 622 2751 Groebelius
640 2699 784 2750 temulenta
821 2707 908 2769 μένω,
929 2704 1059 2770 (Aeschyl.
1078 2709 1164 2757 Prom.
1184 2708 1245 2757 856:
1272 2706 1304 2755 oi
1319 2704 1344 2755 δ’

266 2773 421 2837 Cleopatrae
440 2776 558 2824 convivia
575 2772 734 2824 addubitans
745 2771 785 2823 lc·
821 2780 991 2847 ἐπτοημένοι
1015 2781 1139 2849 φρένας,
1166 2781 1268 2850 Κίρνοι
1291 2794 1346 2831 ,τε-

266 2848 382 2910 gendum
405 2849 544 2911 proposuit
565 2849 731 2909 Mareoticae,
758 2847 785 2897 id
822 2852 904 2904 λειών
931 2850 965 2905 οὐ
999 2849 1113 2923 μακρὰν
1149 2853 1345 2919 λελειμμένα,

267 2924 321 2983 est,
348 2924 505 2986 Aegyptiae,
532 2923 595 2973 satis
618 2922 747 2971 refutatur
769 2935 785 2971 a
817 2921 1150 2999 Ἣξοησιθηρεύσονης.
1166 2930 1256 2992 mnu.)
1271 2930 1344 2993 virg.

267 2999 354 3049 Gratio
380 3000 479 3061 Cyneg.
505 2998 565 3047 tto:
591 2998 712 3048 huncum
736 3012 786 3047 nee
823 3007 886 3055 Aen.
907 3005 947 3062 tt,
966 3004 1025 3053 iat:
1046 3004 1216 3067 Oeensaeile
1226 3005 1348 3066 accipiter

266 3088 306 3124 res
320 3074 402 3137 mepte
418 3074 597 3122 attererentur
615 3073 785 3136 Tettithuam
821 3093 885 3129 seeo
902 3092 973 3128 secer
994 3078 1046 3127 ntes
1065 3078 1096 3128 eh
1114 3080 1165 3129 atto
1182 3080 1348 3142 Consequitur

267 3148 360 3211 luxus).
374 3149 440 3198 Haec
452 3149 787 3213 iitestPheriosqueelreyit
818 3155 904 3217 pinnis
928 3153 1054 3203 srtblhmm
1075 3155 1102 3203 in
1121 3154 1185 3203 nithe
1206 3154 1348 3205 eolmnhem

267 3226 345 3273 nucia
361 3236 444 3288 repes,
462 3225 530 3273 Dum
545 3228 645 3273 seruata
661 3225 730 3273 cauis
739 3238 787 3285 pe-
823 3229 1046 3290 Comprenramque
1063 3230 1285 3291 teuetperlt'bureue
1295 3230 1348 3279 eui-

267 3304 322 3348 tcnt
342 3300 481 3349 Mareotica
504 3300 614 3362 uenenis.
645 3299 697 3349 cir.
719 3298 784 3348 Plut.
823 3309 903 3353 sceret
919 3304 997 3353 uncis.
1026 3303 1213 3363 minuetis,
1232 3304 1293 3353 606:
1316 3305 1347 3353 Ut

268 3375 326 3423 hut.
345 3374 385 3423 29.
404 3376 533 3423 Pavorem
550 3377 641 3424 autem
651 3372 724 3423 illum
736 3388 788 3423 να·
823 3380 882 3428 solet
893 3380 1011 3439 accipiter
1022 3380 1132 3441 trepidos
1143 3381 1243 3442 euitare
1254 3380 1348 3428 cotien-

268 3446 347 3501 νικὸν
364 3449 455 3499 tribuit
471 3450 616 3509 Mareotico,
635 3450 726 3499 eliusis
739 3448 787 3500 illis
824 3452 875 3502 ber.
894 3452 934 3501 Ad
949 3466 992 3501 ir.
1012 3454 1130 3515 accipiter
1147 3456 1174 3503 et
1190 3458 1294 3503 ναιοίον
1311 3466 1347 3502 ex

268 3538 329 3575 cum
346 3525 457 3573 Antonio
469 3523 716 3586 compotationibus.
736 3526 789 3575 Ma·
824 3526 968 3589 praecedd.
988 3528 1145 3589 cogitatione
1163 3526 1256 3591 supple
1269 3528 1349 3577 νονν-

267 3599 397 3648 reoticum
414 3598 504 3646 vinum
516 3596 606 3658 dulce,
626 3598 788 3647 odoriferum
823 3606 876 3664 pet,
895 3602 999 3663 premit.

269 3674 297 3720 et
323 3670 381 3719 leve
409 3670 443 3720 ad
467 3673 637 3723 Mareoticum
662 3671 788 3737 paludem
858 3675 1349 3740 t9.ao.traenonteo]poeticum‘rhes-

269 3746 338 3793 circa
365 3745 496 3806 Marcam,
515 3746 651 3811 ,oppidum
675 3750 788 3811 Aegypti
825 3747 904 3799 saliae
928 3762 1033 3799 nomen.
1078 3752 1192 3800 Rhianus
1213 3752 1238 3801 iu
1258 3750 1346 3801 Schol.

270 3818 486 3883 interiorisprope
494 3819 686 3871 Alexandriam.
694 3821 788 3873 Strabo
824 3822 942 3885 Apollon.
968 3823 996 3883 ³,
1025 3824 1101 3873 ⁴089:
1129 3822 1269 3890 Αἱμονίην
1293 3818 1347 3886 ἀφ’

271 3891 314 3950 ti,
338 3888 377 3939 tt.
399 3904 425 3955 p.
449 3895 504 3943 527.
526 3896 621 3945 Athen.
645 3898 672 3956 i,
697 3897 737 3947 60.
761 3910 786 3961 p.
819 3894 945 3961 Αίμονος
961 3926 976 3935 -
993 3892 1037 3947 -ὁ
1054 3895 1077 3947 δ’
1096 3890 1134 3949 αὖ
1151 3901 1214 3949 τέκε
1232 3900 1349 3951 Oenea-

270 3966 310 4015 33.
330 3964 426 4014 Contra
442 3968 710 4033 viteesthucanow,
730 3972 786 4021 -160,
826 3970 876 4021 λον
892 3970 999 4037 Αἵμων.
1034 3974 1131 4023 Nicetis
1152 3976 1242 4023 autem
1264 3974 1350 4023 Thre-

302 4041 342 4090 te.
364 4040 419 4089 Veri
429 4042 528 4091 timores
539 4047 707 4108 opponuntur
718 4044 789 4107 lym·
826 4048 866 4096 cia
883 4048 954 4111 opud
972 4048 1058 4111 Eurip.
1080 4047 1160 4099 Andr.
1179 4050 1242 4099 atti:
1270 4044 1349 4119 Θρῄ-

271 4114 397 4177 phaticis,
414 4114 448 4164 ab
459 4116 539 4165 animi
550 4132 641 4168 errore
652 4120 787 4183 proiectis.
826 4137 880 4186 νην
906 4117 981 4180 χιόνι
1005 4118 1058 4186 τὴν
1079 4116 1267 4193 κατάρρυτον.
1304 4126 1350 4175 Sic

305 4190 343 4237 tii.
371 4190 403 4237 ot
426 4189 508 4251 ltntie]
536 4192 600 4249 Quin
619 4198 787 4257 processerat
826 4198 902 4259 poete
920 4198 1034 4247 vicinum
1052 4196 1213 4249 Thessaliam
1234 4200 1350 4248 umorem
