2934 4884
283 347 345 409 908
662 348 792 399 nonam
812 345 978 397 annmuun

558 503 667 569 Classe
689 503 751 568 uita
774 502 934 589 reparavit
955 522 1039 566 oras.

452 666 539 727 Ausa
562 672 594 726 et
615 661 772 727 iacentem
795 661 901 726 visere
926 658 1046 746 regiam

456 782 546 847 Vultu
570 802 704 858 sereno,
727 782 816 848 sortis
839 791 871 847 et
892 800 1025 867 asperas

518 905 666 969 Tractare
688 914 869 990 serpentes
894 912 928 965 ut
950 912 1053 966 atrum

348 1074 389 1125 at.
408 1072 522 1135 repetiuit
538 1070 604 1121 Cod.
617 1070 701 1120 Vatia.
718 1072 847 1133 Reginam
863 1072 1002 1132 penetrauit
1019 1069 1136 1119 malebat
1151 1068 1245 1129 Beati,
1263 1084 1335 1132 repe-

316 1150 490 1208 ueneratus,
505 1147 640 1209 peraravit
656 1146 784 1205 Bouhier,
803 1146 922 1194 remeauit
933 1146 1048 1203 oracio,
1067 1146 1189 1194 recreauit
1200 1145 1331 1205 baascha,

313 1224 459 1286 properauit
476 1222 619 1280 (inuectus,
642 1221 775 1281 trepidauit
796 1220 998 1269 Hammerstein.
1022 1248 1048 1257 —
1067 1220 1107 1269 25.
1127 1224 1247 1269 torentem
1262 1218 1328 1268 Cod.

315 1298 471 1349 Bersmanni
488 1297 565 1360 prob.
584 1293 710 1345 Bentleio.

283 1448 452 1497 transmissas
463 1444 497 1494 ah
509 1444 641 1495 arabibus
650 1443 805 1495 combustas
841 1446 870 1493 ut
892 1444 928 1493 ait
950 1444 979 1493 C.
999 1441 1119 1492 Rabirius
1141 1441 1316 1505 Ed.1ireyss.
1337 1458 1365 1507 p.

283 1522 409 1571 audisset.
439 1521 487 1569 Dio
502 1520 546 1578 54,
565 1520 593 1568 6;
614 1511 804 1583 ἡτοιμάζοντο
841 1517 902 1566 ets:
931 1518 1038 1580 deserens
1060 1520 1174 1565 coaotmu
1191 1518 1267 1565 Omue
1281 1531 1368 1581 uapo-

283 1589 323 1657 ὡς
339 1594 389 1643 καὶ
405 1592 435 1655 ἐς
452 1587 646 1662 &suippiam
665 1585 702 1641 ἄν
712 1607 740 1642 τι
751 1607 804 1640 κα-
842 1592 916 1641 batur
932 1593 973 1643 teti
989 1605 1078 1655 qenais,
1097 1604 1167 1641 omae
1184 1592 1288 1641 tintorir

283 1664 410 1738 τεπείξῃ,
437 1664 647 1731 πλευσούμενοι
664 1695 688 1715 -.
718 1660 804 1730 quat
874 1666 914 1715 46.
934 1663 990 1715 Noli
1007 1668 1177 1715 construere:
1196 1666 1265 1715 voitu
1278 1680 1369 1715 sereno

283 1739 354 1813 πρὸς
370 1737 424 1806 τὴν
440 1736 564 1812 ἐρυθρὰν
580 1736 735 1791 θάλασσαν
751 1756 804 1804 με-
838 1742 925 1802 fortis,
952 1744 1197 1802 statuebantur,
1224 1741 1273 1791 sed
1289 1741 1369 1803 sortis

282 1816 502 1881 ramqoopeuor.
522 1814 613 1865 Florus
630 1829 737 1879 quoque
755 1814 771 1865 l.
785 1815 801 1866 1.
840 1820 960 1875 tractare,
974 1814 1041 1865 adeo
1055 1814 1141 1872 fortis,
1159 1817 1189 1864 ut
1200 1816 1366 1875 attrectaret,

282 1894 454 1956 praeparatae
472 1892 529 1941 eius
543 1891 568 1939 in
581 1892 715 1940 Oceanum
727 1890 802 1952 fugae
841 1889 964 1939 manibus
980 1892 1108 1950 versaret,
1128 1890 1233 1952 aspides
1249 1904 1366 1951 asperae,

282 1965 413 2026 meminit,
437 1963 487 2015 sed
503 1966 651 2028 suppressit
667 1965 733 2025 hoc,
761 1964 804 2014 rei
841 1978 893 2014 non
911 1967 965 2013 tam
982 1966 1091 2027 propter
1113 1976 1254 2026 squamas,
1281 1978 1367 2027 quam

281 2040 369 2104 potius
387 2039 508 2103 negando
522 2038 805 2103 signiticariipruden·
842 2052 963 2099 isauros,
991 2040 1105 2097 iratas»,
1132 2041 1161 2088 ut
1180 2039 1250 2102 Virg.
1270 2040 1317 2088 Ge.
1337 2042 1364 2099 3,

283 2119 324 2163 ter
344 2113 474 2164 Horatius.
840 2113 902 2163 433ῑ
925 2114 1016 2176 anquis
1031 2140 1045 2149 -
1062 2140 1077 2149 -
1093 2126 1214 2175 asperque
1230 2114 1271 2162 siti
1287 2119 1368 2176 atque

315 2188 356 2239 at.
376 2189 459 2239 Giarse
478 2187 536 2251 rita]
561 2187 707 2238 «velociter
727 2190 803 2239 navi·
840 2190 975 2237 emeriten
991 2198 1067 2237 aestu.

281 2265 394 2327 gente»,
417 2276 485 2312 non:
511 2266 597 2312 «mota
615 2266 695 2326 atque
715 2266 803 2314 trans·
872 2262 912 2311 28.
942 2262 1051 2323 Corpore
1075 2262 1183 2311 minime
1209 2274 1270 2311 oum
1296 2274 1366 2311 con-

281 2337 368 2397 lata»,
395 2351 464 2401 quae
488 2338 558 2387 notio
582 2339 607 2386 in
628 2351 654 2386 v.
676 2339 728 2387 rita
750 2352 802 2387 non
840 2338 942 2399 tempta
960 2336 1068 2395 dictum,
1087 2339 1116 2385 ut
1132 2350 1217 2399 nuper
1233 2338 1306 2386 ratus
1323 2342 1367 2387 est

282 2414 358 2461 inest.
380 2439 407 2447 —
426 2410 563 2474 reparavit]
577 2412 802 2475 «Spenoviregni
840 2410 946 2474 aliquis,
977 2410 1025 2461 sed
1051 2410 1181 2473 significat
1205 2412 1232 2460 in
1257 2411 1366 2461 intimas

281 2486 412 2535 condendi
434 2485 498 2535 alias
514 2484 564 2533 sibi
582 2497 676 2547 parare
689 2488 716 2534 et
732 2498 804 2535 asse·
841 2487 958 2549 corporis
980 2488 1070 2549 partes
1091 2500 1152 2536 earn
1172 2486 1292 2549 recipere
1314 2500 1366 2535 ru—

282 2562 326 2623 qui
338 2559 438 2609 studuit
448 2560 571 2621 regiones
588 2572 637 2622 pro
653 2558 715 2620 iliis,
736 2572 803 2622 quas
840 2560 919 2623 luisse
936 2574 1078 2611 venenum.
1100 2588 1127 2596 —
1146 2560 1299 2624 amrbiberet]
1319 2566 1368 2611 oui

281 2632 803 2696 amittendasCaesariquerelinquendas
840 2636 1006 2685 mortiterum
1030 2636 1102 2685 virus
1123 2636 1229 2699 penitus
1247 2633 1368 2685 imbibe-

281 2722 341 2758 esse
353 2707 514 2767 videbat,id
526 2709 579 2767 est,
596 2720 644 2770 pro
656 2711 802 2770 aegypto.»
841 2712 906 2759 ret.»
942 2711 983 2758 Sic
1002 2710 1129 2771 perbibere
1150 2712 1252 2759 Seneca
1269 2709 1303 2759 de
1321 2710 1366 2759 tra

281 2783 323 2831 Sic
345 2783 504 2845 interpretor
525 2780 665 2831 conterens
688 2783 803 2831 Franco·
841 2786 869 2841 4,
890 2784 929 2833 46.
948 2784 1019 2833 Artes
1034 2784 1169 2833 corubibere
1185 2783 1285 2846 tropice
1298 2783 1368 2833 dixit

280 2854 699 2920 gallorumreqaquermonvero:
713 2854 804 2906 acteo
840 2860 894 2908 Cio.
913 2857 946 2906 de
965 2858 1036 2908 Finn.
1057 2858 1086 2919 3,
1105 2860 1129 2918 2,
1147 2859 1170 2907 9.
1191 2858 1243 2907 Cir.
1257 2857 1291 2907 de
1310 2857 1365 2909 hoa

279 2935 355 2994 patra
366 2943 420 2980 non
432 2930 585 2980 instauravit
595 2928 696 2980 bellum
708 2929 802 2979 auxilio
840 2932 931 2982 mortis
964 2946 1061 2994 genere
1091 2934 1119 2983 C.
1150 2932 1284 2983 Rabirium
1312 2932 1363 2981 Ed.

280 3006 390 3069 Aegypti
418 3006 586 3066 interioris»
615 3020 702 3069 neque
727 3006 802 3057 iocus
840 3006 971 3069 Kreyssig.
991 3019 1017 3069 p.
1036 3007 1097 3057 226:
1124 3007 1167 3056 lite
1182 3034 1197 3044 -
1213 3034 1227 3043 -
1240 3008 1367 3069 pendente

281 3083 322 3129 est
347 3080 520 3130 coniecturis:
543 3083 699 3142 penetrauit,
722 3094 802 3143 pero-
838 3082 889 3131 euie
905 3082 1040 3131 ceruicibus
1053 3082 1367 3143 arpiaemoiiembabitur

279 3155 372 3217 praeit,
382 3156 524 3216 peraravit,
535 3157 694 3217 properavi,
708 3155 746 3204 ire
752 3168 802 3217 pa-
839 3158 865 3205 in
882 3168 995 3205 somnum
1012 3156 1169 3217 trahiturque
1185 3156 1285 3205 libidine
1294 3170 1366 3205 mor·

279 3229 360 3290 ravit,
378 3230 513 3290 repedavit,
532 3229 653 3291 repetiuit,
671 3229 801 3290 reserauit,
838 3231 881 3289 tis,
900 3228 997 3292 quibus
1015 3230 1113 3292 optime
1129 3228 1275 3293 explicatur
1286 3228 1364 3281 locus

279 3303 398 3352 remeauit
415 3306 476 3363 eet,
496 3306 523 3352 et
539 3304 560 3353 si
579 3316 646 3366 quas
667 3301 731 3353 alias
748 3303 801 3353 iam
839 3304 910 3353 Statii
928 3302 988 3352 Siiv.
1007 3303 1034 3365 3,
1054 3305 1083 3363 4,
1103 3304 1164 3353 449;
1183 3304 1364 3367 Anquiseram-

280 3378 461 3440 excogitarunt
477 3377 574 3427 Critici.
600 3378 725 3427 Ceterum
738 3390 801 3426 usus
838 3391 885 3439 que
902 3379 1010 3439 domum,
1029 3378 1166 3438 biaurioque
1175 3392 1365 3430 merraueneno

280 3453 322 3501 hio
346 3465 371 3500 v.
398 3464 521 3513 reparare
550 3465 634 3515 prope
662 3448 801 3513 singularis
837 3452 920 3501 Actias
935 3452 1057 3501 Aurariae
1072 3452 1137 3515 [uait
1154 3452 1286 3513 Cleopatra
1296 3458 1365 3503 aare

279 3529 332 3585 est;
359 3528 479 3589 proxime
502 3526 612 3575 tortasse
633 3526 736 3575 accedit
757 3527 802 3575 ln·
837 3540 897 3587 uas,
927 3526 972 3576 ubi
998 3526 1092 3576 trustra
1120 3540 1254 3577 nonnemo
1279 3526 1365 3578 valuit

279 3601 380 3663 scripti.
398 3613 482 3649 mear.
501 3600 558 3649 Lat.
582 3600 612 3648 N.
632 3600 708 3649 ⁴587:
736 3602 803 3661 quod
837 3613 931 3650 morra.
965 3597 1242 3665 Kevrq'pozraierrroi
1259 3602 1363 3653 ineius

279 3673 349 3721 iieuit
359 3675 459 3734 patrios
473 3686 598 3735 reparare
610 3674 719 3722 Penates.
747 3678 802 3723 Au·
837 3674 948 3724 brachio
969 3676 1123 3738 appamisse
1146 3676 1224 3725 tradit
1246 3676 1295 3726 Dio
1312 3678 1361 3739 et,

280 3745 801 3809 son.itosellae3b:Nouruperouteuado
839 3747 877 3799 44.
903 3750 973 3812 Virg.
992 3752 1056 3800 Aen.
1076 3752 1104 3811 8,
1128 3752 1188 3801 696:
1215 3753 1312 3815 fleqina
1333 3753 1364 3801 in

278 3819 382 3878 rapidae
395 3833 518 3881 reparare
533 3826 630 3871 meatus
646 3822 754 3885 caperis.
837 3824 923 3873 mediis
945 3826 1029 3886 patrio
1052 3831 1124 3875 uocat
1145 3827 1248 3889 uprniua
1272 3827 1360 3887 usim,

311 3892 353 3941 ab.
371 3892 498 3957 iaeeuwm]
512 3894 660 3944 «deiectam
671 3908 686 3944 a
698 3896 800 3958 fastigio
837 3898 947 3947 Noudion
963 3899 1039 3947 etiam
1049 3901 1159 3963 qerninoe
1170 3914 1187 3949 a
1197 3905 1267 3963 terqo
1277 3902 1361 3962 rupi-

280 3979 342 4026 suo,
359 3964 484 4017 afflictam
501 3982 533 4018 ac
550 3968 722 4020 dosolatam.»
744 3972 798 4021 Cio.
837 3973 870 4021 eit
886 3986 987 4036 aeques.

280 4042 350 4091 Orat.
364 4039 407 4090 67:
427 4042 801 4106 depressam,coeeorn,iareu-
869 4047 909 4095 29.
936 4046 1056 4111 ferocior]
1083 4050 1253 4099 «Anunosior
1278 4050 1361 4099 etiam

280 4122 327 4165 tem
346 4117 454 4165 domun.
489 4117 607 4168 Eandem
629 4119 677 4168 Od.
701 4118 729 4180 i,
754 4118 798 4181 44,
838 4122 916 4181 tacta,
943 4124 1086 4185 postquam
1108 4126 1210 4174 eertum
1228 4124 1360 4175 moriendi

279 4190 320 4239 36.
345 4205 453 4241 uanum
475 4190 562 4241 ouiaru
583 4195 714 4253 nominat,
744 4192 798 4255 ubi,
837 4194 976 4247 consilium
993 4198 1093 4261 oepit.»
1129 4200 1174 4249 Est
1195 4200 1281 4261 potius
1304 4198 1357 4249 abi
