2934 4884
574 299 632 348 tili.
653 299 682 348 ll.
719 301 748 348 C.
767 301 820 350 XX.

513 769 748 830 cum
779 771 874 832 Π.

403 947 473 1010 Non
496 947 612 1012 usitata
635 969 695 1014 nec
718 949 805 1014 tenui
828 949 912 1015 lerar

211 1145 265 1194 XX.
285 1146 367 1194 lnscr.
387 1141 456 1206 vols.
475 1143 513 1192 Ad
529 1145 712 1206 Maecenatem,
740 1148 767 1194 ei
783 1148 822 1195 sic
844 1146 910 1197 libs.
940 1175 967 1184 -
993 1151 1032 1199 Ad
1051 1152 1204 1200 Meceaaiam

178 1219 314 1282 ulieporice
325 1217 457 1268 tetracolon
468 1218 496 1266 T.
512 1243 538 1254 -
558 1219 591 1268 Se
601 1219 768 1268 immortalem
782 1221 897 1284 seturna
908 1227 931 1270 ei
947 1224 974 1272 in
985 1224 1086 1286 οἱφιυηι
1097 1239 1202 1274 comn-

177 1293 321 1344 iendmn'c.
342 1319 368 1330 -
388 1293 412 1342 i.
432 1306 482 1342 non
499 1294 565 1342 tenui
583 1293 609 1354 d,
623 1309 681 1358 κμ,
700 1295 766 1343 Pott.
781 1293 848 1356 duo,
868 1296 928 1344 Fea.
949 1298 1056 1358 illinus,
1075 1298 1188 1360 BbSTc.i

176 1469 231 1520 XX.
253 1470 283 1520 lu
300 1481 417 1530 cycnum
435 1481 464 1518 se
482 1470 614 1518 mutatum
631 1471 673 1517 ai-
708 1471 773 1520 satis
790 1472 923 1520 convenii.
943 1475 1065 1524 Attamen
1081 1475 1107 1524 iu
1119 1476 1234 1526 eandem

142 1558 197 1608 que
215 1544 327 1594 ateiris
345 1557 407 1594 mox
424 1543 606 1594 discessurum
624 1541 673 1592 iiu-
708 1543 764 1593 lere
782 1557 845 1595 cum
862 1547 1014 1598 Eictisiadio
1031 1550 1185 1612 opinionem
1197 1551 1236 1600 iu-

141 1631 225 1682 gens,
252 1630 351 1668 nomeu
373 1619 468 1680 poetae
489 1616 523 1667 ab
547 1615 671 1666 omnibus
708 1615 788 1668 clinai
798 1620 981 1672 Schneidewin
999 1623 1025 1672 in
1038 1625 1155 1674 conieci.
1174 1625 1231 1674 crit.

141 1693 267 1743 honorati
297 1689 531 1753 immortalemque
560 1689 670 1753 gloriam
708 1692 780 1742 ⁴839.
799 1693 823 1742 8.
842 1708 869 1758 p.
890 1696 932 1755 ii,
956 1699 984 1746 ei
1001 1697 1026 1746 in
1043 1695 1128 1746 aliero
1144 1695 1234 1746 libello

142 1771 196 1820 sibi
222 1766 371 1832 pollicetur.
412 1768 538 1830 Egregius
563 1769 670 1817 nostrae
707 1767 826 1816 Coniect.
846 1770 903 1818 crit.
927 1785 953 1834 p.
977 1771 1018 1820 32.
1041 1771 1186 1834 deceptus,
1205 1774 1234 1821 ui

141 1845 239 1896 aciatis
255 1840 415 1906 philologus·
427 1842 610 1904 (Eichsiadiusi
635 1843 669 1890 ita
706 1840 770 1890 mibi
788 1842 898 1904 quidem
910 1844 1029 1907 videtur,
1048 1847 1083 1896 ab
1094 1845 1231 1905 Alcmana,
1301 1861 1305 1872 ·

141 1921 177 1970 de
196 1919 249 1968 hoc
266 1917 385 1968 carmine
403 1916 539 1966 iudicavit:
569 1917 670 1966 «ilora-
706 1916 781 1966 cuius
799 1929 908 1967 momen
926 1918 968 1968 vel
986 1920 1038 1970 hoc
1058 1921 1166 1972 nomina
1190 1919 1232 1970 di-

140 1995 211 2044 tium
236 2004 290 2042 uon
315 1991 386 2041 serio
412 2003 470 2041 rem
493 1992 593 2054 egisse,
621 1989 668 2040 sed
706 1989 793 2038 siebat
813 1989 848 2040 ab
866 1992 1022 2053 ltoraiiano,
1050 1994 1123 2058 quod
1144 1993 1232 2044 initio

140 2067 246 2118 urbana
274 2065 391 2128 quadam
423 2065 456 2114 ad
486 2067 669 2116 Maecenatem
706 2064 900 2114 enarrabantur
920 2064 1011 2129 populi
1032 2069 1181 2130 portentosi
1204 2071 1232 2118 et

139 2141 366 2192 iocationeusum
382 2142 521 2203 putamus,
540 2153 591 2203 qua
606 2144 671 2204 poe·
706 2135 859 2199 longissime
881 2153 897 2188 a
919 2141 1028 2190 Graecia
1051 2143 1160 2202 remoti,
1187 2143 1231 2192 Ri-

140 2219 198 2266 iam
215 2227 245 2264 se
263 2213 374 2277 quidem
391 2216 418 2264 ei
428 2217 539 2277 propter
550 2211 668 2263 iaur'eam
705 2213 793 2276 placei,
807 2213 948 2264 Issedones
960 2217 1023 2274 cei.;
1038 2217 1065 2266 in
1077 2217 1128 2265 hoc
1140 2219 1230 2267 sutem

140 2289 277 2354 poeticam
301 2287 375 2338 haud
399 2288 537 2350 iudignum
562 2289 669 2338 Maece·
705 2287 777 2336 omui
811 2289 955 2356 εἰρωνείας
982 2291 1126 2353 suspicioni
1156 2305 1231 2354 pror-

140 2365 211 2414 naiis
227 2363 343 2414 amicitia
356 2361 541 2426 profiteretur,
560 2361 607 2412 sed
619 2375 670 2425 per
705 2374 752 2412 sus
769 2366 919 2426 repugnant
933 2359 1035 2413 verba?
1054 2370 1078 2413 ei
1098 2367 1141 2426 qut
1157 2365 1232 2416 diasi-

140 2441 229 2502 ipsam
246 2449 370 2488 summae
387 2437 570 2488 ostentationis
588 2437 670 2488 simu·
704 2437 785 2486 midai
800 2443 893 2488 metum
904 2441 1007 2488 Marsae
1017 2439 1229 2492 catarticum.

140 2513 277 2572 lationem,
291 2514 421 2576 quantum
431 2512 613 2562 ostentationis
624 2524 670 2559 va·
704 2511 813 2562 Amicus
841 2512 951 2575 quidam
982 2525 1060 2564 meus
1087 2513 1230 2578 aliquando

141 2589 210 2638 nitas
230 2587 313 2637 distet
332 2585 366 2636 ab
391 2585 476 2636 festivi
493 2585 610 2635 bominis
626 2585 668 2634 hi·
704 2585 773 2635 haee
784 2587 848 2636 mibi
860 2589 977 2650 scripsit:
999 2589 1229 2641 aNonsinecausa

140 2661 244 2711 latitate
268 2660 442 2712 declamata
467 2687 495 2696 -
518 2658 585 2710 lllud
606 2661 667 2710 anie
705 2659 823 2710 nonnulli
839 2663 894 2712 toto
912 2663 938 2711 in
953 2663 1230 2727 carminereprehen-

140 2737 230 2786 omnia
244 2736 352 2786 Horatio
364 2735 530 2799 propositum
544 2735 609 2794 arai,
629 2735 666 2793 ui,
705 2734 776 2785 disse
800 2737 864 2786 mihi
887 2737 1012 2788 videniur
1033 2739 1124 2788 nescio
1146 2752 1228 2801 quern

140 2809 239 2860 multos
257 2823 321 2860 eum
338 2809 452 2860 haberet
468 2809 572 2871 iniquos
587 2811 667 2871 atque
704 2809 912 2881 rapevdupuov.
932 2813 1072 2862 Praeterea
1089 2811 1161 2862 haud
1173 2815 1228 2864 scio

139 2885 345 2945 obtrectatores,
358 2883 456 2948 partim
467 2882 551 2934 malos
563 2885 666 2946 poetas,
704 2898 738 2934 an
762 2897 813 2934 non
836 2885 920 2947 putidi
943 2885 1042 2950 aliquid
1065 2886 1164 2936 babeat
1183 2901 1227 2938 vv.

139 2960 238 3024 partim
271 2959 458 3021 grammaticos
491 2957 666 3020 antiquarios,
703 2958 792 3008 9-42.
811 2960 890 3010 nimis
907 2963 1031 3010 accurata
1053 2959 1095 3010 illa
1112 2960 1229 3023 singula-

139 3035 173 3086 ab
202 3031 353 3095 aequalium
380 3033 486 3096 optimis
515 3031 666 3095 quibusque
702 3045 778 3094 rum,
805 3047 873 3096 quas
898 3034 1025 3096 subierit,
1051 3036 1229 3086 mutationum

138 3113 166 3159 ei
183 3109 331 3159 sanissimis
349 3105 458 3158 tandem
476 3109 668 3170 agnosceretur
703 3107 780 3170 quasi
798 3109 988 3158 enumeratio.»
1023 3109 1157 3172 Respondi
1175 3123 1227 3160 non

138 3185 268 3234 limosae
289 3183 379 3246 fidicen
402 3182 488 3243 turam
516 3181 589 3246 quod
606 3183 667 3246 qui·
703 3182 787 3244 magis
804 3195 865 3231 eam
882 3180 1048 3244 displicuisse
1065 3183 1149 3232 videri
1173 3184 1228 3234 lto-

138 3258 204 3308 dem
220 3257 388 3320 propositum
401 3269 463 3306 cum
475 3259 587 3316 teneret,
607 3255 666 3306 libri
702 3257 761 3305 raiii
778 3254 934 3317 aequalibus
955 3268 1037 3317 mam
1058 3254 1158 3307 similes
1174 3271 1227 3321 με·

137 3331 252 3383 secundi
270 3329 362 3380 ultimo
378 3331 510 3391 carmine,
529 3333 555 3381 in
573 3329 666 3382 illustri
701 3326 904 3400 ταμορφώσεις
923 3329 1075 3390 Ouidianas,
1098 3331 1126 3378 ei
1142 3343 1228 3393 quse·

137 3406 199 3457 loco
222 3406 309 3470 posito
334 3407 361 3454 et
384 3406 427 3455 cui
444 3404 528 3456 lector
545 3405 666 3469 aliquan-
702 3406 782 3456 sitam
798 3404 832 3454 ab
849 3408 964 3467 utroque
975 3406 1056 3466 poeta
1067 3399 1225 3473 ἐνάργειαν,

139 3482 224 3544 iisper
250 3478 346 3530 saltem
379 3480 515 3534 immorari
537 3480 664 3540 debebat,
703 3492 772 3543 quae
791 3479 868 3529 nobis
885 3479 997 3528 tortasse
1015 3478 1094 3527 nimis
1111 3491 1226 3542 operosa

138 3557 285 3617 antequam
302 3553 336 3602 ad
354 3555 461 3604 tertium
473 3553 571 3606 librum
583 3557 667 3606 trans-
702 3554 832 3604 videatur.
874 3553 926 3602 Sed
951 3551 1035 3602 libere
1053 3553 1139 3602 iaieor
1154 3554 1226 3603 siro-

139 3631 203 3688 irei‚
230 3641 308 3678 suem
331 3630 407 3690 quasi
430 3623 597 3680 ἀποθέωσιν
616 3643 666 3680 ce·
702 3629 775 3692 plaen
786 3629 892 3678 tertiam
904 3627 969 3678 milii
986 3640 1093 3691 quoque
1106 3639 1159 3678 non
1171 3640 1227 3676 ma-

138 3703 245 3753 lebrare
262 3705 344 3766 atque
362 3701 437 3764 illud,
468 3706 498 3754 ui
514 3705 592 3767 primi
605 3703 665 3754 libri
702 3717 821 3767 gnopere
838 3702 958 3767 placere,
982 3704 1009 3752 ei
1025 3701 1074 3752 alia
1093 3704 1134 3753 esi
1151 3703 1227 3765 epica

139 3779 256 3842 primum
268 3791 556 3829 carmensummosuo
572 3779 666 3830 fautori
703 3777 794 3830 talium
811 3779 926 3842 pictura,
953 3779 984 3826 ut
1004 3777 1077 3841 apud
1094 3776 1225 3837 Ovidium,

138 3853 285 3904 inscribere
303 3854 438 3914 decrevit3
462 3854 580 3906 carmine
600 3867 665 3904 vero
702 3852 752 3904 elia
771 3853 889 3903 debebat
905 3864 966 3902 esse
981 3851 1065 3914 lyrici.
1084 3852 1140 3900 Nec
1151 3848 1227 3900 lacile

139 3930 229 3980 iocoso
248 3928 468 3992 (peraequum
488 3927 667 3980 librumcon-
702 3929 762 3991 quis
788 3929 869 3990 neget
892 3929 978 3976 totum
1004 3938 1114 3975 carmen
1139 3923 1227 3987 potius

140 3999 249 4053 cludere
265 4016 319 4053 uon
330 4005 445 4066 poterat,
464 4003 514 4054 uisi
525 4004 547 4054 si
559 4003 665 4067 ineptus
702 4003 759 4052 urta
776 4001 877 4052 iactum
893 4013 954 4051 esse
972 4013 1053 4062 quam
1070 4011 1086 4048 a
1102 4010 1168 4047 vero
1179 3996 1226 4048 ἐν·

139 4077 197 4126 iure
217 4077 301 4127 videri
323 4075 464 4134 voluisset;
491 4091 579 4141 neque
601 4091 665 4127 vero
702 4071 876 4140 θουσιασμῷ
893 4074 998 4139 poetico
1020 4072 1127 4123 Horatio
1144 4073 1227 4136 inspi-

141 4153 255 4202 meirum
285 4151 422 4203 Alcaicum
447 4152 579 4202 eiusmodi
607 4153 666 4202 ioco
702 4154 804 4209 ratum;
823 4151 873 4201 sed
889 4150 1031 4213 propterea
1049 4160 1130 4198 nemo
1146 4160 1228 4199 sanus
1295 4157 1300 4167 ·
