2934 4884
677 394 805 443 llOliATll
824 392 994 444 conuincti

542 549 722 637 Torquibus
745 548 871 637 exiguis
892 548 1027 615 renidet.

456 731 565 794 Paene
586 738 777 813 occupatam
799 726 1012 792 seditionibus

455 848 581 915 Delevit
602 848 721 915 Urbem
742 850 851 913 Dacus
874 856 906 913 et
928 845 1098 933 Aethiops,

498 971 558 1036 Hic
580 969 685 1036 classe
707 968 912 1045 formidatus,
937 966 990 1032 ille

539 1089 712 1156 Missilibus
735 1088 850 1155 melior
871 1088 1004 1176 sagittis.

453 1268 605 1335 Fecunda
627 1265 742 1353 culpae
765 1264 877 1333 secula
897 1264 1026 1352 nuptias

452 1388 595 1454 Primum
617 1387 828 1475 inquinavere
851 1396 884 1452 et
905 1406 1008 1474 genus
1032 1394 1065 1451 et
1086 1384 1219 1464 domos;

281 1643 382 1706 vienus)
391 1640 651 1692 retmtditdntooium.
665 1641 726 1690 Tac.
737 1641 804 1689 Anu.
843 1637 893 1689 lius
916 1640 950 1700 2,
972 1638 1036 1690 l98:
1066 1639 1209 1689 umnam
1224 1641 1252 1690 tn
1267 1640 1374 1703 fraudes

281 1718 311 1779 l,
330 1717 377 1769 io:
404 1716 512 1765 contrait
537 1716 659 1765 lbroeom
683 1712 805 1777 omnim.
842 1714 969 1764 domim
984 1726 1070 1777 perram

314 1784 355 1841 ti.
392 1788 540 1854 roronem]
570 1786 726 1839 «Tenuibus
756 1785 806 1837 illis
876 1789 916 1838 ⁴8.
934 1787 1020 1852 penio]
1040 1788 1159 1838 «Bonum
1174 1789 1247 1852 paris
1264 1791 1372 1851 saugm-

281 1864 420 1927 torquibus
439 1864 540 1924 aureis,
567 1865 613 1926 qui
631 1864 726 1913 unicus
743 1876 806 1925 gre-
842 1864 896 1923 nie,
919 1860 999 1912 alieni
1021 1862 1109 1912 coitus
1124 1861 1287 1915 admixtione
1310 1864 1372 1928 pot-

280 1940 414 2004 gariorum
431 1936 543 1988 militum
556 1936 626 2001 apud
642 1938 753 1987 Parthos
765 1949 807 1985 or-
842 1935 954 1987 lutum.»
983 1936 1070 1986 Aenon
1087 1937 1188 1985 Narin.
1222 1938 1304 1988 Recte
1322 1950 1373 1988 ex-

280 2016 358 2065 natus
376 2012 474 2073 iuerat,
497 2011 611 2063 exsultat
628 2024 698 2062 nunc
715 2024 808 2061 acces·
841 2010 940 2075 plices:
951 2022 1041 2074 penam
1054 2010 1226 2073 sanmunem,
1239 2012 1371 2077 stirpem

279 2089 347 2141 sisse
365 2086 474 2137 divitem
485 2086 615 2149 praedam
630 2087 804 2137 Romanam.»
842 2087 939 2145 domm,
958 2097 1053 2135 omues
1070 2086 1189 2136 rationes
1205 2084 1372 2139 domesticas

282 2190 309 2199 -
333 2160 437 2224 renidet]
465 2162 537 2210 oNon
562 2162 619 2211 siue
645 2158 805 2211 contumelia
842 2161 912 2210 inter
928 2160 1055 2221 coniuges
1072 2171 1104 2208 ac
1118 2158 1234 2221 liberos,
1252 2161 1289 2211 ad
1300 2174 1371 2224 quoe

278 2238 306 2287 iu
322 2237 455 2285 Romanos
478 2233 582 2285 ridente
605 2232 678 2285 voltu
701 2236 807 2298 spectat
841 2235 942 2285 sensim
966 2246 982 2282 a
1005 2232 1161 2296 parentibus
1189 2235 1285 2284 transit
1306 2249 1372 2286 eor·

280 2310 403 2360 ornatum
420 2322 500 2359 saum
517 2311 656 2372 tantopere
669 2310 804 2359 aucum.»
841 2306 954 2371 ruptela.
972 2305 1097 2357 ambros.
1111 2308 1178 2371 Opp.
1189 2308 1220 2357 Τ.
1230 2309 1255 2358 2.
1267 2322 1297 2371 p.
1311 2310 1371 2359 tat.

312 2384 400 2435 tit-to.
418 2383 506 2447 Poene]
526 2382 640 2435 «Urbem
652 2384 738 2446 ipsam
749 2383 805 2433 dis·
842 2383 876 2433 de
894 2380 1008 2432 Herodis
1026 2379 1093 2431 filia:
1114 2382 1257 2443 ονᾶόονννι
1268 2388 1373 2445 poterat

279 2459 412 2509 sidentem
433 2471 466 2509 ac
486 2458 580 2507 studiis
603 2457 732 2508 intestinis
750 2456 806 2508 dis-
841 2459 871 2509 de
887 2458 1004 2507 adultero
1021 2456 1125 2518 (matre)
1143 2457 1238 2507 discen
1252 2458 1303 2506 nisi
1319 2460 1371 2508 do·

279 2534 392 2582 tractam
415 2544 501 2596 paene
525 2532 637 2582 exscidit
659 2532 803 2591 Antonium
840 2548 928 2584 mnam
940 2532 1069 2595 podem?

279 2620 310 2657 aa
334 2606 433 2669 potitus
456 2608 542 2666 esset,
569 2606 590 2655 si
609 2605 682 2669 apud
697 2608 804 2657 Actium
873 2610 915 2658 20.
941 2609 971 2657 ln
989 2608 1106 2669 patriam
1123 2608 1304 2672 populosque]
1328 2610 1370 2659 «in

278 2682 363 2732 victor
388 2680 549 2730 evasisset.»
586 2681 665 2739 Daoi,
695 2682 805 2743 sagitta·
840 2697 899 2734 rem
911 2681 1046 2747 publicam
1058 2685 1085 2731 et
1098 2682 1125 2730 in
1136 2680 1254 2744 singulos
1266 2683 1369 2733 cium.-

279 2756 322 2815 rii,
348 2752 382 2802 ab
400 2754 543 2803 Octaviano
564 2754 648 2817 spreti
670 2753 704 2803 ad
721 2757 805 2804 Anto-
840 2759 954 2821 Antiqua
963 2760 1005 2807 est
1015 2754 1137 2808 formula.
1150 2758 1205 2806 Liv.
1215 2757 1240 2817 o,
1253 2755 1282 2806 tt
1293 2772 1300 2805 ε
1312 2764 1372 2807 mat

278 2830 352 2881 nium
369 2826 567 2878 inclinaverant.
605 2828 660 2889 (Dio
682 2829 727 2889 ot,
752 2829 803 2891 22.)
840 2823 1369 2894 pot-·davooiareeoelsenioresinclade

278 2905 349 2966 virg.
377 2904 422 2953 Ge.
447 2904 478 2963 2,
505 2901 565 2952 ter:
597 2903 646 2952 Act
673 2905 805 2955 coniurato
841 2906 938 2958 Gallica
955 2920 980 2955 a.
999 2920 1026 2956 u.
1045 2919 1069 2955 c.
1089 2905 1157 2967 365.)
1175 2908 1370 2967 reproperata

279 2978 424 3029 descendm
440 2978 526 3027 Docta
543 2976 575 3026 ab
597 2979 670 3027 Istro.
688 2982 754 3029 Aen.
773 2980 803 3038 8,
841 2982 1028 3044 Quiritibusque
1037 2980 1157 3029 iiommtis
1167 2980 1368 3031 tremotid.

278 3052 342 3101 roo:
368 3052 449 3103 mouit
469 3065 498 3103 eo
521 3056 616 3103 terrore
635 3052 761 3116 Aeppptua
782 3060 805 3103 et
841 3057 948 3107 Metam
962 3056 1007 3114 to,
1026 3054 1089 3103 tit:
1107 3053 1372 3116 Patimlomnnpo-

278 3126 351 3187 Indi,
381 3127 466 3177 Οννιὶε
491 3127 588 3189 Arabs,
618 3140 701 3178 omnes
722 3135 805 3179 uerte-
835 3131 948 3192 putoque
974 3127 1074 3189 Quiritd
1096 3154 1111 3165 -
1133 3154 1148 3165 -
1169 3128 1210 3176 sit.
1247 3127 1367 3178 luvenal.

278 3202 339 3253 tant
355 3206 428 3265 torpe
444 3202 544 3252 Sabaei.
563 3204 724 3267 Aegyptios,
749 3207 804 3255 Au·
841 3203 887 3265 tt,
912 3204 958 3257 70:
985 3203 1159 3262 Groaened,
1183 3202 1369 3263 puodpatrioe

278 3276 343 3327 tonii
368 3274 532 3337 classiarios,
562 3278 667 3341 poetice
694 3281 805 3342 propter
839 3280 918 3329 doun
930 3277 1074 3340 populoque
1084 3276 1180 3325 dodau.
1199 3277 1369 3327 incenatum

279 3352 442 3401 vicinitatem
459 3351 604 3415 Aethiopes
620 3353 708 3402 vocat.
737 3354 804 3403 Nam
839 3353 930 3403 invehi
946 3354 1020 3403 certe
1035 3349 1368 3416 prudeneuolebatpoeta

279 3426 329 3489 ipsi
337 3425 492 3489 Aethiopiae
505 3424 546 3475 ille
559 3438 611 3476 non
623 3425 802 3489 imperitabat.
840 3440 874 3477 eo
891 3426 986 3486 modo,
1011 3426 1057 3488 qui
1073 3424 1173 3489 placuit
1188 3422 1322 3484 Bentleio,
1342 3427 1370 3474 et

279 3498 346 3550 Plut.
370 3501 429 3549 Ant.
455 3499 501 3549 6⁴:
533 3495 662 3564 (Λιβύης)
686 3495 723 3549 τὰ
744 3494 804 3550 ἀπὸ
840 3500 1070 3564 languidissimum
1099 3512 1166 3551 seue
1198 3500 1266 3549 toret
1294 3498 1368 3549 istud

279 3567 414 3641 Κυρήνης
423 3572 527 3642 μέχρις
537 3570 690 3636 Αἰθιοπίας
709 3570 803 3640 (εἶχεν)
841 3588 1001 3637 quanqum

277 3638 433 3708 Ἀντώνιος.
456 3670 482 3683 -
500 3648 596 3711 metior]
615 3650 759 3719 κρείττων.
873 3652 914 3699 et.
926 3648 1155 3712 Ποίαν-Λυκίων]
1162 3649 1279 3698 Auctore
1287 3647 1370 3698 Athe-

313 3720 352 3771 l‘l.
379 3720 496 3769 Fecunda
516 3722 611 3786 cttlpoe]
634 3724 690 3775 Iam
709 3738 805 3779 causas
841 3738 908 3775 naec
925 3725 948 3773 t.
961 3737 987 3787 p.
1001 3724 1034 3773 22
1049 3721 1077 3772 b.
1091 3714 1231 3787 η”Ιωνικὴ
1243 3715 1368 3791 ὄρχησις

279 3794 374 3845 harum
391 3792 572 3845 calamitatum
588 3799 704 3861 exponit.
736 3802 805 3851 alie-
840 3800 913 3850 iniis
929 3796 965 3847 ab
981 3797 1137 3848 Aristoxeno
1154 3796 1366 3854 memorabatur,

279 3871 409 3931 generant
436 3867 550 3920 familiae
582 3874 692 3936 propter
717 3876 804 3926 omnis
840 3886 910 3937 quae
927 3868 977 3939 διὰ
991 3866 1046 3935 τὴν
1059 3868 1117 3940 τῶν
1133 3868 1237 3941 χειρῶν
1247 3872 1368 3935 κίνησιν

279 3944 384 4003 generis
406 3941 544 4006 libidines,
570 3944 668 4009 quibus
689 3948 803 4012 uterque
840 3946 1126 4010 oetemspraestareut.
1148 3945 1368 4009 artetophffbe-

278 4028 358 4067 sexus
379 4016 509 4069 obnoxius
535 4022 602 4070 est.»
642 4022 735 4085 Neque
755 4037 804 4073 ve·
839 4021 945 4084 emoph.
976 4020 1039 4069 ⁴63:
1064 4020 1180 4081 ibycus,
1205 4022 1364 4077 Anacreon,

278 4101 309 4138 ro
326 4088 506 4142 obliviscenda
524 4092 739 4156 frequentissima
753 4095 802 4147 illis
838 4094 952 4147 Alcaeus
969 4090 1182 4165 ἐμιτροφόρουν
1199 4107 1230 4143 τε
1246 4094 1298 4145 καὶ
1313 4092 1368 4145 διε-

279 4162 444 4224 temporibua
466 4167 578 4231 divortia
599 4182 630 4217 ac
647 4170 758 4233 repudia
774 4173 803 4220 et
838 4165 938 4221 uldm'
952 4164 1092 4231 Ἰωνικῶς.
1117 4170 1281 4232 Hesychius:
1307 4162 1365 4217 Ἰω-

279 4234 444 4287 matrimonia
456 4242 529 4291 omni
546 4241 627 4293 modo
639 4242 744 4293 violata.
765 4245 803 4293 si·
837 4242 935 4305 νικόν,
958 4241 1102 4317 τρυφερὸν
1118 4238 1140 4309 ἢ
1156 4245 1219 4315 περὶ
1241 4241 1295 4294 τοῦ
1312 4260 1365 4294 κα-
