2934 4884
510 370 568 418 tiit.
589 370 629 419 lV.
666 373 694 420 C.
715 373 756 420 ll'.

332 527 365 588 lu
388 545 509 612 pueros
532 527 657 591 animus
680 530 834 593 Nerones.

211 693 215 706 ·
247 659 356 720 Fortes
380 666 530 722 creantur
552 656 686 723 sortibus
709 668 741 724 et
762 658 874 738 bonis;

248 779 302 844 Est
325 778 356 841 in
380 778 537 854 iuvenciS,
562 789 611 844 est
634 781 664 843 in
688 780 782 867 cquis
804 791 931 867 patrum

290 899 413 972 Virtus,
438 919 546 985 neque
570 898 731 965 imbellem
754 901 879 968 leroces

331 1021 551 1107 Progenerant
573 1022 701 1108 aquilae
724 1023 924 1104 columbam3

249 1151 400 1216 Doctrina
421 1150 481 1216 sed
504 1153 567 1216 vim
589 1165 758 1238 promovet
779 1156 922 1230 insitam,

249 1272 403 1358 flectique
425 1272 530 1338 cultus
552 1284 684 1359 pectora
707 1274 877 1352 reborant;

184 1413 226 1463 28.
245 1415 345 1463 amonis
369 1414 397 1463 Τ.
418 1441 445 1451 -
464 1415 505 1464 29.
522 1417 637 1480 fortibus.
660 1422 683 1466 et
707 1417 777 1467 bonis
799 1420 844 1467 Est
868 1419 895 1468 tn
912 1420 1074 1485 distinguunt
1092 1425 1131 1474 Td
1148 1430 1176 1476 et

152 1489 254 1538 «maior
275 1501 338 1552 pars
361 1488 600 1540 membranarum»
626 1489 754 1550 Bentleii;
785 1494 849 1543 item
874 1495 933 1544 Fen.
964 1524 990 1531 -<
1016 1497 1057 1547 3⁴.
1075 1513 1120 1549 nec
1145 1500 1174 1562 d,

152 1563 232 1612 LCtF.
262 1563 306 1626 (Ut
322 1575 388 1623 nos,
407 1559 502 1624 Dch.)
522 1592 549 1600 -
567 1564 681 1616 mettani
697 1568 725 1615 Τ.

119 1695 227 1752 redimi,
253 1693 350 1756 meam,
373 1693 471 1745 resolvi.
500 1695 582 1757 Lege:
602 1709 645 1746 ro-
682 1687 812 1738 termutue
838 1691 936 1741 instar:
966 1693 1032 1756 Epp.
1051 1694 1079 1753 t,
1104 1695 1132 1753 9,
1159 1695 1205 1745 tt:

117 1768 189 1831 cici.)
221 1768 341 1829 Languet
356 1769 436 1831 atque
455 1770 527 1818 omni
544 1769 646 1832 proba·
681 1767 705 1812 οἱ
722 1762 813 1825 [ΨΜ
828 1765 899 1814 credo
918 1764 1065 1828 ὺοπυωφω.
1101 1769 1156 1818 Cic.
1174 1770 1208 1819 ad

118 1842 221 1892 bilitate
239 1844 472 1904 caretrcpressac;
498 1857 549 1894 ricc
567 1859 645 1908 pror·
682 1837 755 1888 Fam.
779 1837 810 1897 3,
834 1839 882 1888 tl:
911 1841 938 1889 in
964 1854 1065 1892 aunum
1087 1843 1209 1894 cenom

118 1929 165 1968 sus
182 1929 279 1966 verum
291 1917 345 1976 est,
365 1916 437 1980 quod
449 1919 485 1968 ait
495 1917 643 1970 Bentleius:
682 1925 713 1962 ee
729 1913 835 1976 (orttwn
854 1914 947 1963 desunt
967 1917 1048 1977 copto.
1083 1916 1150 1968 ibid.
1177 1920 1206 1980 n,

119 1993 244 2041 amictus
274 1989 338 2040 nihil
368 1989 439 2040 aliud
465 1994 538 2042 notat
563 2005 644 2056 quam
683 1987 731 2036 ⁴91
757 1987 786 2036 td
800 1988 867 2049 cuod
882 2001 966 2038 mmet
989 1989 1066 2052 sortes
1093 2005 1124 2041 ae
1151 1991 1210 2042 bont

119 2065 279 2126 «emotus,
302 2065 465 2129 convictus»,
489 2079 577 2130 neque
593 2081 645 2116 un·
681 2061 732 2109 virt
759 2062 844 2124 laem
868 2062 961 2112 debent.
996 2064 1071 2113 verr.
1099 2065 1130 2125 3,
1157 2067 1206 2116 ea:

119 2151 204 2202 quam
221 2139 256 2188 de
273 2137 350 2189 bellis
368 2139 529 2203 etproeliis‚
549 2135 644 2192 sedda
682 2138 1210 2202 omem-mmmmm

118 2213 278 2264 criminibus
299 2215 327 2264 et
348 2214 450 2265 iudiciis
475 2219 644 2280 usurpatur·
681 2211 757 2272 forits
770 2216 875 2272 paterer
890 2214 1002 2262 ουαάονσ.
1027 2240 1055 2250 -
1073 2215 1138 2264 Mire
1155 2217 1206 2267 Fen

120 2290 158 2339 Tu
181 2288 230 2338 clr.
255 2290 358 2339 Lucret.
377 2291 405 2350 n,
425 2288 491 2340 tta:
521 2291 580 2340 Inde
599 2303 646 2340 co·
683 2287 718 2335 ita
736 2284 893 2349 discerpsit:
911 2287 1031 2349 sertim
1048 2294 1072 2337 et
1088 2289 1158 2341 bonis
1172 2297 1209 2341 est

118 2365 182 2413 dont
203 2365 288 2412 vires
306 2363 395 2426 alteim
411 2366 511 2415 ratione
526 2367 643 2415 revictae.
682 2363 709 2410 tn
725 2361 842 2409 timarete
880 2360 986 2411 Scilicet
1001 2362 1151 2414 sufficiebat
1167 2365 1209 2415 di·

152 2438 265 2488 25-28.
298 2439 413 2500 Seuere]
442 2453 523 2490 acum
548 2453 645 2504 magno
684 2449 763 2485 cere:
783 2437 905 2498 «patrum
922 2437 1006 2487 virtus
1018 2439 1071 2498 est,
1091 2441 1208 2490 cernitur

119 2511 193 2563 malo
211 2524 261 2562 suo
278 2511 457 2562 intellexere.»
479 2541 505 2550 -
524 2528 594 2564 mais
611 2515 645 2564 ad
683 2511 709 2558 in
727 2511 876 2568 interciso·
903 2522 965 2560 cum
983 2510 1034 2560 boo
1051 2511 1109 2575 ipso
1126 2512 1209 2575 signi·

117 2589 233 2637 virtutes
246 2585 447 2648 intelligentiae,
462 2589 644 2650 sagacitatem,
683 2584 798 2634 ficentur
821 2585 918 2635 borum
934 2586 1006 2636 vires
1022 2588 1050 2635 et
1066 2586 1158 2636 robur.
1179 2615 1207 2624 -

117 2661 309 2726 prudentiam,
331 2662 426 2710 indoles
442 2663 476 2727 od
494 2664 574 2712 animi
593 2664 647 2712 vir·
683 2660 740 2709 tam
758 2661 889 2710 sententia
906 2661 974 2710 haec
991 2663 1048 2711 est:
1074 2661 1209 2712 «tiberim

119 2739 205 2794 tutes,
233 2733 430 2797 tortitudinem,
458 2736 645 2796 clementiam,
685 2737 712 2783 et
725 2735 828 2785 Drusus
845 2736 936 2798 utique
954 2748 1039 2797 genus
1055 2735 1159 2786 ducunt
1174 2736 1209 2786 ab

118 2809 204 2860 fidem
223 2809 346 2872 pertinet.
367 2835 395 2845 -
423 2811 484 2874 rite]
511 2809 597 2861 «bene
614 2823 646 2860 ee
684 2810 799 2872 antiquis
826 2808 874 2860 illis
893 2809 1021 2873 Claudiis,
1049 2811 1113 2862 viris
1137 2810 1211 2861 lorti—

118 2886 222 2934 recte.»
257 2882 345 2932 Verba
369 2885 418 2933 tria
435 2888 496 2934 sunt
514 2885 644 2948 religiosa,
684 2882 737 2932 bus
756 2886 784 2933 et
793 2883 890 2943 bonis3
908 2884 958 2934 sed
970 2885 1092 2935 educatio
1104 2898 1207 2946 corum¹

119 2959 183 3019 rite,
201 2957 313 3020 faustus,
326 2959 397 3006 ¹acui
413 2959 449 3008 dii
467 2958 584 3020 tarenti,
600 2973 647 3022 pe·
686 2959 761 3008 cuius
787 2971 880 3007 curam
907 2960 1102 3022 sapientissime
1127 2962 1211 3022 gessit

118 3032 251 3092 mealia,
274 3031 375 3082 «veluti
393 3032 436 3082 dei
454 3033 646 3094 domicilium»,
685 3034 836 3094 Angustus,
862 3032 963 3084 bonam
985 3034 1112 3084 iuvenum
1133 3035 1211 3085 indo-

120 3105 324 3170 stgnitieantque
356 3109 458 3157 castam
488 3109 595 3158 omnino
621 3110 648 3158 et
686 3106 740 3156 lem
766 3105 906 3155 excoluit.»
935 3107 1002 3156 ltine
1023 3106 1064 3156 illu
1085 3110 1211 3159 Doctrina

122 3184 246 3233 sanctam
265 3181 345 3231 luisse
364 3181 433 3231 hanc
451 3182 647 3233 educationem.
685 3183 727 3230 sed
750 3181 803 3229 utm
824 3186 954 3242 prornovct
976 3182 1079 3230 truttam
1103 3185 1155 3232 cet.
1181 3211 1208 3220 -

123 3285 151 3294 -
162 3256 342 3319 putetrutttiu]
355 3255 470 3307 Velleius
480 3259 505 3318 2,
516 3257 560 3308 ot:
573 3258 650 3307 Tibe-
687 3258 758 3307 Cave
783 3257 874 3304 autem
897 3255 975 3317 putes
993 3267 1017 3303 v.
1035 3255 1142 3318 fortibus
1158 3260 1209 3307 cet.

121 3332 178 3381 rius
192 3331 484 3381 innutrituscastesttum
500 3338 649 3394 praecepto-
685 3330 728 3380 vel
754 3330 825 3378 tecte
848 3329 988 3390 significari
1010 3330 1047 3379 Ti.
1066 3331 1209 3389 Neronem,

121 3419 181 3456 mun
194 3405 338 3467 disciplinis.
350 3433 378 3440 -
389 3406 418 3455 In
427 3419 519 3467 pueros
530 3406 647 3470 Nerones]
687 3403 785 3454 Tiberii
802 3405 830 3453 et
844 3404 923 3452 Drusi
940 3404 1059 3466 patrem,
1086 3405 1161 3455 cutus
1178 3419 1212 3455 ex

100 3539 102 3544 Ι
122 3481 164 3528 «iu
177 3480 311 3543 privignos
324 3479 458 3531 Tiberium
469 3483 495 3530 et
506 3482 648 3530 Drusum.»
687 3478 768 3528 domo
791 3479 926 3540 Augustus
948 3478 1049 3527 Liviam
1075 3478 1212 3540 gravidam

155 3555 198 3603 29.
216 3555 303 3603 Fortes
315 3555 377 3616 eet]
391 3554 464 3604 Pind.
477 3556 553 3616 Pyth.
567 3557 592 3616 8,
603 3555 647 3606 tt:
687 3553 806 3604 abduxit.
829 3554 869 3602 De
887 3553 939 3602 hoc
955 3553 1027 3614 viro,
1054 3553 1130 3603 euius
1151 3565 1212 3603 me·

122 3627 186 3696 Φυᾴ
213 3625 248 3678 τὸ
279 3634 410 3695 γενναῖον
432 3629 579 3700 ἐπιπρέπει
601 3626 650 3680 Ἐκ
687 3628 772 3678 moria
788 3627 946 3677 iamdudum
963 3625 1147 3688 obsoleverat,
1178 3641 1212 3678 ne

123 3705 255 3775 πατέρων
272 3705 372 3754 παισὶν
392 3702 480 3770 λῆμα.
500 3707 588 3769 Eurip.
607 3706 648 3754 Fr.
688 3703 813 3766 cogitavit
823 3702 932 3766 quidem
944 3702 1075 3752 Horatius.
1090 3727 1119 3738 -
1133 3714 1213 3761 nequo

125 3778 210 3829 alem.
238 3781 262 3828 t.
288 3780 384 3829 Diod:
414 3774 454 3842 ὡς
480 3773 588 3845 ἀληθὲς
613 3771 650 3843 ἦν
687 3779 808 3828 mntem
817 3779 920 3840 fumes]
929 3777 1060 3839 Theognis
1069 3776 1126 3826 537:
1140 3769 1213 3826 Οὔτε

124 3847 184 3924 ἄρα
197 3847 326 3903 ’sarion
350 3847 397 3903 ἀπ’
422 3849 534 3924 ἀνδρῶν
559 3849 649 3904 ἐσθλὰ
687 3849 743 3923 γὰρ
759 3849 917 3917 meamne
936 3846 1008 3921 ῥόδα
1027 3847 1133 3912 φύεται
1149 3844 1210 3901 οὐδ’

124 3927 275 3996 γίγνεσθαι
291 3929 390 3988 τέκνα,
409 3926 548 3979 Κακῶνδ’
561 3921 651 3993 ὅμοια
689 3924 842 3989 ὑάκινθος,
868 3921 941 3976 Οὔτε
966 3928 1028 3975 ποτ’
1051 3924 1084 3976 ἐκ
1105 3921 1214 3990 δούλης

124 3999 159 4072 vr}
179 3998 269 4064 φύσει
285 3999 320 4073 τῇ
336 4001 389 4054 τοῦ
407 4000 523 4074 πατρός.
549 4005 650 4053 Seneca
688 4005 789 4054 τέκνον
806 4001 977 4071 ἐλευθέριον.

125 4076 221 4128 Troad.
241 4077 305 4128 tto:
334 4079 461 4128 Generosa
483 4081 510 4128 in
527 4084 596 4128 ortua
612 4093 651 4128 se-
721 4078 762 4129 at.
789 4078 830 4126 35.
856 4077 971 4137 Recttque
995 4077 1086 4137 muru]
1117 4076 1213 4125 «Recta

125 4154 197 4201 mina
213 4159 353 4216 aeucmtnt
374 4167 439 4204 suos.
466 4183 492 4190 -
505 4153 611 4216 furtim
629 4158 652 4202 et
690 4152 813 4202 educatio
830 4151 947 4200 animum
965 4149 1061 4199 tortam
1082 4150 1170 4200 reddit
1187 4152 1215 4199 et

127 4227 205 4288 tonis]
223 4226 328 4276 ablativi
341 4231 413 4290 sunt,
434 4241 485 4277 non
499 4227 586 4277 dativi.
607 4229 652 4277 Est
690 4225 813 4289 exemplo
838 4227 866 4274 et
891 4224 1153 4276 exercitationibus.»
1184 4249 1212 4260 -
