2934 4884
286 369 348 437 452
671 369 800 421 nonam
818 368 988 419 cremnon

415 526 477 606 Qui
500 526 608 591 Musas
630 535 715 590 amat
737 524 892 610 impares,

455 648 576 712 Ternas
598 654 647 710 ter
668 642 803 733 cyathos
826 642 978 708 attonitus
1000 650 1088 728 petet

414 769 525 847 Vates3
550 776 616 833 tres
638 764 790 853 prohihet
811 782 911 849 supra

454 888 606 955 Rixarum
627 894 776 951 metuens
798 893 929 970 tangere
953 883 1062 949 Gratia

416 1043 517 1111 Nudis
540 1044 647 1109 iuncta
669 1041 846 1107 sororibus.

455 1164 598 1229 insanire
621 1163 723 1227 iuvat:
747 1182 807 1229 cur
827 1160 1041 1249 Berecyntiae

412 1286 549 1352 Cessent
569 1282 698 1349 flamina
721 1281 844 1349 tibiae?

454 1405 519 1471 Cur
540 1401 662 1490 pendet
682 1402 779 1469 tacita
800 1401 906 1468 fistula
928 1421 1003 1467 cum
1025 1400 1120 1490 lyra?
1331 1400 1370 1463 20

350 1593 389 1642 45.
409 1592 456 1642 tris
472 1592 530 1651 ΒΤ,
548 1588 690 1641 Bentleius.

283 1772 311 1808 r.
330 1758 477 1809 camenae
501 1758 529 1806 et
553 1769 603 1807 nos
628 1756 661 1805 ad
679 1756 761 1820 Epist.
779 1757 809 1816 2,
847 1756 967 1805 Cramer.
985 1755 1005 1804 1.
1023 1766 1083 1818 pag.
1103 1754 1187 1816 Titui:
1212 1754 1246 1803 αἱ
1271 1752 1306 1806 δέ
1320 1770 1372 1821 μευ

284 1833 313 1893 2,
326 1832 368 1882 to.
386 1828 469 1881 Piaut.
482 1830 554 1881 Asin.
568 1830 597 1891 3,
611 1830 639 1890 3,
659 1830 721 1880 436ε
741 1844 811 1879 ωηι-
847 1830 950 1899 opera,-
966 1826 1190 1889 ἐκκεκωφέαται.

282 1907 371 1955 ewam
385 1906 485 1965 minas,
509 1904 639 1967 integras,
664 1904 724 1953 insti
742 1916 811 1967 pon·
880 1904 920 1953 46.
932 1903 971 1952 47.
992 1903 1159 1969 Gratiuoetl
1178 1905 1258 1953 «Tres
1267 1905 1372 1954 Gratiae

282 1979 374 2041 deris.)
389 2005 416 2015 -
435 1976 580 2029 Retinenda
598 1979 689 2027 autem
705 1976 811 2027 videtur
848 1979 979 2027 iunctae.»
998 1976 1045 2026 Od.
1064 1975 1093 2037 4,
1112 1978 1141 2037 T,
1160 1978 1190 2025 δι
1207 1978 1303 2027 Gratia
1318 1992 1375 2027 curn

282 2052 412 2103 librorum
444 2049 524 2101 lectio
557 2052 709 2113 miscemur,
748 2052 810 2113 quia
846 2052 968 2113 antptr'e
987 2051 1140 2114 pannoque
1160 2051 1297 2101 mathae.
1325 2052 1372 2101 Ori.

283 2125 439 2190 simpliciter
450 2127 553 2187 narrat,
572 2138 605 2174 ex
617 2137 692 2175 more
705 2125 731 2173 in
744 2137 810 2174 con·
848 2127 876 2187 4,
894 2125 939 2184 30,
958 2126 990 2174 h:
1013 2125 1100 2175 solacis
1121 2125 1226 2175 Gratiae
1244 2127 1326 2175 zonis
1346 2152 1372 2161 -

282 2202 357 2250 tiviis
383 2199 462 2250 solito
486 2200 556 2249 hanc
580 2197 622 2248 vel
648 2198 719 2249 illem
742 2201 809 2248 meri
845 2198 938 2262 Nauia]
970 2199 1036 2249 Vide
1065 2198 1260 2262 pulcherrimas
1289 2199 1375 2249 nuda·

282 2288 345 2325 cum
362 2288 432 2338 aqua
449 2274 604 2324 mixtionem
622 2274 741 2323 convivis
760 2286 809 2336 pro
847 2274 1067 2323 rumGratinrnm
1078 2273 1208 2335 imagines
1219 2274 1246 2323 in
1254 2273 1374 2324 visconti

284 2362 381 2399 eorum
397 2347 482 2398 iuhitu
499 2348 605 2412 apponi.
624 2349 662 2397 lta
680 2347 809 2409 Rutgersii
846 2349 911 2397 Mitt.
935 2347 1050 2397 Ptoclen.
1073 2348 1117 2395 iv.
1141 2346 1170 2396 T.
1195 2346 1236 2396 43.
1257 2348 1372 2397 Ham

285 2424 438 2473 coniectura
462 2422 596 2471 mhcettcr
618 2423 690 2471 certe
713 2433 810 2471 neces·
846 2422 939 2484 Bnrph.
967 2421 986 2469 4.
1013 2421 1042 2469 T.
1069 2420 1094 2470 3.
1121 2421 1186 2470 item
1214 2420 1242 2469 in
1266 2422 1372 2485 pictura

285 2496 355 2545 saria
371 2508 424 2545 non
442 2497 491 2545 est.
846 2494 1058 2557 Pompeianam
1077 2495 1144 2543 Mae.
1160 2493 1270 2543 Bcrhoa.
1306 2496 1372 2545 vill.

846 2569 875 2617 Τ.
894 2568 932 2627 3.,
958 2569 1039 2618 etiam
1055 2568 1083 2617 in
1099 2569 1211 2617 Honora.
1230 2568 1298 2617 inea
1317 2570 1371 2619 aar

319 2640 421 2691 43-45.
446 2641 569 2705 minares]
596 2642 694 2692 Earum
712 2654 809 2691 nume·
845 2642 905 2691 last.
924 2642 994 2691 arch.
1015 2643 1046 2690 44.
1071 2642 1100 2690 T.
1119 2640 1176 2701 i'i.‚
1194 2639 1259 2701 ubi,
1278 2644 1310 2691 ut
1326 2656 1372 2693 sa-

283 2728 345 2764 rum
356 2716 531 2765 novenarium
543 2714 681 2777 significat.
700 2742 728 2752 —
749 2716 810 2765 Ter-
847 2714 902 2765 lent
918 2716 946 2764 in
966 2714 1146 2765 monumentis
1166 2715 1296 2779 antiquis,
1323 2717 1375 2767 tlo-

280 2800 326 2837 nos
343 2792 381 2837 ter
397 2788 507 2851 matites]
527 2789 598 2837 Haec
616 2800 723 2851 quoque
739 2802 809 2838 nunc
847 2802 903 2849 res,
922 2790 1010 2853 spicas
1028 2788 1055 2838 et
1071 2786 1173 2838 maium
1189 2788 1315 2840 manibus
1332 2793 1374 2839 te-

282 2862 347 2925 puto
379 2861 521 2911 commode
556 2859 681 2925 explicari
717 2874 807 2925 possa.
847 2864 919 2913 nent.
937 2862 1063 2913 Vestibus
1080 2864 1172 2913 contra
1189 2862 1300 2913 indutae
1310 2868 1375 2914 sunt

283 2936 403 2995 «Sane»,
429 2935 526 2997 inquit,
556 2937 655 2998 «poeta
672 2938 807 3000 adonim,
846 2938 873 2987 in
899 2937 1019 2986 Gerhard
1044 2938 1123 2997 mia.
1146 2936 1237 2985 aceo.
1261 2937 1281 2985 1.
1306 2936 1372 2986 Tuh.

281 3004 494 3071 ἐνθουσιάζων,
521 3011 610 3073 spreta
637 3008 738 3061 leviare
766 3010 809 3062 iiia
847 3009 946 3070 itte,
969 3010 1062 3060 Clarae
1081 3012 1168 3060 Marte
1189 3011 1219 3059 de
1234 3010 1325 3072 enter.
1342 3012 1371 3061 Τ.

281 3082 420 3143 mixtione,
450 3082 586 3133 icrtiorem
611 3085 686 3148 petet
710 3098 809 3137 navem
847 3084 915 3145 ⁴73„
934 3086 1001 3134 Mus.
1018 3084 1127 3134 Borton.
1145 3084 1176 3131 V.
1194 3083 1222 3133 T.
1241 3083 1283 3133 39.

281 3156 336 3205 vini
347 3156 506 3219 cyathorum
522 3169 585 3207 cum
602 3156 687 3209 trihus
705 3172 807 3222 aquae3
879 3158 919 3208 48.
933 3158 973 3207 49.
988 3156 1110 3219 insanae]
1124 3155 1281 3217 «bacchari,
1295 3168 1372 3206 nmo-

281 3231 468 3282 verumteman
493 3242 547 3281 uon
567 3233 641 3294 petet
663 3237 714 3282 tres
729 3246 810 3295 aspra
845 3232 879 3281 tis
896 3233 987 3281 tamen
1008 3231 1098 3281 rixis.»
1132 3229 1181 3279 cd.
1199 3230 1228 3289 4,
1253 3231 1302 3291 42,
1325 3230 1370 3283 28:

280 3306 438 3354 corentini
456 3304 587 3367 cyathos,
614 3305 712 3368 idest,
740 3306 809 3358 dno·
845 3305 924 3355 Dulce
942 3310 978 3355 att
1001 3305 1112 3367 deripere
1135 3304 1163 3353 tn
1184 3304 1247 3354 loca
1272 3330 1302 3340 -
1326 3318 1374 3354 eur

282 3378 385 3439 decim,
404 3377 447 3430 vei
459 3378 531 3441 quod
544 3378 616 3428 idem
628 3382 682 3440 est,
701 3393 808 3432 merum
845 3378 1016 3442 Berecyntiae]
1046 3379 1121 3429 «Gur
1148 3380 1256 3428 cessant
1284 3376 1373 3428 tihici-

282 3450 475 3515 uuiinprorsus
491 3452 698 3516 meditatum,
717 3457 809 3517 prori-
845 3464 895 3501 nes
916 3451 1052 3523 Φρυγιστὶ
1073 3453 1209 3501 caneret»
1235 3451 1373 3513 Berecyn-

282 3524 348 3585 dus,
360 3538 394 3575 na
407 3526 480 3575 rixae
493 3527 636 3575 orientur.»
654 3528 718 3577 Tota
731 3528 765 3578 de
777 3543 807 3580 ra
846 3526 897 3585 tus,
910 3525 1041 3588 Phrygiae
1052 3536 1140 3585 mons,
1153 3523 1200 3573 ubi
1210 3525 1372 3588 praecipuus

284 3597 333 3649 cir.
353 3598 433 3648 etiam
450 3598 560 3648 Beckeri
578 3600 666 3648 Guttae
683 3600 735 3664 (ed.
753 3600 807 3664 alt.)
846 3597 932 3649 cnihte
943 3600 1033 3650 Matr-is
1044 3599 1127 3649 deum
1139 3610 1253 3661 magnac
1265 3598 1371 3649 idaeae.

282 3674 302 3721 1.
316 3684 342 3735 p.
357 3671 405 3720 490
417 3684 493 3734 seqq.
516 3670 810 3738 Alitaroiiminterpre-
845 3671 902 3722 Tih.
916 3673 945 3733 2,
968 3674 996 3734 4,
1017 3673 1063 3723 86:
1088 3672 1197 3735 Pappia
1214 3671 1278 3721 titia
1293 3684 1374 3722 curun

282 3748 431 3807 tatussum,
447 3744 598 3795 ntividahis
610 3746 808 3798 inExcursuad
845 3759 916 3807 sono,
935 3746 1089 3809 etquidem
1106 3747 1237 3809 graviore.
1262 3747 1370 3797 Aristot.

282 3817 442 3882 h.1.‚quem
454 3820 571 3880 servavi,
585 3820 810 3885 nonquodexpli-
845 3818 920 3870 Polit.
935 3821 962 3882 4,
981 3821 1009 3882 8,
1029 3821 1059 3870 6:
1078 3813 1133 3871 οὐκ
1149 3813 1230 3871 ἔστιν
1246 3814 1266 3869 ὁ
1282 3812 1373 3883 αὐλὸς

282 3894 415 3945 cntionem
424 3894 511 3957 ipsam
520 3893 672 3943 etiamnunc
683 3894 806 3958 probem,
846 3886 965 3957 ἠθικόν,
990 3888 1066 3944 ἀλλὰ
1087 3890 1201 3958 μᾶλλον
1224 3886 1373 3964 ὀργιαστι-

282 3966 332 4018 sed
349 3968 411 4031 qnia
427 3968 501 4018 varia
517 3967 571 4018 hnc
584 3979 649 4017 sane
661 3970 809 4032 spectantia
845 3963 908 4017 κόν.
944 3967 1024 4031 (Hinc
1048 3967 1184 4032 manee.)
1210 3996 1240 4004 -
1265 3969 1373 4031 fimana

283 4042 409 4091 continet.
443 4069 471 4078 -
501 4042 633 4107 ottanim]
663 4038 809 4113 «ἐμβρόν-
845 4042 929 4107 tibica
952 4042 1042 4106 Eur-ip.
1065 4043 1165 4093 Phoen.
1187 4042 1250 4092 788:
1278 4037 1371 4093 amon

282 4126 378 4178 τητος,
398 4116 486 4167 hirone
504 4118 634 4181 percitus,
653 4116 806 4181 mcehtert.»
845 4111 1002 4180 πνεύματα.
1035 4116 1134 4167 Bacch.
1168 4116 1229 4166 itt:
1256 4109 1372 4183 ἡδυβόᾳ

282 4185 407 4239 Similiter
428 4192 567 4241 Anacreon
589 4189 624 4240 de
645 4203 674 4239 se
694 4189 806 4252 (Anecd.
845 4191 974 4261 Φρυγίων
991 4182 1091 4241 Αὐλῶν
1102 4186 1252 4256 πνεύματι.
1274 4189 1369 4241 Troad.
