2934 4884
558 382 616 431 nie.
637 382 667 431 n.
703 382 770 431 c.1.
1133 378 1189 444 291

96 542 186 598 sunt,
206 536 272 587 illius
285 539 310 587 in
323 551 366 588 me
378 537 510 588 beneticia
522 539 635 589 notiora.
670 541 763 602 ltaque
775 538 920 589 discrimini
932 544 1022 591 vestro
1035 552 1079 590 me
1092 540 1197 590 subtra-

96 624 174 671 ham
197 626 226 671 et
246 636 293 672 ero
314 622 414 687 praeda
431 624 564 673 victoris.»
602 621 674 684 (vell.
694 624 725 683 2,
744 622 795 685 86.)
815 626 835 673 Α
852 623 935 673 rebus
957 622 1077 673 civilibus
1098 623 1194 673 deinde

96 707 248 755 abstinens
265 706 343 756 bonis
360 705 462 756 amilius
478 720 510 756 ac
527 703 672 768 disciplinis
684 718 794 769 operam
810 707 922 757 navavit.
958 707 1043 756 Vitam
1057 706 1194 770 tranuille

96 791 195 839 finiuit
210 791 236 840 tn
257 788 317 838 villa
334 788 482 841 Tusculana
499 804 523 838 a.
541 802 568 838 u.
588 802 611 837 c.
630 789 686 838 758.
722 790 817 839 lllllll.
837 790 930 839 aetatis
948 802 1012 840 suae
1030 803 1109 839 anno.
1139 790 1196 839 Vir-

97 873 179 936 gilio,
199 874 244 935 qui
261 874 285 921 ei
302 874 355 922 iam
372 886 396 922 a.
416 872 472 922 lli.
492 870 616 935 Eclogam
634 873 675 920 lv.
695 872 837 935 inscripsit,
857 876 883 922 et
901 874 1017 933 Horatio,
1037 874 1082 937 qui
1096 874 1194 937 scripta

99 969 160 1005 sua
181 958 207 1005 ei
223 956 353 1020 imprimis
375 955 483 1021 probari
508 956 633 1020 cupiebat
650 957 711 1019 (Sat.
731 957 760 1016 t,
781 957 826 1017 ⁴0,
845 956 906 1019 85.),
931 958 1045 1019 amicus;
1073 970 1194 1007 summus

99 1044 202 1089 orator
218 1038 332 1103 (Quintil.
352 1040 397 1098 ts,
423 1041 469 1098 tl,
500 1040 561 1102 Ωιι),
580 1041 673 1104 poeta,
692 1038 889 1102 tragoediamm
914 1040 1072 1103 praesertim
1099 1039 1194 1091 nobilis

101 1125 225 1187 scriptor
242 1124 321 1187 [vng.
339 1122 393 1173 Ecl.
412 1124 442 1184 8,
462 1124 510 1185 lo).
547 1124 689 1174 Historiam
707 1124 788 1173 etiarn
804 1121 937 1173 bellorum
949 1122 1063 1174 civilium
1075 1128 1194 1175 conscri-

102 1210 171 1272 psit,
190 1208 266 1257 lllll.
283 1206 358 1257 libris
375 1207 614 1271 comprehensam,
641 1207 717 1256 cuius
743 1206 916 1257 honorificam
933 1208 1078 1271 scriptores
1095 1210 1194 1271 antiqui

103 1292 273 1341 mentionem
290 1290 398 1341 iaciunt.
433 1291 512 1339 Tacit.
531 1292 600 1341 Ann.
619 1289 647 1349 t,
666 1289 707 1341 34.
743 1292 850 1340 Sueten.
870 1292 946 1341 Caes.
966 1291 1006 1341 30.
1020 1293 1137 1342 Gramm.
1151 1293 1191 1342 rc.

102 1373 164 1423 val.
176 1374 244 1425 ilex.
258 1374 284 1432 8,
303 1374 343 1433 43,
362 1386 386 1423 e.
403 1372 432 1424 t:
450 1374 528 1423 Potito
543 1388 595 1423 noa
609 1374 717 1423 cerame
728 1386 794 1435 perr
810 1374 915 1423 deamat
932 1374 989 1423 stili.
1010 1372 1091 1424 Simul
1103 1376 1193 1425 tomen

104 1458 191 1507 nimio
208 1458 249 1507 sui
267 1470 359 1507 amore
376 1460 559 1507 transversum
576 1460 668 1517 sotus,
687 1458 732 1518 iis,
752 1470 820 1521 quos
837 1455 958 1507 aemulos
975 1456 1122 1517 iudicabat,
1144 1458 1193 1509 de-

105 1541 216 1591 trahere
239 1540 352 1591 solebat.
393 1540 431 1589 lta
448 1541 584 1591 Ciceronis
607 1540 741 1591 orationes
767 1542 796 1589 ut
817 1540 973 1591 tumidiores
997 1542 1065 1605 (Sen.
1085 1543 1191 1593 Suasor.

104 1626 154 1687 6.),
172 1625 296 1675 Caesaris
318 1624 526 1675 commentarios
549 1626 660 1688 prepter
677 1622 864 1687 negligentiam
882 1626 1013 1677 sermonis
1031 1640 1063 1675 ac
1080 1626 1193 1677 menda-

105 1711 218 1759 citatem
233 1705 396 1770 suggillavit,
421 1706 526 1757 Salustii
548 1708 647 1770 scripto
663 1709 694 1755 ut
709 1708 789 1758 nimis
806 1709 957 1772 priscorum
973 1709 1119 1759 verborum
1130 1710 1194 1760 ade-

106 1793 224 1841 ctottone
235 1792 386 1854 inquinata,
405 1792 433 1841 Τ.
448 1792 511 1841 Livii
523 1792 724 1842 Patavinitatem
736 1792 920 1857 reprehendit,
940 1806 1002 1843 curn
1015 1794 1072 1857 ipse
1084 1806 1192 1857 quoque

107 1890 121 1924 a
137 1873 333 1939 posterioribus
353 1876 427 1924 varie
451 1878 601 1937 notaretur,
628 1876 744 1926 maxime
767 1879 878 1941 propter
898 1874 961 1926 illud
985 1878 1072 1941 ipsum
1088 1878 1190 1937 vitium,

107 1959 179 2023 quod
196 1958 310 2008 salustio
327 1957 471 2008 obiecerat.
506 1959 588 2009 Tacit.
607 1958 673 2009 Dial.
692 1961 739 2009 tl:
758 1960 857 2009 Assius
872 1962 970 2011 videtur
986 1962 1046 2010 mili
1061 1962 1127 2011 inter
1137 1963 1192 2011 lle-

107 2046 192 2093 em'os
208 2048 231 2093 et
247 2043 339 2105 Appios
354 2043 483 2105 sedulos,
500 2043 720 2093 mansuescere
736 2048 760 2093 st
775 2043 877 2093 Acetum
892 2058 943 2093 non
956 2044 1035 2093 solum
1046 2045 1190 2107 trapoedits,

107 2128 148 2175 sed
168 2128 246 2176 etiarn
269 2126 423 2175 crationibsc
444 2128 496 2175 scir
512 2127 648 2188 mmmm
673 2128 736 2177 adeo
757 2128 835 2177 dunc
852 2128 969 2177 olriccus
985 2131 1033 2186 est,
1058 2127 1107 2179 sed
1124 2127 1191 2177 haec

109 2212 237 2261 sententia
256 2212 298 2260 est
314 2212 347 2261 ll.
366 2212 442 2274 Apri,
462 2223 543 2273 quem
560 2210 598 2260 ibi
615 2210 751 2261 dicentem
768 2210 870 2261 inducit
886 2211 1012 2273 scriptor,
1037 2210 1191 2273 neutiquam

108 2296 187 2345 Taciti
205 2294 302 2357 ipsius3
320 2294 421 2344 etenim
436 2292 500 2343 ibid.
519 2308 543 2345 c.
557 2295 597 2343 26.
616 2307 698 2344 verus
709 2294 807 2343 Tacitei
819 2293 905 2343 iudicii
922 2295 1053 2356 interpres
1064 2292 1188 2343 Messala:

108 2380 263 2429 moster
277 2378 377 2427 Mater
395 2378 510 2440 (diverse
526 2376 639 2428 laudatis
657 2376 752 2439 Calvo,
771 2378 901 2438 Caesare,
921 2376 1019 2436 Caelio,
1038 2376 1127 2435 Bruto,
1146 2378 1191 2427 Ci-

110 2462 225 2525 ceronet;
249 2475 334 2511 mines
354 2467 439 2511 tornea
458 2461 562 2511 medem
577 2462 713 2509 matteum
729 2460 883 2523 eloquentiae
898 2460 990 2523 [matt.
1020 2460 1121 2508 Verum
1137 2460 1191 2510 ism

109 2547 183 2594 antea
208 2546 310 2594 Seneca
335 2546 402 2609 Epp.
422 2544 462 2594 46.
481 2543 646 2595 salebrosam
670 2542 793 2594 Pollionis
817 2546 844 2593 st
861 2542 1025 2595 exsilientem
1043 2544 1191 2593 orationem

110 2629 260 2692 exagitor-at,
279 2629 355 2678 cuius
372 2626 499 2677 iudicium
515 2631 587 2691 Apro
603 2627 695 2678 tribuit
711 2627 825 2679 Tacitus.
861 2627 914 2679 Cir.
933 2626 1089 2678 Therbeclii
1110 2628 1190 2677 Com-

110 2715 216 2762 mentat.
234 2713 270 2762 de
292 2712 375 2762 Asinii
396 2710 518 2762 Pollionis
538 2712 591 2761 vita
614 2712 641 2761 et
662 2712 775 2775 scriptis.
811 2712 892 2776 lugd.
911 2712 966 2762 Bet.
987 2712 1059 2763 t820.
1078 2712 1102 2763 8.
1121 2714 1191 2762 Dru-

111 2810 187 2847 mann
202 2798 232 2847 li.
252 2797 283 2847 G.
303 2796 333 2847 ll.
352 2796 378 2845 S.
399 2796 488 2845 ⁴-ta
