2934 4884
689 359 816 408 llOllAl'll
836 359 1004 410 CdlllllNUll

492 513 588 578 lactat
609 512 759 588 ultorem,
782 532 884 599 vagus
905 525 938 580 et
958 515 1087 580 sinistra

493 633 624 699 Labitur
645 634 715 722 ripa
737 636 812 700 love
834 655 899 700 non
921 634 1077 722 probante
1098 658 1137 699 u-

618 755 729 820 xorius
751 755 862 821 amnis.

493 876 609 942 Audiet
629 876 717 942 cives
739 877 867 942 acuisse
888 876 1021 952 ferrum,

495 999 567 1076 Quo
589 1017 704 1084 graves
726 999 845 1063 Persae
867 997 982 1063 melius
1005 998 1162 1085 perirent,

490 1117 606 1184 Audiet
626 1137 751 1205 pugnas
773 1118 848 1182 vitio
869 1128 1038 1205 parentum

618 1241 700 1305 Rara
728 1239 885 1304 iuventus.

444 1432 448 1453 ι
491 1362 595 1440 Quem
616 1371 710 1426 vocet
730 1359 840 1425 divum
862 1359 1002 1447 populus
1025 1359 1147 1428 ruentis
1353 1367 1399 1431 25

367 1498 406 1547 ta.
425 1495 579 1618 nitorpzmg.
602 1520 629 1528 -
647 1494 688 1542 il.
707 1493 769 1542 civis
779 1493 808 1542 B.
822 1521 848 1528 -
860 1494 922 1542 Post
933 1494 1003 1542 hunc
1014 1507 1039 1541 v.
1053 1492 1143 1542 deficit
1155 1493 1219 1544 Cod.
1234 1495 1251 1544 d
1264 1509 1355 1559 usqne

334 1571 368 1621 ad
381 1571 468 1621 Corm.
518 1608 523 1630 ,
557 1607 561 1615 .

301 1687 366 1732 Aen.
391 1683 414 1741 l,
441 1681 501 1729 iii:
533 1679 640 1737 illanc,
667 1681 696 1727 ut
716 1677 826 1741 quidam
895 1681 936 1729 at.
955 1681 1050 1743 Audiet]
1070 1680 1167 1744 «Culpa
1183 1685 1394 1745 parenbrmim-

302 1758 400 1817 dicunt,
419 1754 493 1805 lliam
510 1753 560 1804 sibi
577 1755 661 1804 Anien
681 1753 744 1804 lecit
759 1766 825 1804 uxo·
863 1755 963 1803 minuta
981 1753 1099 1814 suboles,
1118 1754 1223 1806 intentis
1235 1757 1394 1808 etiamnunc

301 1845 372 1893 rem,
396 1833 425 1879 ui
442 1828 496 1891 alii,
519 1830 588 1879 inter
608 1841 675 1892 quos
693 1829 823 1886 Horatius,
862 1829 964 1888 nectis,
984 1829 1029 1877 ubi
1047 1828 1205 1889 adoleverit,
1229 1831 1321 1881 audiet
1338 1832 1394 1882 ali-

300 1907 428 1957 Tiberis.»
462 1908 519 1955 Non
540 1905 596 1954 sine
619 1906 676 1953 arte
693 1903 767 1966 lingit
783 1903 826 1952 Ti-
862 1902 969 1966 quando
991 1903 1063 1952 cives
1083 1907 1145 1967 post
1161 1905 1283 1956 Caesaris
1304 1907 1393 1956 inter-

300 1982 400 2040 berim‚
431 1980 564 2030 nuncium
591 1979 709 2041 gentium
732 1977 823 2036 deum,
862 1978 928 2027 itum
945 1979 971 2027 in
988 1979 1148 2042 semetipsos
1159 1980 1276 2030 saevisse
1293 1983 1390 2040 armis

300 2055 333 2106 ab
353 2069 434 2104 uxore
452 2055 592 2118 imperiosa
605 2053 757 2114 instigatum
771 2053 825 2102 ira-
862 2052 959 2116 quibus
981 2053 1069 2102 Parthi
1090 2053 1178 2104 infesti
1199 2067 1232 2103 ac
1248 2057 1391 2106 metuendi

300 2133 338 2182 soi
355 2131 426 2188 Urbi,
445 2143 526 2193 quam
542 2128 664 2192 perlinit,
687 2139 824 2178 summum
861 2128 955 2178 iustius
981 2126 1077 2176 devicti
1103 2131 1218 2178 essent»
1253 2131 1283 2179 ln
1304 2143 1390 2194 prosa

299 2209 389 2256 autem
412 2205 523 2255 deorum
544 2216 607 2259 ¹enm
627 2201 727 2252 salvam
745 2201 821 2251 velle.
861 2205 927 2252 orat.
954 2203 1108 2252 necessario
1136 2201 1218 2253 scribi
1245 2204 1391 2268 oportebat

300 2279 419 2330 «Terreri
444 2280 560 2343 luppiter
584 2278 660 2338 iussit
684 2275 821 2340 populum,
862 2278 953 2324 «cives
971 2276 1100 2326 adversus
1118 2277 1219 2335 cives»,
1238 2279 1265 2326 in
1281 2281 1389 2342 poetica

300 2368 351 2404 non
377 2354 492 2418 perire.»
519 2353 610 2402 Scnou.
632 2353 760 2412 -Iunge
781 2351 823 2398 nt·
860 2363 925 2409 non,
949 2349 995 2398 ubi
1017 2350 1113 2400 suflicit
1129 2343 1272 2415 ἔμφασις,
1296 2367 1388 2416 neque

298 2431 376 2478 mium
393 2429 505 2490 querenti
521 2427 554 2476 de
567 2426 689 2477 Caesaris
701 2425 784 2474 caede
797 2427 824 2474 et
860 2423 911 2474 ulla
938 2424 1096 2487 ambiguitas
1120 2427 1211 2475 oritur.
1232 2453 1260 2461 -
1287 2429 1389 2492 (asup-

299 2501 430 2552 bellorum
447 2500 560 2552 civilium
578 2499 725 2551 sceleribus
742 2501 822 2561 atque
859 2501 957 2563 pressit
972 2499 1054 2560 ultro,
1073 2502 1100 2550 in
1117 2513 1171 2563 quo
1182 2501 1264 2551 cardo
1274 2505 1388 2552 senten-

299 2576 504 2632 oolamitatibus;
535 2589 587 2624 non
616 2575 721 2624 nimirem
746 2574 824 2623 iactat
859 2575 911 2623 tiae
944 2574 1112 2635 vertebatur,
1147 2577 1267 2625 adversm
1292 2577 1386 2625 does.-

299 2665 350 2702 nec
360 2651 465 2700 nimiam
474 2651 593 2708 actorem
606 2647 669 2698 illud
681 2651 708 2697 et
718 2651 822 2698 rectum
859 2647 982 2700 Doederl.
1011 2648 1134 2712 Brachyl.
1163 2651 1267 2700 Somou.
1297 2651 1327 2700 ll.
1354 2665 1384 2714 p.

299 2727 341 2776 est
358 2728 385 2774 et
402 2723 525 2788 simplex,
549 2723 616 2772 haec
633 2721 667 2772 ab
685 2723 743 2786 ipsa
759 2735 822 2772 ver·
860 2724 926 2785 ⁴82.)
941 2751 969 2759 -
985 2738 1077 2787 procrea
1091 2726 1189 2789 Pmae]
1207 2727 1292 2785 Quam
1303 2739 1387 2788 aegre

298 2800 395 2853 borum
412 2799 540 2862 positione
556 2799 727 2861 respuuntur.
859 2811 968 2862 semper
984 2798 1092 2850 tulerint
1102 2802 1212 2850 Romani
1229 2814 1278 2851 suo
1296 2802 1385 2865 impe·

331 2875 370 2928 48.
388 2873 476 2937 ungas]
498 2875 519 2922 A
541 2871 616 2922 solito
635 2875 724 2922 meatu
741 2871 823 2921 aben
858 2874 898 2922 rio
915 2887 1053 2937 nunquam
1074 2873 1209 2925 subiectos
1226 2874 1306 2926 luisse
1318 2878 1386 2925 Par-

297 2961 360 2998 rans
372 2949 504 2998 sinistram
515 2947 610 3012 ripam,
629 2960 698 3010 quae
710 2948 822 2996 Romam
860 2948 927 3008 thos,
946 2949 1010 3000 satis
1028 2949 1156 3000 invidiose
1169 2950 1287 3000 declarat
1296 2952 1386 3000 Luca-

297 3023 456 3087 ettingebat,
476 3021 593 3072 inundat.
858 3035 908 3072 nus
927 3024 966 3084 lt,
985 3023 1030 3074 tt:
1048 3026 1160 3074 menits
1174 3025 1202 3074 in
1218 3031 1288 3075 ortus
1301 3027 1385 3075 Arsa-

330 3098 370 3149 te.
389 3097 453 3162 loce]
472 3109 598 3148 «summo
610 3095 721 3146 custode
736 3099 763 3145 et
773 3109 822 3144 ae·
858 3098 941 3147 cidmn
968 3099 1080 3158 dotrina·
1113 3113 1165 3148 non
1190 3100 1253 3162 felir
1278 3100 1385 3150 Partitia

296 3175 370 3224 dium
392 3185 502 3224 suarum
524 3175 550 3222 et
572 3173 650 3220 totius
671 3169 746 3220 urbis
768 3172 821 3220 ito-
858 3173 967 3222 Crassis:
983 3173 1101 3236 Exiguane
1115 3187 1206 3223 saraca
1219 3175 1383 3237 [ttilprovt'ttae-

297 3262 370 3308 mae,
383 3247 483 3312 quique
495 3247 521 3295 in
532 3245 725 3308 sempiternum
741 3243 775 3294 ab
788 3256 820 3293 ea
858 3247 900 3295 cic
913 3247 1002 3296 Pellae
1024 3275 1051 3282 -
1069 3249 1167 3312 parer]
1190 3249 1232 3297 Sic
1249 3249 1379 3299 Theocrit.

296 3324 429 3375 excidium
450 3323 548 3372 arcet.»
568 3347 596 3356 -
613 3319 728 3383 nomina]
747 3319 818 3382 Virg.
859 3322 898 3381 ti,
927 3321 966 3370 l9.
1001 3320 1150 3372 Alexander
1174 3324 1207 3373 lt.
1235 3321 1382 3386 appellat-ur

295 3402 360 3448 Aen.
384 3398 409 3456 l,
432 3397 493 3447 266:
514 3395 694 3459 pulchramque
713 3396 822 3444 morito
856 3393 998 3464 Πέρσαισι
1020 3393 1129 3467 βαρὺς
1152 3393 1223 3459 θεὸς
1247 3395 1380 3462 αἰολομί-

295 3473 381 3522 urbem
401 3473 527 3521 destruis.
561 3465 750 3540 Παραφράζει
769 3471 820 3519 Ta·
857 3484 946 3540 τραις.
967 3499 995 3508 -
1015 3473 1086 3522 llaec
1111 3474 1202 3522 autem
1226 3475 1317 3538 aperte
1341 3474 1379 3523 ad

296 3549 363 3596 citus
380 3549 447 3595 Ann.
468 3547 507 3604 ll,
526 3547 570 3596 28:
588 3548 667 3596 acori
684 3547 817 3595 devinctus.
856 3545 926 3596 bella
944 3545 1029 3596 civilia
1046 3549 1108 3596 ante
1126 3560 1149 3596 a.
1169 3548 1226 3596 725.
1244 3549 1316 3609 gesta
1331 3561 1379 3598 re-

297 3621 337 3678 ts,
351 3620 378 3669 6:
398 3620 479 3668 canori
489 3623 578 3670 nomi-r
588 3622 717 3672 obnoxios.
737 3622 820 3683 Egre-
856 3621 984 3680 temntur,
1003 3633 1056 3670 non
1073 3624 1103 3670 ut
1118 3620 1174 3670 volt
1184 3620 1356 3671 Mitscherlich
1368 3639 1375 3670 :

296 3695 338 3758 gia
355 3695 444 3743 autem
461 3707 504 3742 vv.
523 3695 627 3744 ti-ao.
647 3699 688 3746 est
704 3709 819 3766 apoco-
857 3696 1063 3759 «Interpretatur
1086 3699 1207 3758 portenta
1235 3701 1263 3746 ot
1289 3710 1320 3745 ex
1342 3696 1377 3746 iis

296 3765 428 3826 ποποιΐα,
458 3778 539 3830 quam
566 3769 669 3817 nonnisi
696 3770 819 3819 homines
856 3772 1000 3830 auguratur
1016 3783 1083 3820 nova
1101 3767 1170 3820 bella
1188 3768 1297 3819 civilia.»
1319 3771 1376 3830 Quo

296 3843 399 3906 poetico
416 3853 497 3892 sensu
512 3852 622 3903 prorsus
644 3841 762 3893 destituti
777 3845 819 3892 vi·
855 3843 920 3907 quid
936 3857 952 3892 a
970 3857 1019 3894 suo
1035 3843 1144 3894 consilio
1160 3845 1244 3906 magis
1264 3843 1376 3896 alienum

295 3921 419 3982 inperare
428 3917 579 3981 potuerunt.
590 3943 617 3952 -
628 3917 754 3966 Ceterum
762 3917 819 3968 dis·
855 3919 942 3969 lacere
959 3919 1090 3982 potuisset
1105 3922 1201 3983 poeta,
1220 3920 1375 3969 senteutiam

295 3994 369 4042 secta
386 4003 480 4042 versus
497 3988 634 4053 penultimi
655 4003 706 4040 vor
726 3989 817 4040 ultima
855 3994 962 4044 Caesari
978 4006 1040 4053 suo,
1058 3994 1163 4056 imperii
1178 3993 1288 4043 Romani
1302 3994 1374 4057 paci-

296 4067 376 4116 etiam
393 4065 441 4115 0d.
455 4065 479 4126 l,
498 4065 538 4125 25,
559 4065 598 4113 ll.
617 4065 641 4124 ἓ,
662 4064 701 4124 lb,
720 4065 745 4113 7.
763 4078 816 4128 qua
855 4067 968 4128 ficatori,
992 4071 1047 4118 tam
1064 4069 1193 4131 ingratam
1209 4067 1373 4132 prolabarusi

295 4139 404 4202 quidem
430 4138 535 4189 licentia
556 4139 634 4188 nimis
654 4137 755 4189 abusus
776 4143 818 4190 est
855 4143 957 4192 Poenas
981 4143 1074 4206 igitur,
1098 4155 1166 4206 quas
1186 4154 1236 4207 pro
1255 4143 1372 4192 caesnia

295 4213 453 4264 Sarbievius.
854 4230 919 4266 nece
931 4217 1107 4280 dependeriut
1117 4219 1236 4277 Romani,
1250 4231 1300 4268 non
1311 4230 1370 4266 vero
