2934 4884
701 384 832 435 HOllAl'll
850 385 1017 438 cuemund

448 546 551 629 Eques
571 542 642 625 ipso
664 541 776 607 molior
796 540 1057 628 Bellerophonte,
1084 564 1186 629 noque
1209 564 1319 629 pugno

531 668 639 749 Neque
662 665 751 748 segni
776 666 859 748 podo
881 664 1001 731 rictus:

448 822 540 887 Cotus
566 822 650 888 idem
671 842 729 907 per
754 831 898 905 opertum

449 946 619 1029 Fugientes
646 948 760 1029 ugitnto

452 1069 555 1149 Grege
582 1085 692 1130 cervos
715 1064 846 1131 ioculari
869 1073 901 1131 et
922 1065 1006 1132 celer
1028 1076 1096 1133 orto
1119 1067 1293 1135 latitantem

531 1185 688 1252 Fruticeto
712 1186 860 1273 excipere
885 1207 1006 1273 aprum.

385 1367 457 1417 lineo
474 1365 574 1429 pedum
592 1366 744 1415 lonicorum
754 1363 789 1414 ud
800 1377 910 1414 carmen
921 1365 1119 1429 tetrastrophon
1131 1365 1312 1426 efficiendum,
1331 1366 1398 1430 quod

319 1452 377 1515 pari
394 1461 458 1500 cum
474 1447 583 1511 reliquis
600 1447 724 1498 omnibus
742 1448 800 1498 odis
817 1447 901 1499 forme
918 1448 1052 1510 gaudeat,
1074 1447 1212 1512 dispositio
1229 1452 1259 1498 ut
1275 1449 1359 1501 facilis
1374 1454 1399 1500 cl

320 1534 443 1599 expedita
468 1534 563 1596 sponte
589 1545 619 1582 se
651 1530 758 1592 obtulit,
788 1533 815 1581 ct
840 1545 871 1581 eo
896 1544 926 1581 re
957 1531 1177 1595 commendatur,
1211 1533 1284 1596 quod
1309 1533 1399 1598 plenos

319 1630 446 1669 numeros
464 1616 553 1677 affert,
582 1613 653 1666 nullo
670 1613 802 1665 vocabulo
818 1614 861 1665 vel
878 1614 950 1666 laeso
967 1613 1011 1665 vel
1033 1614 1184 1679 dlsccrpto,
1215 1616 1288 1680 quod
1310 1619 1399 1667 sitiunt

321 1714 383 1751 curn
405 1702 500 1764 priscis
523 1699 647 1750 omnibus
670 1699 719 1749 hos
739 1712 834 1749 versus
851 1698 1008 1763 disponendi
1026 1699 1183 1760 conatibus,
1210 1700 1254 1763 qui
1272 1700 1316 1751 vel
1333 1702 1398 1767 opud

321 1785 508 1853 grammaticos
533 1782 576 1833 vel
601 1784 628 1833 in
654 1780 790 1833 codicibus
815 1796 880 1833 mss.
899 1783 1086 1847 reperiuntur,
1114 1796 1257 1834 commune
1275 1787 1327 1847 sit,
1357 1800 1398 1836 eos

321 1880 416 1919 omnes
432 1866 566 1917 Bentloius
583 1868 656 1917 recte
674 1868 790 1917 reiecit.»

386 1953 440 2001 Nos
462 1964 546 2001 unum
569 1952 620 2001 hoc
637 1951 776 2012 addimus,
802 1952 828 1999 in
846 1949 943 2001 Codice
961 1951 1096 2001 Turiccnsi
1114 1965 1222 2003 carmon
1239 1954 1362 2003 nostrum
1376 1955 1398 2001 in

322 2038 448 2100 quattuor
460 2036 584 2100 strophas
602 2038 738 2085 ternorum
750 2047 877 2084 versuum
889 2033 1060 2084 distributum
1077 2048 1151 2095 esse,
1170 2049 1285 2099 quorum
1302 2038 1398 2101 primns

323 2123 350 2169 ct
367 2120 501 2170 sccundus
520 2120 613 2179 ternis,
632 2120 726 2169 tertius
739 2119 874 2182 quaternis
891 2117 1006 2181 pedibus
1023 2121 1135 2169 constat.
