2934 4884
306 358 366 422 ill
687 360 814 411 nonlrn
832 360 1001 411 cnamnuu
1101 432 1111 451 N

515 518 656 592 Sternet,
681 536 786 603 aquae
808 516 869 582 nisi
891 495 968 581 ialin
990 489 1107 603 augur

430 676 559 741 Annosa
581 675 700 741 cornix.
745 677 828 740 Dum
851 675 950 763 potis,
975 673 1099 740 aridum

371 892 410 942 43.
425 897 495 956 potes
510 891 727 953 sustentetis.
747 891 821 954 (potis
836 904 869 941 ex
885 889 924 956 βγ
940 893 967 940 et
983 904 1023 955 pr.
1042 906 1059 938 κ
1076 887 1208 940 Bentleius
1225 902 1256 938 ac
1268 892 1312 951 ll.)

304 1090 364 1155 ocal
391 1103 425 1137 σε
452 1084 612 1154 καταιγίδις
642 1082 824 1149 ἐξεκύλισαν,
896 1087 935 1135 lo.
956 1086 994 1136 lt.
1022 1084 1135 1150 Curubis]
1157 1098 1205 1150 pro
1226 1086 1392 1149 imperativo

304 1161 395 1223 Φιλλι,
413 1160 472 1212 κτλ.
862 1172 1019 1221 «venerare,
1033 1158 1117 1209 cole.»
1135 1158 1202 1209 Alibi
1214 1160 1322 1209 Gentesne
1330 1162 1394 1222 pln-

338 1239 378 1288 ts.
398 1236 638 1301 occoe--nupurJ
662 1247 823 1299 «praesaga,
861 1249 931 1298 cora,
957 1238 1086 1297 invocare,
1115 1242 1144 1285 ut
1167 1237 1237 1285 notis
1256 1239 1392 1299 propitius

303 1310 416 1362 divinem
446 1314 568 1363 Ponrnm.
601 1308 691 1370 Od.3,
708 1311 755 1368 27,
774 1310 823 1358 to:
860 1312 900 1360 sit.
920 1312 966 1361 llic
983 1315 1088 1371 antem,
1106 1312 1218 1362 tortasse
1229 1324 1293 1362 cnm
1310 1316 1392 1362 certo

303 1385 422 1436 lmtrtum
453 1386 539 1437 moino
567 1387 621 1435 ocis
644 1385 823 1433 imminetur.
862 1384 977 1448 quodam
994 1387 1066 1446 ioco,
1090 1400 1123 1435 ex
1140 1383 1260 1435 lormnlis
1277 1387 1393 1437 Genuan

303 1463 375 1510 Anat.
388 1459 467 1512 Acco.
487 1462 565 1511 loti:
583 1454 736 1524 Χειμῶνος
750 1459 826 1524 μέγα
857 1459 975 1522 placore,
1000 1460 1078 1509 Genio
1099 1460 1227 1523 triduom
1249 1463 1277 1510 et
1292 1475 1393 1511 curura

303 1532 386 1600 σῆμα
402 1536 451 1585 καὶ
467 1532 629 1605 &nuncupa
639 1529 753 1604 κορώνη
769 1529 827 1584 Nei-
861 1548 962 1603 coeptu,
980 1539 1069 1595 ιιιλιιιι,
1087 1534 1157 1585 hunc
1169 1548 1266 1584 novam
1284 1535 1393 1588 effinxit

303 1624 403 1679 κτιρον
422 1603 569 1660 ἁείδοιισα.
596 1608 738 1659 Ovid.Am.
751 1609 781 1670 2,
794 1609 823 1671 6,
860 1624 952 1660 wore
976 1610 1089 1660 corion.
1119 1634 1146 1644 -·
1169 1622 1248 1671 porco
1264 1610 1391 1676 meri]

303 1683 347 1734 3l:
366 1684 468 1746 plautae
484 1684 603 1747 proaulio
621 1689 710 1733 auctor
728 1697 823 1746 oquae,
861 1686 935 1735 idem
944 1684 1104 1735 sacrificium
1112 1685 1139 1733 in
1148 1685 1249 1734 Cannae
1259 1683 1392 1737 sollemni

301 1757 349 1812 ubi
369 1760 491 1809 Heinsius
508 1757 615 1808 volebat
630 1771 722 1821 cupro.
758 1759 825 1809 ilino
861 1761 993 1810 memorat
1004 1757 1078 1808 ovid.
1091 1759 1159 1807 Fast.
1172 1758 1200 1818 6,
1219 1759 1281 1809 iss:
1299 1760 1392 1811 Exto-

302 1832 435 1896 Euphorlo
455 1834 496 1882 Fr.
526 1831 567 1881 65.
596 1832 673 1882 llein.
701 1831 749 1881 Ed.
775 1834 822 1882 ll.:
861 1847 908 1897 ouo
929 1833 958 1882 do
976 1846 1057 1895 porco
1077 1832 1287 1883 mmmmm
1303 1839 1389 1892 tenet·

298 1900 477 1972 Ὑειόμανιις
501 1897 551 1956 ὅτι
566 1902 683 1975 κρώξιιι
699 1902 822 1976 κορώιη.
860 1920 961 1968 --pro
979 1920 1062 1967 pateo
1082 1907 1185 1956 vocem
1202 1919 1289 1968 porco
1305 1911 1388 1958 matt.

302 1984 352 2031 Pro
377 1996 436 2032 voc.
454 1996 539 2045 cuper
554 1994 651 2044 genero
675 1980 736 2031 tem.
758 1982 824 2032 alie-
859 1979 1031 2032 Dilticultates
1057 1980 1172 2031 nonnulli
1192 1986 1340 2035 moverunt
1357 1998 1390 2033 en

301 2058 363 2107 runt
390 2058 469 2106 etism
497 2058 570 2105 Statii
597 2055 679 2117 Theb.
704 2056 731 2116 9,
758 2057 821 2107 629:
861 2056 998 2107 censorin.
1016 2056 1050 2104 t:
1075 2056 1161 2105 stando
1180 2068 1278 2106 menon
1295 2058 1387 2108 Genio.

300 2133 394 2193 omnm
411 2144 580 2195 aopurcossc
594 2132 683 2193 [uitat.
860 2130 979 2193 (Persius
1004 2131 1057 2179 Sat.
1081 2130 1111 2190 t,
1135 2129 1173 2191 3.)
1206 2131 1253 2180 istc
1276 2132 1389 2195 [orsitus

334 2205 429 2257 isti.
447 2206 554 2271 lanoso]
573 2207 674 2255 Novem
692 2206 824 2256 enimse·
860 2205 1051 2267 quocum,
1080 2204 1142 2263 quio
1167 2218 1260 2255 cnloco
1287 2207 1337 2269 sit,
1361 2214 1389 2257 ut

302 2282 369 2331 tates
385 2281 475 2331 vivere
495 2279 675 2331 credebantur
691 2282 821 2332 cornices.
858 2293 956 2329 mum
974 2278 1127 2342 summotas
1149 2278 1239 2339 Genio,
1266 2294 1319 2330 non
1342 2284 1389 2331 to-

302 2353 408 2405 llesiod.
422 2356 462 2404 Fr¹
477 2356 533 2405 lilii.
546 2353 650 2404 Goettl.:
666 2346 765 2404 Ἐννέα
777 2370 823 2406 τοι
857 2354 907 2403 atio
921 2353 1064 2417 (mum
1076 2353 1212 2414 putauerit.
1242 2356 1311 2415 quoii
1337 2358 1389 2405 sct-

302 2427 366 2491 ζώει
382 2424 480 2495 γενεὰς
497 2426 635 2498 λακέρυζα
646 2425 760 2497 κορώνη
767 2422 824 2479 Ἀν-
858 2429 926 2488 licet,
942 2434 972 2477 ut
990 2429 1070 2477 Varro
1087 2432 1192 2477 teatotur
1211 2454 1226 2463 —
1237 2454 1267 2489 -,
1285 2430 1313 2478 td
1330 2444 1388 2481 mo·

301 2499 374 2573 ὄρῶν
392 2498 538 2567 ἡβώντων.
571 2505 651 2552 Arato
668 2501 727 2553 loco
745 2503 762 2553 1.
782 2507 824 2555 est
857 2504 894 2552 ris
910 2503 1064 2564 lautituttoue
1078 2502 1186 2551 maiores
1201 2504 1281 2553 nostri
1296 2509 1388 2555 mne·

301 2572 462 2648 ἐννεάνειρα
479 2571 602 2647 κορώνη.
623 2604 650 2613 -
665 2578 735 2627 Dum
746 2580 821 2643 potis]
856 2582 926 2638 neat,
943 2582 972 2627 ut
982 2590 1040 2626 cunt
1050 2577 1089 2626 llic
1098 2577 1179 2626 amnti
1189 2589 1281 2627 munies
1290 2581 1388 2629 annae

303 2650 424 2715 [Praebet
456 2652 526 2721 nanc
558 2664 650 2701 veram
680 2650 822 2703 lectionem
859 2655 936 2704 Genio
955 2653 1088 2713 ιολυινιιιι,
1109 2666 1212 2702 mooun
1228 2667 1245 2701 u
1262 2656 1342 2704 coede
1355 2670 1387 2705 oc

302 2728 383 2776 etlam
409 2725 473 2776 Cod.
501 2727 520 2776 Β
550 2724 685 2775 Vanderb.
709 2728 819 2777 secli.
857 2728 979 2792 sanquine
1003 2728 1164 2789 ocinum,
1192 2742 1224 2777 ιιι
1248 2729 1302 2790 die„
1333 2744 1387 2792 qam

301 2798 433 2864 Exemplis
450 2814 465 2849 e
482 2797 600 2849 Bentlcio
618 2798 735 2851 collectis
751 2800 821 2851 adde
857 2804 906 2865 ipsi
916 2804 995 2852 iucem
1004 2803 1164 2864 accepissent,
1177 2802 1235 2851 attis
1244 2804 1383 2854 canerem.

301 2888 333 2924 ex
355 2872 458 2924 lnthol.
477 2875 578 2936 Meyeri
601 2876 631 2924 N.
651 2875 728 2925 itii:
754 2876 822 2926 Nom
857 2879 895 2929 Ex
911 2879 963 2928 hoc
979 2889 1086 2940 quoque
1104 2874 1233 2939 colligitur
1243 2877 1386 2929 Horatium

299 2950 352 3011 foto
385 2954 488 3010 raptum
519 2964 570 2999 non
602 2950 669 3013 potis
704 2950 821 3016 mpero.)
858 2966 910 3003 non
927 2950 1000 3015 loqui
1016 2950 1051 3001 de
1068 2952 1174 3001 Lamiae
1191 2951 1234 3001 die
1247 2951 1338 3003 natali
1355 2980 1382 2990 -

301 3016 354 3085 tog
377 3019 502 3073 δυνατόν
527 3022 613 3075 ἐστιν.
650 3026 735 3075 «llum
760 3024 823 3076 licet
858 3040 961 3091 οριιιιιιι
972 3026 1069 3089 mico]
1090 3024 1142 3075 «ab
1159 3038 1241 3090 opere
1254 3026 1383 3078 leniatis.»

300 3100 561 3161 perserenitatem.»
597 3102 686 3149 Senon.
723 3102 823 3150 «Ante-
858 3105 948 3153 Senon.
968 3102 1022 3151 Cio.
1041 3101 1076 3151 de
1093 3102 1171 3164 legg.
1190 3102 1215 3151 t.
1232 3101 1315 3165 μέλι
1335 3104 1384 3153 Fe-

300 3186 379 3236 quam
409 3187 458 3238 per
488 3173 600 3234 imbres,
635 3176 679 3237 qul
708 3176 820 3238 instant,
856 3178 956 3226 riorum
970 3176 1137 3239 Ῐιειοηιιιιᾳιιι
1152 3176 1250 3226 donau
1268 3178 1340 3227 ratio
1356 3180 1383 3227 in

300 3248 404 3299 madida
433 3248 498 3300 liunt
523 3249 622 3312 ligna.»
656 3249 703 3300 Alii
731 3252 821 3303 minus
857 3252 939 3302 itteris
954 3252 1088 3313 requietem
1103 3250 1174 3300 notet
1190 3251 1273 3300 ὶίιὸιιιιι
1288 3253 1382 3301 ctior-

299 3326 385 3375 recte:
406 3324 486 3375 «dum
496 3326 548 3375 vita
562 3323 608 3375 tibi
622 3327 747 3389 suppetit,
768 3340 821 3390 qna
856 3327 967 3389 piorum
979 3325 1098 3386 inservis,
1109 3330 1244 3386 opcmmet
1253 3324 1380 3375 tntonm.

299 3398 367 3449 laete
380 3399 427 3449 lrul
440 3400 556 3463 possis3n
572 3411 623 3461 qua
636 3399 746 3462 quidem
758 3413 820 3452 oum
857 3398 948 3450 Tibull.
959 3401 984 3460 2,
1000 3400 1023 3461 l,
1037 3402 1067 3450 t:
1079 3400 1144 3449 tuoe
1154 3412 1230 3448 soora
1239 3402 1382 3460 requieseat

299 3474 428 3524 sententia
450 3485 596 3535 componere
616 3473 724 3537 tipncm,
751 3477 821 3525 tam-
856 3475 956 3535 λιιιιιιιιι,
976 3475 1115 3537 ιιριιίιιιαι
1124 3478 1227 3523 orator:
1240 3476 1381 3524 --Omnio

299 3560 380 3611 quam
392 3550 464 3599 esset
480 3546 618 3612 voluptarii
630 3545 738 3611 aliquid,
756 3551 820 3599 satis
855 3551 905 3599 sint
926 3554 1032 3611 operata
1053 3550 1111 3599 too:
1139 3562 1189 3598 aon
1214 3550 1309 3598 audeat
1326 3550 1383 3598 utto

298 3624 387 3686 inepte
399 3623 560 3685 iungeretur.
577 3648 603 3657 —
618 3622 747 3687 Gornpono]
761 3636 822 3672 «ex-
855 3624 994 3688 Lanificam
1006 3625 1091 3685 pensis
1105 3623 1247 3686 nomme
1263 3637 1378 3673 manian.

298 3698 371 3746 strue
382 3709 465 3759 super
473 3696 570 3746 locum.
590 3697 626 3745 Eo
638 3698 734 3760 magis,
748 3697 821 3760 qnod
856 3698 1023 3749 Constmctio
1045 3699 1133 3747 autem
1157 3711 1183 3746 v.
1201 3698 1297 3747 sotum
1316 3711 1380 3747 curn

299 3785 358 3821 cres
382 3771 503 3821 imminet
527 3769 633 3820 turbide
658 3773 817 3835 tempestas,
856 3774 969 3834 genitivo
993 3773 1032 3835 (ut
1052 3768 1129 3823 λύειν
1149 3767 1253 3834 πόνου)
1272 3775 1379 3821 cerlea

299 3847 381 3896 Genio
406 3843 579 3908 indulgebis.»
608 3872 636 3881 -
663 3847 728 3911 cros]
755 3848 820 3895 For·
856 3846 1040 3898 iureconsultis
1051 3847 1148 3898 Latinis
1159 3849 1239 3897 etiam
1249 3849 1312 3896 ante
1325 3847 1379 3895 llo-

297 3923 367 3973 tasse
379 3923 489 3985 proptor
501 3918 628 3970 sollemne
641 3923 818 3981 menstruum,
856 3923 952 3973 ratium
967 3920 1154 3986 usurpabatur.
1182 3923 1236 3972 Cic.
1250 3920 1285 3971 de
1297 3922 1376 3982 Legg.

298 4009 350 4058 quo
374 3994 485 4045 Genium
508 3996 641 4057 laresque
667 4008 719 4043 una
746 3994 819 4045 cole·
854 3998 884 4055 t.
903 3998 948 4047 20:
968 3997 989 4046 ts
1001 4010 1049 4058 par
1065 4001 1141 4045 αιιιι
1156 3996 1249 4045 librom
1264 3995 1378 4044 luentem

297 4068 375 4118 bant:
394 4070 417 4119 si
434 4068 468 4118 de
486 4068 613 4120 nataliciis
630 4068 712 4118 verba
731 4070 818 4119 lacere
854 4070 1093 4129 tastocnmtiaotoot,
1113 4070 1204 4129 idest,
1218 4068 1376 4132 obligatione

297 4140 436 4202 voluisset,
463 4156 526 4194 sone
550 4143 602 4193 hoc
624 4156 677 4192 uno
700 4141 817 4194 alterove
854 4146 1015 4196 testamenti.
1052 4143 1139 4206 [Falso
1164 4143 1266 4194 addunt
1288 4144 1375 4207 ipsum

296 4214 379 4265 verbo
397 4218 578 4279 significasset.
855 4219 1013 4269 Ciceronem
1024 4232 1073 4283 pro
1085 4220 1152 4269 Sest.
1166 4220 1193 4267 7:
1212 4218 1284 4269 solvit
1298 4216 1375 4267 suono
