2934 4884
285 331 346 394 52‘2
672 332 803 381 nostru
821 331 990 384 ennuntiat

370 488 419 562 Et,
445 487 641 574 quandoque
669 487 831 573 potentior

412 608 504 693 Largi
530 607 720 673 muneribus
744 608 851 673 riserit
873 607 1005 685 aemuli,

368 726 508 792 Albanos
533 748 634 813 prope
656 739 688 794 te
712 728 802 795 lacus

410 849 512 914 Ponet
534 868 749 914 marmoream
771 849 832 915 sub
855 849 946 915 trabe
968 850 1077 916 citrea.

368 1015 433 1082 lllic
456 1014 592 1101 plurima
614 1015 747 1081 naribus

354 1243 393 1291 48.
422 1243 512 1304 Laepia
537 1239 696 1300 aspectet.
725 1241 814 1304 (Largi
838 1238 923 1302 Β,4ψ,
942 1253 1012 1289 corr.
1030 1238 1066 1300 β,
1093 1242 1156 1290 item
1177 1244 1295 1292 Pottierii
1315 1247 1343 1300 4,

315 1317 343 1376 4,
363 1317 391 1376 8,
412 1316 451 1364 47,
472 1315 597 1364 Praetulit
615 1315 694 1364 eiiam
712 1313 807 1376 Benil.)
828 1337 855 1348 -
874 1313 915 1363 20.
935 1313 1014 1363 444444
1030 1313 1065 1373 Β,
1084 1312 1175 1364 bland.
1190 1315 1344 1378 antiquiss..

314 1389 429 1440 Pottierii
448 1391 475 1450 4,
494 1389 522 1450 ’4,
541 1389 577 1448 8.,
597 1389 700 1438 Comm.
721 1389 818 1450 Cruq.,
836 1389 877 1438 bc
896 1390 923 1437 44
945 1385 1092 1446 Barbatus,
1118 1390 1248 1440 varietate
1270 1391 1344 1441 hand

315 1465 478 1514 memorata:
506 1461 734 1525 cppeabcnen,
762 1463 907 1524 04444445,
935 1457 1343 1527 ttemydap.1nrcnn.rt.o.

316 1540 376 1587 Hor.
396 1553 422 1602 p.
443 1538 482 1587 36.
502 1539 542 1588 56.
564 1539 603 1599 (Ut
620 1551 677 1596 nos,
696 1537 728 1598 J.)

284 1739 466 1803 (exeolitailla
484 1741 598 1803 imagine
611 1739 658 1790 Od.
672 1737 702 1800 3,
716 1739 758 1798 46,
771 1740 806 1801 b.)
844 1741 953 1802 regione
986 1740 1092 1791 videtur
1126 1741 1256 1792 Maximus
1270 1741 1376 1798 uillam

282 1815 395 1875 alliciet,
414 1817 444 1864 ut
460 1815 578 1865 victricia
596 1816 640 1864 tua
658 1826 732 1864 arma
750 1812 809 1862 ubi·
844 1813 981 1865 babuisse.
1016 1816 1162 1867 Parietinae
1184 1816 1324 1880 Nymphai
1349 1822 1376 1868 et

281 1903 333 1952 que
351 1889 523 1939 celebrentur
538 1887 743 1952 proferaturqua
760 1889 809 1938 im-
844 1887 950 1938 delubri
965 1902 1050 1953 prope
1064 1888 1139 1940 laeua
1150 1887 1246 1939 Albani
1258 1893 1376 1943 emissa-

282 1965 388 2027 perium
405 1966 506 2013 tuum.»
844 1963 914 2012 rium
928 1965 1083 2014 etiamnunc
1098 1975 1242 2028 superesse
1259 1967 1376 2016 testatur

316 2039 355 2087 44.
376 2036 645 2099 44444444444444]
665 2037 808 2100 «44444444-
843 2037 970 2086 Biancoui
995 2039 1074 2100 Opere
1097 2040 1118 2088 1.
1145 2051 1206 2102 pag.
1226 2039 1286 2088 490.
1322 2040 1375 2091 Sed

284 2112 427 2175 docunque
436 2110 547 2161 rivalem
560 2112 610 2162 etsi
622 2109 735 2174 largiora
746 2125 808 2162 mu·
844 2109 921 2160 villae
938 2112 1036 2162 borum
1052 2113 1244 2172 Maximorum,
1272 2116 1305 2163 ut
1320 2114 1375 2165 volt

281 2199 345 2237 nera
364 2187 465 2236 amicae
484 2185 641 2236 offerentem
659 2187 768 2250 proprio
780 2189 808 2236 et
843 2182 899 2244 ille,
924 2184 973 2235 bas
990 2198 1051 2236 esse
1068 2185 1194 2250 reliquiae
1212 2189 1276 2250 quis
1293 2203 1375 2252 prae-

280 2259 379 2310 daoore
397 2263 424 2310 44
440 2261 544 2323 ingenio
556 2261 649 2310 vicerit
661 2261 733 2324 apud
745 2274 806 2311 eam
843 2257 945 2308 stabiti

280 2331 487 2398 ndeoqneillnm
500 2333 639 2384 deriserit»
652 2336 703 2384 444.
723 2335 805 2397 Iunge
875 2333 916 2382 20.
935 2333 1020 2398 44444]
1047 2334 1204 2394 «4444444444,
1231 2339 1375 2400 contigna-

276 2409 403 2472 potentior
417 2409 574 2468 muneribus,
594 2420 691 2470 «quam
709 2421 806 2458 mane·
843 2407 927 2468 tione,
948 2406 1047 2458 tbolo.»
1061 2437 1089 2447 -
1107 2410 1199 2474 444444]
1218 2411 1297 2461 Hanc
1308 2409 1372 2462 4444.

280 2497 309 2532 44
317 2502 342 2543 r,
369 2494 422 2531 non
440 2494 502 2531 eum
519 2481 575 2532 aliie
591 2483 677 2531 riserit
696 2483 807 2532 44444444-
842 2480 908 2530 Cod.
927 2483 947 2530 B
964 2481 1087 2545 praetuli.
1128 2485 1245 2544 Vereor,
1266 2499 1303 2536 ne
1324 2487 1374 2546 Oa-

279 2557 331 2606 bas.
346 2581 372 2590 -
391 2557 469 2619 Largi
481 2556 624 2606 --cemuti
636 2557 760 2620 praetem
772 2569 804 2607 ex
838 2555 900 2616 pria
919 2557 977 2604 orta
999 2557 1033 2606 444
1054 2569 1088 2606 ex
1104 2556 1145 2607 illa
1163 2556 1242 2621 longe
1260 2559 1372 2610 diversa

266 2632 437 2682 auctoritaie
455 2630 520 2680 Cod.
540 2631 679 2694 antiquiss.
697 2633 726 2681 B.
762 2632 805 2681 Sic
840 2628 1222 2692 accommodanda,
1241 2645 1296 2684 nec
1313 2647 1374 2683 ma-

278 2705 441 2757 constructio
467 2717 575 2766 quoque
603 2705 634 2755 444
660 2704 805 2767 elegantior
841 2716 959 2767 gnopere
985 2703 1073 2768 placet
1093 2706 1167 2754 44444
1182 2706 1263 2768 oppia
1288 2707 1374 2759 locari

278 2783 359 2844 atque
376 2780 483 2829 Horatio
500 2778 611 2840 dignior.
638 2779 804 2838 Quinetiam
840 2778 885 2827 aab
901 2777 972 2827 trabe
988 2779 1091 2840 Oerria
1117 2779 1372 2844 Verumappeltare

277 2855 329 2904 boo
347 2852 424 2916 longe
441 2852 581 2902 acerbius:
613 2851 695 2902 «Nihil
722 2851 805 2902 habet
840 2850 903 2901 beet
919 2853 1000 2902 444444
1020 2851 1096 2902 Plinii
1111 2850 1202 2902 locum
1220 2854 1255 2904 44.
1269 2856 1301 2904 Ν.
1324 2855 1371 2915 43,

278 2926 414 2986 aemulus,
438 2939 486 2976 our
502 2925 676 2990 praeferatur,
695 2929 804 2991 praeter
841 2926 895 2986 44,
923 2924 970 2975 ubi
995 2925 1030 2976 de
1051 2927 1119 2977 citro
1136 2928 1205 2976 inter
1221 2926 1275 2978 alia
1300 2929 1373 2980 haec

278 3003 381 3052 divitias
399 3001 597 3061 tantummodo,
621 3014 688 3064 quas
705 3001 803 3052 identi-
838 2995 979 3061 leguntur:
1006 3000 1373 3066 lbeopbrarna--mcgmn

277 3078 341 3126 darn
357 3074 430 3138 large
448 3073 600 3139 profundit,
623 3075 673 3126 sed
689 3075 800 3137 44444444,
838 3074 1186 3129 iombaiecrboribonorom
1196 3075 1301 3137 44444444,
1319 3091 1373 3126 ma·

277 3153 303 3200 tu
330 3151 402 3200 enim
427 3161 491 3200 cum
515 3149 600 3200 vinds
624 3151 652 3199 44
672 3149 758 3200 torma
775 3153 803 3201 44
837 3153 952 3198 mantas
975 3162 1009 3199 44
1029 3161 1061 3199 ec
1084 3151 1195 3212 reserare
1216 3152 1373 3212 termium

276 3223 412 3275 nobilitate
432 3225 460 3273 44
482 3222 630 3275 facundia.»
661 3223 801 3287 (v.43eq.)
836 3227 949 3273 44444444
968 3225 1165 3288 commodasse
1186 3226 1373 3286 quandamque

276 3301 362 3362 Atque
405 3296 506 3349 44441444
547 3297 802 3348 accommodabatm
837 3297 1054 3348 imrnortatitotem
1085 3299 1210 3348 materiae
1241 3300 1271 3348 ia
1298 3302 1373 3350 tactis

276 3371 437 3422 adiectivum
462 3371 497 3422 ad
522 3374 674 3437 proximum
702 3385 800 3424 nornen
837 3377 927 3422 contro
941 3372 1006 3422 44444
1021 3373 1107 3422 mania
1123 3373 1298 3434 immine.
1324 3375 1372 3426 444-

275 3459 355 3509 quam
374 3446 408 3496 ad
425 3445 602 3510 longinquius.
837 3447 909 3497 nime
931 3447 1011 3509 igitur
1027 3445 1153 3497 audiendi
1175 3449 1240 3497 sunt
1267 3450 1369 3512 partim

308 3521 348 3570 49.
366 3519 613 3584 ,4444444--44444441
639 3519 688 3572 Ubi
705 3523 801 3572 contu-
837 3520 868 3581 44,
893 3521 939 3582 qui
961 3520 995 3570 de
1018 3519 1124 3571 laminis
1140 3522 1246 3570 tantum
1263 3523 1369 3583 citreis,

275 3593 338 3643 teria
363 3593 568 3644 delineationem
601 3593 670 3645 illius
699 3597 800 3647 tractus
836 3592 934 3657 quibus
952 3594 1076 3646 inductae
1093 3595 1147 3645 sint
1161 3593 1266 3655 trabes,
1284 3597 1371 3646 inter

275 3667 347 3730 apud
364 3667 499 3730 Nibbyum
520 3669 624 3733 Vioppio
642 3671 672 3719 44.
691 3683 718 3733 p.
738 3670 798 3730 33.,
834 3669 987 3732 pretentur,
1013 3670 1111 3732 partim
1128 3669 1174 3731 qni
1191 3682 1224 3718 ex
1241 3669 1302 3732 ipsa
1329 3670 1371 3719 bi-

275 3740 380 3792 videbis
410 3745 536 3805 quattuor
563 3741 637 3794 lacus
664 3743 702 3794 ibi
730 3745 800 3794 anti-
836 3743 916 3792 storia
933 3741 1045 3794 naturali
1057 3745 1085 3793 44
1095 3743 1170 3794 cedri
1182 3746 1211 3793 44
1220 3745 1280 3793 citri
1299 3743 1366 3796 4444.

274 3816 363 3880 quitus
386 3815 437 3868 sibi
459 3817 595 3880 proximos
618 3817 711 3879 luisse¹
748 3819 797 3879 444,
835 3817 1367 3880 capisaprobatumiveruntnsautem.

274 3893 303 3940 nt
320 3893 395 3954 quasi
416 3890 629 3954 quadrangulum
650 3892 796 3942 efficerent.
835 3893 881 3954 qui
902 3892 954 3941 hoe
978 3891 1148 3955 praeterunt,
1183 3894 1245 3941 ante
1272 3894 1368 3943 omnia

274 3965 340 4014 Sunt
364 3967 386 4028 t)
405 3964 479 4016 lacus
496 3964 613 4017 Albanus
629 3968 738 4030 proprie
756 3967 798 4016 di·
835 3964 1003 4029 probandum
1032 3967 1083 4016 erit
1107 3967 1229 4028 Cypriam
1254 3965 1367 4016 trabem

274 4039 347 4097 otus;
366 4038 389 4101 4)
407 4039 481 4089 lacus
498 4041 684 4098 Nemorensis;
703 4039 726 4102 3)
745 4041 797 4089 44-
835 4040 875 4089 sic
891 4038 963 4090 nude
976 4039 1029 4090 diei
1043 4053 1094 4104 pro
1105 4040 1224 4099 cedrino,
1243 4041 1367 4090 maxime

273 4109 354 4171 piretro
366 4149 371 4170 ‚
384 4113 688 4177 sinenomineproprio;
708 4113 731 4175 4)
744 4115 798 4163 44-
835 4126 897 4162 cum
914 4112 1043 4174 Libanus,
1066 4115 1157 4176 Syria,
1175 4114 1256 4164 Creta
1274 4115 1365 4174 magis

273 4195 319 4244 po,
338 4186 395 4249 oggi
410 4187 478 4237 Vatia
487 4187 597 4238 4444444.
623 4189 652 4238 In
670 4199 701 4238 ea
719 4187 797 4250 igitur
834 4188 914 4238 etiam
937 4200 1017 4251 quam
1035 4189 1142 4253 Cyprus
1165 4187 1255 4238 cedris
1271 4185 1366 4238 abun·
