2934 4884
473 380 531 430 um.
550 380 591 429 111.
628 382 657 430 C.
675 380 752 431 xvii.

216 574 274 652 Qui
296 572 494 639 Formiarum
515 576 642 641 moenia
663 572 781 641 dicitur

204 773 207 781 .
253 695 405 783 Princeps
428 703 459 761 at
480 695 641 762 innantem
662 694 800 762 Maricae

296 814 455 882 Litoribus
477 816 619 882 tenuisse
641 814 739 881 Lirim

213 974 289 1039 Late
312 983 480 1063 tyrannus:
503 1012 545 1023 —
567 994 639 1040 cras
661 972 743 1040 soliis
765 994 879 1039 nemus

212 1092 317 1161 Multis
338 1103 371 1161 et
392 1092 463 1181 alga
484 1092 558 1160 litus
580 1093 681 1161 inutili

250 1214 398 1283 Demissa
420 1224 594 1304 tempestas
617 1214 657 1283 ab
680 1216 765 1281 Euro

150 1405 173 1453 4.
192 1404 262 1453 neu
279 1404 319 1455 ct.
338 1403 430 1467 (cono.
443 1405 541 1468 4444.)

88 1561 146 1612 bilis
157 1563 268 1612 conieci.
287 1562 354 1611 ducit
371 1562 526 1625 praelerens
539 1562 606 1613 haec
643 1561 725 1612 mium
742 1562 769 1611 in
785 1574 832 1610 ora
855 1561 1016 1627 Campaniae
1038 1566 1102 1613 44444
1120 1563 1166 1613 444-

87 1638 203 1701 scripsit:
224 1636 341 1687 4444444444
355 1648 448 1701 nuper,
462 1638 506 1700 qui
518 1635 608 1694 lectio·
643 1636 713 1699 gissa
730 1637 900 1700 suaviterque
919 1638 1076 1689 nmtloatum
1093 1650 1164 1699 esse.

88 1723 147 1761 uem
171 1712 241 1761 4444444
262 1722 355 1760 narsus
380 1712 500 1761 tueretur
520 1712 607 1761 hune-
642 1711 730 1761 minus
743 1712 824 1762 ettam
835 1712 972 1763 Horatium
983 1710 1167 1777 multesigmfl-

87 1798 138 1849 que
155 1784 204 1835 loci
226 1796 336 1835 sensum
362 1783 495 1835 traderet:
526 1785 607 1833 «asl-
643 1798 706 1835 care
721 1798 751 1835 se
768 1787 934 1837 4444414444
948 1788 1037 1839 Lamia
1046 1802 1106 1839 cras
1121 1786 1167 1836 ad-

87 1860 192 1923 quidam
209 1859 314 1923 priores
330 1859 436 1909 lamiae
458 1872 606 1923 eorumque
643 1858 729 1909 hiberi
740 1860 817 1911 valle.
830 1860 932 1911 Bellum
944 1862 1063 1926 prolecto
1074 1862 1167 1913 inisset

88 1937 195 1998 nepotes
212 1946 228 1983 a
252 1935 333 1983 Lamo
350 1936 423 1984 recte
445 1933 607 1985 denominati
643 1936 694 1985 4444
714 1947 747 1984 ex
764 1947 819 1985 uno
835 1934 879 1985 die
899 1937 927 1985 in
944 1936 1058 1986 alterum
1073 1935 1116 1986 vel
1133 1950 1168 1986 ex

88 2010 159 2069 sunt,
198 2010 227 2057 44
254 2006 330 2058 ducis
357 2008 485 2071 originem
503 2008 537 2059 ab
559 2021 604 2071 eo,
643 2008 742 2059 Sabino
755 2007 798 2059 vel
815 2022 848 2059 ex
865 2008 934 2061 Urbe
951 2012 978 2060 iu
993 2006 1167 2074 Campaniam

88 2084 171 2145 quin
189 2084 259 2133 cet.»
277 2082 351 2145 (Sunt
366 2082 434 2133 hacc
451 2084 607 2133 lahniiver-
642 2085 753 2147 propter
768 2096 850 2133 unam
862 2083 1016 2134 coenulam!
1035 2085 1166 2134 Locorum

88 2156 137 2220 ba.)
156 2156 225 2207 :Sed
242 2156 269 2205 in
285 2155 491 2207 hacverborum
505 2158 608 2209 iunctu-
643 2156 762 2220 prolecto
783 2170 879 2221 parum
901 2170 1006 2207 memor
1029 2158 1091 2218 41444,
1121 2157 1167 2220 qul

88 2245 114 2280 ra
130 2243 183 2282 non
200 2243 281 2295 posse
299 2243 449 2294 pronomen
464 2237 493 2282 tu
512 2232 605 2293 omitti,
643 2232 721 2281 istam
738 2231 984 2296 interpretationem
1000 2232 1164 2295 excogitavit.

89 2308 191 2356 suamet
226 2307 283 2369 ipse
318 2306 534 2370 interpretatione
566 2308 608 2356 vir
644 2305 842 2357 4144444444.

90 2380 257 2431 doctissimus
288 2378 462 2430 declaravit.»
506 2380 607 2431 Verum
680 2380 704 2429 9.
738 2380 800 2430 Late
831 2378 966 2444 44444444]
1003 2378 1165 2440 dominator,

91 2456 248 2518 pronomina
268 2454 453 2518 oppositionis,
483 2456 510 2505 in
526 2468 607 2519 prosa
644 2450 822 2527 ropnapaiuv,
861 2458 904 2506 Sic
932 2457 1039 2507 lieeiod.
1065 2457 1164 2519 Theos.

89 2532 167 2579 oratio
179 2530 376 2591 neuecessaria,
395 2531 507 2594 apoetis
524 2532 608 2580 inter-
643 2531 706 2583 4864
725 2524 867 2602 Οὐρανίδῃ
883 2532 946 2597 μέγ’
958 2524 1070 2583 ἄνακτι,
1094 2532 1165 2595 virg.

89 2602 150 2654 dum
166 2605 333 2655 omittuntur.
377 2603 429 2654 Cir.
449 2605 496 2655 0d.
514 2606 546 2667 2,
565 2606 605 2667 ⁴7,
643 2607 708 2657 Aen.
728 2608 758 2668 4,
784 2606 832 2656 444
857 2606 980 2669 populien
1002 2607 1052 2657 4444
1072 2618 1164 2670 repen.

89 2677 133 2727 it:
154 2680 200 2743 (tu)
212 2680 462 2729 444444444144444-
473 2694 608 2731 -merrreo-
644 2679 718 2731 ovid.
734 2680 841 2731 lleroid.
862 2682 943 2745 Epist.
961 2683 1007 2743 47,
1019 2684 1065 2732 57:
1082 2682 1164 2743 Pm-

90 2757 128 2801 to:
153 2756 208 2803 Noe
232 2754 348 2803 4444444441
365 2754 481 2817 {mernor
503 2769 605 2820 opnurn.
643 2754 701 2819 plue
725 2755 775 2806 luto
798 2756 942 2819 4141444444
965 2756 1052 2821 aeolia
1087 2756 1167 2806 Plini-

116 2830 139 2878 4.
166 2828 290 2893 [dmiccc]
314 2828 381 2879 deae
398 2828 480 2881 litoris
497 2831 609 2881 44144444-
642 2842 675 2880 44
693 2830 760 2895 Epp.
779 2829 808 2892 3,
827 2833 858 2881 t:
881 2832 996 2892 Drusus,
1015 2832 1167 2881 (4444444444

88 2906 221 2965 nensium,
245 2905 314 2954 iuxta
336 2904 415 2954 Lirim
437 2904 607 2972 (Guripliuoo)
643 2904 762 2953 4444444444
783 2905 871 2955 victor.
907 2906 978 2955 llaec
996 2906 1167 2969 potissimum

88 2978 205 3028 liuvium.
240 2980 314 3028 Serv.
344 2978 379 3029 ad
411 2981 475 3030 Aen.
506 2981 535 3041 l,
564 2980 605 3031 47.
645 2971 791 3048 ὑπερβολὴ
803 2980 886 3028 iocosi
897 2980 988 3030 nescio
1000 2978 1063 3043 quid
1074 2977 1165 3028 habet.

89 3053 179 3103 Circen
203 3053 239 3102 ita
262 3050 421 3117 appellatam
444 3052 524 3105 444444
547 3056 608 3119 post
646 3076 674 3087 -
691 3065 779 3101 444444
792 3078 807 3089 -
822 3054 958 3116 -SterrretJ
979 3054 1110 3103 «nemoris
1127 3065 1170 3103 so·

88 3130 213 3189 mortem,
240 3129 270 3177 ut
291 3128 432 3179 Romulum
455 3128 606 3190 Quirinum,
644 3123 700 3174 lum
738 3128 917 3176 consternet.»
960 3126 1024 3176 llire
1060 3126 1170 3189 quidam

88 3202 186 3253 ledam
212 3203 354 3262 Nemesin,
381 3202 464 3252 444444
487 3204 605 3254 lactant.
645 3196 781 3250 cavillatus
798 3202 840 3251 est
853 3202 1004 3251 Horatium:
1036 3203 1165 3259 «Nemus,

88 3276 178 3327 44444444.
198 3277 226 3337 4,
245 3278 285 3327 24.
320 3278 383 3327 Eius
406 3276 481 3329 lucus
503 3280 608 3329 eratin
645 3275 742 3337 inquit,
765 3276 888 3337 4444444444
903 3272 982 3334 follis,
1007 3286 1061 3323 non
1077 3274 1170 3323 tumi-

88 3350 140 3414 ipaa
164 3352 338 3403 liintumensi
359 3352 472 3403 civitate.
508 3354 607 3403 «liuius
645 3356 712 3399 tar.»
746 3349 826 3408 Quasi
842 3361 907 3398 vero
924 3361 978 3398 non
994 3349 1029 3398 444
1042 3348 1069 3398 44.
1090 3347 1107 3398 l.
1128 3347 1170 3398 ta-

89 3424 161 3488 igitur
188 3426 327 3489 Nymphae
350 3424 470 3477 litoribus
494 3428 606 3489 innatat,
649 3422 778 3474 cilllmum
793 3434 914 3485 zeugma.

88 3512 116 3549 44
127 3498 233 3565 placide
244 3500 359 3564 perfluit,
379 3502 457 3562 Liris,
479 3501 565 3551 donec
582 3502 608 3551 in
678 3498 718 3548 to.
733 3499 774 3548 44.
793 3496 960 3561 metuatis]
976 3495 1072 3547 «Cuius
1083 3493 1170 3546 1444444

89 3588 160 3625 mare
173 3576 277 3624 exeat.»
296 3574 431 3626 claudian.
451 3574 484 3626 (44
502 3574 609 3626 Probini
646 3574 688 3623 444
710 3585 790 3633 usus,
819 3572 869 3623 nisi
891 3572 958 3623 torte
980 3571 1015 3622 ad
1037 3570 1170 3621 laetamen

88 3652 113 3699 et
138 3648 242 3712 Olybrii
272 3650 350 3701 Cous.
385 3650 448 3701 259:
482 3650 610 3701 44444444
645 3647 707 3698 inde
724 3646 885 3697 iaciendum.
909 3645 1014 3711 (Pallad.
1033 3647 1108 3697 44444.
1128 3645 1168 3706 444,

86 3725 215 3785 meaeque
242 3728 322 3774 444444
350 3729 466 3787 querceta
495 3725 610 3776 ilariaco
646 3722 712 3785 tal»
736 3722 803 3773 ilinc
820 3721 993 3786 proverbium
1008 3722 1085 3772 uilior
1099 3722 1168 3785 4444.

87 3799 163 3859 liris,
183 3797 230 3847 uhi
246 3799 332 3861 prima
344 3796 447 3861 syllaba
459 3799 607 3864 corripitur.
645 3799 698 3848 Sat.
717 3798 745 3859 4,
770 3800 799 3858 ll,
821 3798 845 3849 8.
869 3802 897 3848 et
916 3796 1103 3860 14444441,
1127 3795 1167 3846 ta.

87 3874 140 3923 Non
166 3874 256 3923 tamen
278 3874 388 3937 propter
409 3872 478 3923 hanc
494 3874 608 3927 Maricae
644 3873 683 3922 De
701 3885 730 3921 re
749 3871 783 3922 cl.
806 3871 879 3923 lliad.
898 3874 926 3932 9,
946 3873 979 3922 6:
1007 3865 1113 3936 ἄμυδις
1137 3866 1169 3919 δέ

88 3949 112 3995 44
136 3948 203 3998 Liris
229 3948 406 4008 mentionem,
433 3960 502 4011 quaa
529 3960 609 3997 orna-
645 3960 676 3995 re
710 3943 791 4011 κῦμα
826 3942 959 3996 κελαινὸν
992 3940 1168 4015 lioptacus,

89 4024 176 4071 mento
195 4022 379 4071 tantummodo
391 4023 512 4083 inservit,
531 4023 608 4073 cuius
646 4017 754 4071 πολλὸν
769 4017 802 4071 tt
819 4016 908 4093 παρὲξ
919 4012 976 4070 ἅλα
986 4016 1082 4081 φῦκος
1092 4012 1171 4078 ἔχευ-

89 4109 136 4160 ope
163 4098 237 4159 grata
264 4096 466 4147 amoenissimae
494 4097 608 4159 regionis
646 4090 827 4160 4444444444).
843 4122 870 4131 -
894 4093 1017 4158 Derrima]
1036 4093 1169 4158 «desuper

89 4170 191 4233 species
208 4170 286 4221 nobis
303 4172 364 4221 ante
377 4169 468 4221 oculos
485 4172 606 4235 ponatur,
646 4170 791 4221 immissa.»
813 4196 841 4206 —
859 4169 942 4233 444444]
959 4171 1055 4219 Perses
1072 4169 1098 4220 in
1115 4170 1171 4219 lin-

89 4244 543 4309 44444444444444444444444444144444,
563 4248 610 4297 La·
646 4243 708 4296 thol.
725 4243 777 4295 Pal.
795 4246 814 4294 1.
833 4257 860 4310 p.
878 4244 941 4295 46444
960 4236 1056 4315 lir'r'poo
1073 4246 1171 4309 χειμέ-
