2934 4884
657 318 785 368 llOliAl'll
803 319 972 369 cautiltttttt

437 472 538 539 Dulce
561 482 594 538 et
615 471 772 539 decorum
794 482 844 537 est
865 493 925 558 pro
946 473 1050 559 petria
1072 477 1174 539 mori:

436 595 522 660 llors
545 603 577 658 et
598 593 746 680 fugacem
768 593 977 680 persequitur
998 595 1123 670 virum,

477 717 542 782 Nec
563 715 667 801 parcit
688 713 826 781 imbellis
848 714 999 782 iuventae

520 834 697 922 Poplitibus
720 834 898 922 timidoque
919 845 1020 923 tergo.

437 995 541 1060 Virtus
564 991 714 1080 repulsae
737 994 848 1060 nescia
869 993 1022 1060 sordidae

437 1113 633 1180 intaminatis
656 1112 755 1200 fulget
776 1114 975 1191 honoribus,

332 1285 371 1336 tt.
388 1289 549 1347 prosequitur
570 1287 600 1346 s,
622 1285 781 1344 consequitur
800 1282 884 1333 Bentl.
904 1285 973 1334 enni.
993 1284 1029 1346 (et
1050 1285 1116 1334 Cod.
1135 1287 1323 1349 cuninghamii

300 1374 326 1424 p.
345 1359 437 1422 tour)
463 1361 494 1411 Ut
516 1371 576 1418 nos,
595 1360 678 1409 ceteri
698 1359 782 1408 nostrl
803 1373 836 1409 sc
856 1360 972 1409 Pottierli
993 1371 1097 1410 omnes.
1123 1388 1150 1396 -
1170 1361 1210 1410 tt.
1228 1361 1327 1411 olette

299 1433 419 1484 BbSTcd.
437 1461 465 1470 -
484 1434 524 1483 iti.
537 1433 653 1483 timidove
663 1438 732 1496 terqo
744 1431 792 1493 Bb,
812 1447 881 1482 corr.
894 1433 923 1494 T,
937 1433 1035 1496 (iturine
1045 1439 1147 1497 ueterqc
1157 1447 1199 1498 pr.
1213 1435 1252 1496 Τ,)
1263 1432 1321 1499 μξ,

298 1508 440 1559 Bentleius.
461 1507 557 1569 (Ceteri
569 1507 653 1556 nostri
663 1507 798 1570 timidoque
807 1513 885 1571 terqo
904 1509 952 1558 liic
967 1521 994 1557 v.
1013 1510 1056 1558 est
1065 1507 1175 1558 ultimus
1192 1510 1218 1558 in
1229 1511 1269 1572 Β.)
1291 1537 1319 1545 -

300 1582 338 1631 48.
352 1581 544 1632 Intorninotisb.
558 1593 691 1644 superscr.
705 1595 761 1631 con.
774 1580 900 1644 (sordidae
910 1583 955 1648 tou
968 1583 1151 1632 &waimis
1165 1583 1185 1633 C
1197 1597 1213 1634 e
1223 1583 1320 1646 Codd.)

268 1725 323 1768 tore
344 1720 445 1768 leonem
482 1720 649 1769 Contrarium
670 1717 743 1769 Iliad.
763 1736 792 1780 χ,
829 1719 986 1771 caedebant.
1016 1721 1072 1770 liv.
1085 1721 1129 1782 22,
1153 1719 1199 1771 ts:
1224 1721 1357 1772 Numidae

269 1793 333 1842 373:
353 1784 469 1856 ἤμάλα
488 1788 525 1878 op
548 1790 794 1863 μαλακώτερος
830 1796 1009 1844 Romanorum
1020 1800 1094 1858 terqo
1107 1795 1359 1858 smmssacpoptt

268 1859 493 1930 ἀμφαφάασθαι
505 1862 631 1937 Ἕκτωρ,
650 1860 671 1931 ἢ
682 1861 730 1916 ὅτε
742 1864 794 1932 νῆ·
828 1873 863 1918 tes
879 1870 1014 1918 coedmtes.
1049 1870 1156 1919 Lucinn.
1183 1870 1277 1919 Toxsr.
1304 1871 1355 1920 6⁰:

269 1957 305 2004 ας
321 1940 477 2012 ἐνέπρησεν
494 1942 562 2012 πυρὶ
578 1940 680 2008 κηλέῳ.
830 1940 930 2007 ἰγνύην
946 1942 1141 2006 κατατμηθεὶς
1157 1940 1300 2010 καμπύλῳ
1317 1943 1358 2010 τῷ

302 2015 342 2065 te.
373 2016 461 2079 eruce]
487 2017 558 2066 ailoe
579 2017 676 2078 cogitet
692 2017 795 2066 iuvenis
829 2012 913 2082 τόξῳ.
935 2042 962 2052 -
988 2017 1134 2080 meoque]
1151 2018 1271 2068 Praefert
1286 2019 1357 2068 hanc

273 2092 414 2141 Romanus:
428 2091 582 2140 Dsdcecetn
596 2092 793 2153 Tyrtaeum.
829 2089 892 2140 lect.
922 2091 1004 2140 etism
1031 2089 1217 2153 Dillenburqer
1243 2105 1270 2154 p.
1299 2094 1356 2143 ton.

270 2165 355 2227 Bergk
380 2178 407 2228 p.
434 2165 496 2214 ³08:
535 2161 713 2228 Τεθνάμεναι
740 2157 795 2232 γὰρ
832 2163 992 2228 «poplites»,
1010 2165 1106 2227 inquit,
1134 2167 1176 2214 oet
1193 2167 1299 2228 tergum
1316 2165 1360 2215 ln-

272 2234 363 2287 καλὸν
395 2237 437 2288 ἐνὶ
462 2235 641 2309 προμάχοισι
669 2234 796 2288 πεσόντα
831 2239 948 2301 gientem
964 2237 1076 2288 militem
1092 2240 1178 2288 totum
1197 2239 1357 2301 significent,

262 2305 352 2383 *drop*
382 2307 511 2379 ἀγαθόν,
545 2313 608 2385 περὶ
634 2302 654 2384 ᾖ
683 2311 796 2383 πατρίδι
831 2315 859 2362 et
875 2312 977 2362 temtum
993 2312 1155 2362 adtecttrum
1174 2326 1229 2363 non
1251 2315 1358 2375 tergum

269 2384 463 2457 μαρνάμενον.
491 2389 581 2452 Eurip.
608 2388 702 2438 Troad.
730 2388 794 2437 386:
831 2385 919 2437 solum
935 2385 985 2436 sed
1002 2385 1115 2450 poplites
1132 2390 1357 2449 quoqueomat.·

271 2461 365 2533 Τρῶες
381 2459 413 2512 δὲ
430 2461 542 2532 πρῶτον
559 2464 628 2526 μέν,
646 2459 681 2512 τὸ
698 2457 797 2511 κάλλι-
865 2459 904 2509 47.
935 2461 1022 2510 Stoice
1043 2461 1098 2509 iem
1121 2458 1253 2522 loquitur:
1282 2462 1360 2510 «Wr-

272 2551 342 2586 στον
359 2534 458 2598 κλέος,
479 2530 559 2606 Ὑπὲρ
575 2533 685 2606 πάτρας
708 2529 796 2601 iiior]-
831 2538 888 2594 tus,
907 2535 994 2584 maior
1009 2547 1083 2594 casu,
1104 2546 1242 2596 nunqnam
1258 2537 1361 2599 patitur

270 2625 352 2660 σκον.
372 2610 426 2659 Cic.
440 2609 604 2673 Philippii,
620 2612 662 2660 ti:
682 2611 796 2673 Ofortu·
832 2607 956 2672 repulsae
981 2607 1187 2665 contumelium
1217 2621 1280 2658 nam
1308 2611 1360 2660 etsi

269 2689 333 2734 notu
349 2697 431 2744 mors,
449 2697 514 2744 quoe
529 2687 638 2732 notoroe
655 2685 737 2733 debita
746 2698 796 2746 pro
832 2683 933 2732 homini
948 2683 1047 2732 virtute
1062 2681 1185 2746 praedito
1200 2681 1295 2746 volgus
1312 2683 1363 2732 lao-

268 2763 358 2821 patrso
373 2762 409 2806 est
420 2757 578 2818 potissimum
593 2758 709 2805 reddito!
832 2769 913 2806 nores
923 2758 1013 2818 negat,
1028 2753 1172 2819 illoneque
1185 2756 1360 2818 ignominiam

304 2831 345 2882 tt.
361 2830 505 2894 noscet]
526 2830 676 2880 Simonides
692 2831 794 2894 Fragm.
831 2831 913 2880 sentit
928 2842 980 2878 nec
997 2827 1131 2890 dolorem,
1156 2831 1229 2880 utin
1248 2832 1361 2880 comitio

271 2907 312 2956 ct.
327 2904 491 2954 Schneidew.
503 2903 559 2953 Del.
571 2897 601 2952 ‘0
615 2902 640 2952 δ’
655 2896 693 2954 αὖ
706 2902 797 2954 inira-
830 2905 884 2969 pila
900 2903 962 2954 lusit
981 2904 1060 2965 Ceto,
1089 2916 1144 2966 quo
1160 2904 1204 2954 die
1222 2903 1361 2968 repulsam

270 2973 713 3044 eoqxtxezatrtlvquyopaxor.
726 2981 796 3030 Cur-
831 2978 890 3028 tulit
912 2979 982 3040 (Seu.
1000 2978 1049 3040 Ep.
1068 2977 1149 3039 tot),
1175 2979 1256 3040 atque
1283 2977 1359 3040 (Plin.

271 3057 323 3104 tius
336 3053 362 3115 l,
381 3053 429 3104 ll:
453 3053 548 3117 ΕΜ
563 3059 670 3104 mertem
686 3056 798 3117 quisquis
832 3051 916 3102 Praei.
934 3052 969 3114 9.)
992 3051 1106 3115 repulsis
1122 3050 1196 3101 velut
1211 3051 1362 3104 honoribus

271 3129 459 3190 contempserim
483 3129 665 3178 timidissimum
676 3143 797 3192 questaque
832 3126 947 3189 indeptis
957 3124 1099 3188 gaudebat.
1126 3127 1195 3176 Cum
1206 3125 1361 3177 tortitudine

271 3205 437 3266 cmueqottur.
459 3231 486 3238 -
501 3203 672 3267 persequitur]
696 3205 752 3254 linc
768 3218 794 3253 v.
832 3202 924 3250 autem
935 3236 941 3260 ,
953 3201 1134 3263 quamprimo
1145 3200 1361 3259 commendarat,

271 3277 405 3343 duplicem
423 3277 499 3327 nobis
517 3277 625 3328 exhibet
642 3279 794 3341 imaginem,
832 3274 985 3324 necessario
996 3275 1138 3323 coniuncta
1149 3276 1192 3324 est
1202 3275 1288 3324 virtus
1296 3275 1365 3325 civi-

272 3357 299 3405 et
316 3352 439 3403 celeriter
461 3352 618 3415 insequendi
641 3353 669 3402 et
686 3353 798 3417 propter
832 3347 879 3409 lis,
897 3345 1017 3414 γενικῶς
1033 3349 1163 3411 spectata
1191 3349 1266 3398 lianc
1277 3350 1365 3399 eomi-

271 3427 298 3476 td
324 3429 424 3490 ipsum,
454 3426 527 3489 quod
544 3427 614 3476 tiore
639 3424 797 3476 inevitabilis
832 3426 903 3472 tatur
924 3431 1006 3473 verus
1031 3423 1118 3474 honos
1137 3424 1218 3484 atque
1244 3425 1364 3473 nominis

271 3501 437 3564 insequitur,
460 3500 650 3564 consequendi.
686 3503 798 3552 «Perse-
833 3496 1041 3547 immortalitas·
1070 3523 1097 3533 -
1134 3495 1230 3559 mocio]
1260 3505 1364 3559 «mam

271 3576 372 3639 quitur,
410 3575 455 3636 qui
487 3587 540 3623 non
566 3574 664 3625 desinit
693 3577 796 3638 sequi.»
832 3583 971 3634 nunquam
987 3571 1089 3634 attingit
1104 3583 1193 3633 neque
1206 3575 1365 3621 commoret

271 3649 368 3698 Dosar.
388 3646 423 3696 ad
439 3649 499 3696 Ter.
518 3647 600 3697 Andr.
619 3649 646 3708 o,
665 3648 693 3708 l,
712 3649 753 3699 32.
768 3677 795 3687 -
833 3647 879 3694 aut
895 3646 1021 3709 deprimit
1036 3644 1169 3709 repulsu.»
1184 3672 1213 3682 —
1233 3646 1363 3710 sufflas]

271 3723 308 3770 ltu
335 3715 398 3790 Κὴρ
425 3719 467 3770 vel
501 3720 596 3790 Μοῖρα
629 3725 798 3788 persequitur
833 3718 968 3770 credebat
988 3716 1081 3782 volgus
1098 3721 1248 3768 Romanum
1271 3721 1365 3768 movi-

272 3793 430 3845 belletorem
448 3793 592 3858 lugientem
610 3797 636 3846 in
651 3811 713 3848 vase
725 3799 796 3862 picto
831 3807 877 3843 mo
892 3795 952 3843 iisse
966 3792 1038 3841 moto
1053 3794 1174 3856 exipiam
1189 3805 1291 3842 mers
1306 3799 1366 3843 tw-

273 3869 344 3934 apud
362 3866 552 3919 d'llancervillo
569 3872 588 3919 l.
608 3871 635 3920 Τ.
655 3871 695 3922 35.
829 3867 1082 3930 pmtquereputsom.
1102 3868 1168 3931 Epp.
1182 3867 1211 3928 l,
1225 3867 1254 3927 l,
1268 3866 1302 3917 ts
1318 3881 1363 3932 sq.

305 3944 345 3992 ts.
363 3943 509 4007 repletum]
534 3945 631 4008 Fugam
649 3947 795 4008 significem
867 3943 907 3992 tt.
934 3942 1108 4006 imminetis]
1137 3955 1154 3990 a
1180 3955 1206 3991 v.
1235 3941 1366 3994 obsoleto

272 4015 385 4080 poplites
403 4018 474 4066 enim
486 4017 640 4081 fugientium
652 4021 798 4069 cernuntur
832 4019 975 4079 temioore,
995 4021 1120 4081 tangere3
1139 4018 1251 4068 iortesss
1269 4021 1367 4070 umen

272 4091 501 4152 quemadmodum
514 4093 594 4155 terge.
613 4094 699 4156 Atque
710 4092 798 4156 popli·
833 4107 866 4142 ex
897 4091 984 4156 aliqua
1018 4093 1174 4143 auctoritate
1210 4093 1367 4155 antiquiore

273 4166 314 4212 tes
339 4165 468 4230 imprimis
494 4165 649 4230 rugientium
682 4167 797 4218 victores
833 4167 884 4218 lino
900 4168 985 4218 torma
1002 4179 1068 4219 usus
1085 4170 1127 4219 est
1142 4180 1192 4232 pro
1208 4168 1369 4218 eommo-
