2934 4884
265 353 328 417 5η
652 354 781 405 {tonarii
800 353 969 406 canaliculi

393 509 483 575 Venti
505 519 689 595 paventem,
714 529 789 575 mox
811 508 961 574 movilia

393 629 528 696 Demisit
548 630 676 697 hostem
696 628 824 696 vividus
846 631 1000 717 impetus,

435 753 526 819 Nunc
550 753 581 816 in
603 750 799 818 reluctantes
821 751 981 817 dracones

478 873 549 961 Egit
569 893 660 940 amor
681 871 775 959 dapis
796 881 894 959 atque
915 891 1063 959 pugnae;

393 1048 571 1131 Qualemve
593 1047 686 1114 laetis
708 1067 827 1134 caprea
848 1049 979 1134 pascuis

393 1173 517 1238 intenta
538 1168 642 1236 fulvae
666 1169 776 1234 matris
798 1167 839 1234 ab
861 1167 964 1234 ubere

436 1295 502 1358 lam
523 1291 606 1357 lacte
628 1288 802 1376 depulsum
823 1287 952 1356 leonem
1312 1291 1350 1356 tc

333 1528 373 1577 444.
391 1527 446 1576 iun
461 1537 536 1574 cruce
546 1523 589 1574 vel
599 1524 654 1573 Iam
662 1528 748 1586 sponte
758 1521 877 1573 malebat
885 1523 970 1618 ilenti.
981 1563 987 1584 ,
1006 1524 1062 1574 lum
1072 1525 1174 1586 tuusque
1182 1526 1321 1577 liusterus.

268 1740 372 1790 Lucret.
398 1738 430 1800 6,
460 1737 524 1788 8³3:
557 1736 697 1799 pinnam
723 1737 793 1787 uim
829 1738 901 1800 iungi
912 1737 1154 1801 poteratutudere,
1169 1752 1353 1793 namammm:

266 1813 360 1863 444444.
829 1810 941 1874 falsique
958 1813 1033 1872 sunt,
1054 1813 1101 1875 qui
1121 1811 1198 1862 uem
1214 1826 1265 1877 pro
1282 1815 1356 1864 adie-

300 1887 324 1936 9.
344 1887 384 1936 40.
410 1888 549 1950 paventer]
572 1888 673 1950 «primo
694 1889 792 1936 conatu
829 1886 899 1935 clivo
916 1884 1048 1935 hahentes
1065 1885 1246 1950 explicarunt:
1266 1901 1356 1938 «aee-

267 1959 408 2025 pavidum;
433 1959 482 2010 sed
505 1973 566 2010 mox
585 1960 712 2011 audacter
729 1973 792 2010 cum
829 1960 905 2023 piceo
923 1957 1033 2009 leaenae
1047 1958 1140 2021 lacten,
1159 1960 1234 2024 quod
1245 1963 1356 2025 quidem

268 2036 322 2085 acri
340 2035 441 2099 impetu
456 2034 575 2085 defertur
591 2036 618 2084 iu
635 2034 791 2098 praedam.»
829 2033 963 2084 ἐπίθετον
979 2033 1023 2083 hic
1039 2047 1150 2097 prorsus
1167 2037 1299 2096 otiosum,
1319 2039 1358 2086 in-

268 2107 392 2174 Apuleius
415 2108 481 2160 Flor.
506 2111 535 2158 ⁴:
562 2109 654 2171 Aquila
679 2109 791 2172 444444,
829 2121 875 2158 mo
891 2109 1012 2172 ineptum
1030 2111 1116 2168 esset;
1139 2121 1191 2158 nec
1207 2123 1275 2159 vero
1292 2123 1358 2160 ceu·

268 2198 374 2248 quorem
386 2185 544 2246 putisrimmn
560 2185 587 2233 iu
605 2185 730 2246 praedem
748 2197 793 2231 ru-
830 2183 903 2231 veuit
923 2195 987 2232 cum
1009 2185 1077 2246 part.
1100 2184 1166 2243 icen,
1193 2196 1248 2247 quo
1271 2187 1358 2248 posita

264 2271 343 2320 perere
359 2263 487 2308 sesemet
501 2259 614 2321 [4444444444
629 2259 691 2309 uice.
712 2285 740 2293 —
752 2259 793 2306 ui·
830 2257 872 2307 est
888 2254 956 2306 luco.
976 2255 1029 2306 Cir.
1049 2257 1111 2305 iiru.
1127 2256 1192 2307 Guil.
1206 2258 1358 2309 Weber-um

215 2333 224 2350 ⁸
266 2333 346 2393 uidua]
376 2333 512 2383 coetuum
543 2343 604 2384 esse
631 2331 793 2382 vocabulum
830 2330 865 2380 ad
884 2330 1001 2381 iuvenci.
1020 2345 1047 2394 p.
1067 2331 1124 2381 350.
1143 2332 1191 2381 Ed.
1210 2345 1278 2383 suae
1299 2334 1360 2382 Wi-

267 2406 347 2457 tradit
359 2407 463 2466 Festusr
477 2408 618 2456 esttamen
630 2407 710 2456 etiam
722 2405 794 2470 apud
830 2418 898 2455 mar.
929 2405 1011 2455 ilecte
1037 2406 1119 2455 etium
1143 2404 1241 2468 liegei:
1273 2408 1360 2457 «Cum

268 2481 322 2531 liv.
337 2481 422 2540 Mi:
442 2479 791 2542 iuuicidcpectcre,etalibi.
830 2479 918 2529 mater
937 2479 1063 2529 iuvenem
1083 2478 1190 2530 leonem
1213 2479 1248 2529 ab
1272 2479 1359 2532 ubera

301 2555 341 2603 44.
356 2554 397 2603 u.
410 2553 567 2613 reluctantes]
581 2552 644 2604 i‘liu.
659 2555 689 2605 ii.
703 2557 735 2604 N.
746 2555 792 2616 40,
831 2551 960 2617 depellet,
982 2555 1012 2602 ut
1031 2553 1101 2604 lacte
1122 2567 1187 2604 eum
1203 2555 1359 2619 prohibeat,

267 2626 295 2678 i:
325 2626 370 2676 ille
387 2626 486 2690 (draco)
497 2627 629 2688 multiplici
649 2641 718 2677 neme
739 2629 795 2677 alus
830 2628 888 2683 sine
904 2627 1052 2678 verborum
1069 2628 1234 2678 abundantia
1250 2628 1294 2679 leo
1306 2629 1361 2680 dici

269 2698 388 2764 (aquilam)
399 2701 474 2764 liqut,
486 2702 525 2750 ita
535 2715 560 2750 re
570 2702 711 2763 implicans,
723 2707 753 2752 ut
762 2705 795 2752 44-
831 2703 920 2765 potest
940 2701 972 2751 ab
993 2702 1068 2753 ubere
1082 2704 1173 2752 matie
1187 2705 1254 2753 tacte
1268 2705 1360 2767 depert-

266 2775 320 2825 mul
342 2775 464 2824 decidam.
495 2775 606 2824 Luctum
626 2777 693 2824 inter
716 2777 794 2839 aqui·
830 2789 883 2835 scm
909 2774 1030 2827 additum
1052 2777 1124 2827 enim
1145 2778 1211 2826 lueto
1227 2778 1361 2842 significat

268 2848 321 2898 iarn
333 2848 361 2897 et
372 2849 526 2910 serpentem
538 2848 649 2910 pingunt
660 2849 793 2901 Homerus
831 2849 872 2908 id,
890 2863 906 2899 a
923 2852 999 2901 cuius
1015 2864 1068 2901 usu
1083 2851 1254 2916 prohibetur,
1279 2855 1326 2916 qui
1342 2866 1359 2902 4

267 2920 340 2971 iliad.
356 2937 392 2984 μ,
411 2921 473 2971 200:
488 2921 620 2972 Nicander
636 2923 714 2972 Ther.
733 2922 791 2974 448.
831 2925 923 2975 matris
939 2924 1025 2975 ubere
1043 2924 1209 2990 depellitur.»
1226 2927 1358 2989 depellere

268 2995 363 3045 Cicero
374 2995 400 3044 in
415 2996 505 3046 llario.
520 2995 562 3058 (de
575 2998 653 3060 Legg.
667 2999 695 3058 4,
715 2998 749 3061 4.)
763 3025 791 3034 -
830 3012 848 3047 a
867 2999 932 3048 lactc
949 2998 1014 3049 dixit
1031 3000 1103 3062 virg.
1124 2999 1178 3051 Ecl.
1198 3000 1229 3061 4,
1249 3003 1308 3061 tta,
1325 3001 1360 3050 44

269 3070 342 3122 Utin
360 3069 475 3130 Horatio,
494 3070 533 3120 sic
550 3070 637 3134 aquila
655 3085 717 3122 cum
729 3071 794 3121 dra-
829 3071 904 3122 ubere
922 3073 1013 3122 metris
1031 3074 1078 3122 Ge.
1098 3073 1128 3134 3,
1150 3075 1219 3135 484,
1238 3075 1360 3137 depelle-o

268 3157 335 3193 cone
353 3142 456 3194 luctans
473 3145 561 3208 imago
577 3148 618 3196 est
635 3145 793 3196 fortitudinis
830 3145 952 3196 absolute
970 3145 1025 3197 Ecl.
1044 3146 1073 3208 3,
1092 3147 1134 3197 82.
1154 3148 1262 3210 (Animi,
1282 3151 1357 3213 puto,

268 3215 379 3268 bellicae
404 3219 431 3268 in
456 3231 536 3269 ocrea
564 3221 648 3270 Musei
675 3219 791 3270 Borbon.
830 3222 964 3272 causavir
979 3218 1184 3292 κριτικώτατος
1193 3236 1283 3286 nuper
1293 3236 1360 3287 pru-

268 3293 321 3342 Vll.
340 3292 368 3341 Τ.
388 3291 428 3342 44.
458 3319 486 3328 -
513 3306 587 3342 macr
611 3295 695 3356 dapis]
725 3293 793 3344 lethi
829 3297 918 3358 posuit
938 3296 995 3345 lum
1013 3294 1128 3360 (murtei)
1150 3298 1302 3362 mm.)
1328 3327 1356 3335 -

268 3365 423 3429 cupiditas.»
441 3366 794 3419 Admirabiliartetresde-
829 3369 909 3419 Dente
931 3370 1004 3431 acuo]
1032 3369 1143 3421 «novelli
1167 3369 1266 3433 leonis,
1293 3375 1360 3421 tunc

267 3439 361 3490 scribit
380 3439 461 3490 veluti
483 3441 581 3503 gradus
600 3441 704 3505 aquilae
721 3444 793 3493 vires
829 3443 1088 3507 primumpraedam
1098 3446 1232 3508 rapturi.»
1247 3473 1276 3480 -
1286 3448 1359 3508 μη·-

267 3527 330 3564 suas
348 3512 484 3578 paullatim
502 3505 665 3579 explicantis.
828 3519 901 3579 turc]
922 3519 1015 3567 «certe
1033 3519 1113 3568 exitio
1129 3517 1290 3568 destinata..

302 3587 397 3638 43-46.
416 3588 541 3650 Capreum
559 3589 792 3655 (nostriszeciogis
863 3592 903 3641 44.
931 3593 1022 3654 fluctu]
1045 3605 1094 3656 pro
1114 3593 1238 3644 Raeticis.
1268 3595 1358 3656 Haec,

267 3674 369 3722 column
384 3663 542 3725 capreolum,
560 3663 621 3726 liet)
638 3677 701 3714 cum
712 3679 794 3726 capra
829 3667 860 3714 ut
876 3665 975 3716 ducent
995 3668 1143 3731 inseriptt.,
1167 3668 1267 3717 rectior
1289 3670 1360 3718 scri-

268 3734 394 3785 cuniundi
411 3749 464 3786 nun
481 3735 582 3786 debere
594 3737 739 3789 dicendum
750 3741 793 3791 eat
830 3741 909 3803 ptura
926 3743 968 3790 est
984 3753 1067 3803 quam
1083 3742 1190 3791 44444444.
1220 3742 1293 3791 Vera
1309 3755 1360 3792 eu·

268 3812 378 3872 propter
399 3822 532 3874 nuperum
553 3811 690 3874 quendam
709 3814 794 3864 inter·
830 3815 886 3864 tem
903 3813 981 3865 lectio
999 3816 1090 3878 (quam
1106 3828 1170 3865 cum
1186 3816 1282 3879 paucis
1301 3815 1359 3867 aliis

269 3886 382 3946 pretem.
402 3909 430 3920 -
449 3883 514 3934 lacte
529 3886 666 3948 umectum]
684 3880 794 3954 ἀπογα-
831 3887 914 3938 habet
929 3889 1055 3952 antiquus
1072 3890 1138 3940 Cod.
1158 3889 1273 3952 sangall.
1287 3904 1357 3954 apr.

268 3955 467 4009 λακτισθέντα.
491 3961 574 4011 Unam
591 3961 727 4012 notionem
745 3976 794 4012 ex·
830 3961 882 4025 m.)
910 3965 1036 4026 corrupta
1065 3966 1107 4013 est
1138 3965 1237 4028 partim
1265 3978 1359 4016 encre

268 4032 371 4095 primit,
390 4045 471 4096 quam
488 4035 745 4098 posterioremue,
763 4038 794 4085 ut
830 4037 915 4098 444444,
933 4038 1032 4101 partim
1048 4037 1252 4102 interpolatione
1269 4038 1357 4089 Cudd

269 4103 794 4173 44144444444444444,4444144444
830 4110 908 4174 alim:
935 4117 959 4162 et
985 4113 1111 4164 Vtuddici.
1147 4113 1359 4176 cuninguamius

268 4179 376 4230 luctatus
392 4182 536 4244 signarunt.
567 4184 632 4235 ilinc
656 4185 729 4234 recte
747 4183 794 4234 ad-
829 4185 986 4237 Animadvv.
1005 4200 1032 4251 p.
1051 4188 1093 4238 444.
1111 4186 1221 4238 adnotat
1240 4189 1297 4239 iam
1313 4188 1359 4238 diu
