2934 4884
292 363 354 428 nte
678 365 807 416 ιιοιιιτιι
826 365 993 416 memnon

419 519 581 585 Tantalum
605 529 703 606 atque
727 504 847 583 Tentaii

463 641 572 706 Genus
594 647 737 712 coercet,
761 638 813 704 hio
835 637 943 703 levare
965 640 1107 706 timetum

418 763 600 848 Pauperem
624 758 794 826 laboribus

461 883 597 948 Vocatus
620 891 716 966 atque
739 899 804 945 non
826 888 960 946 vocatus
983 879 1081 944 audit.
1346 883 1390 946 to

293 1081 339 1131 stis
357 1081 391 1129 ito
408 1077 523 1142 loquitur
538 1088 562 1124 v.
575 1076 639 1126 252:
659 1071 769 1125 νεκύων
785 1071 816 1124 δὲ
853 1076 937 1134 tarot,
951 1075 997 1136 qui
1008 1075 1126 1133 vocavit;
1145 1074 1194 1125 sed
1206 1089 1255 1140 per
1266 1075 1391 1142 brachy-

295 1151 441 1222 πορθμεὺς
456 1179 470 1188 -
486 1147 592 1219 Χάρων
608 1148 636 1213 μ’
654 1143 708 1214 ἤδη
725 1147 815 1198 καλεῖ.
853 1145 950 1210 logiam
967 1149 1037 1197 hono
1055 1151 1184 1199 contraxit
1200 1154 1387 1202 sententiam:

294 1229 455 1277 Cirorontem
473 1227 563 1275 autom
582 1235 660 1272 nemo
676 1223 818 1272 invocabat
855 1223 1009 1286 «pauperis,
1036 1224 1082 1285 qui
1107 1225 1133 1272 in
1156 1224 1279 1274 boeriis
1299 1227 1388 1276 mutto

294 1305 323 1351 ut
340 1301 429 1351 deum.
853 1295 922 1346 meio
934 1309 1081 1359 perpessus
1090 1299 1147 1356 est,
1167 1300 1315 1348 miseretur
1327 1302 1388 1350 sive

852 1368 887 1417 ab
907 1382 939 1418 eo
959 1371 1112 1430 invocatus,
1131 1372 1188 1420 sivo
1206 1385 1258 1421 non
1271 1375 1389 1422 invoco-

327 1444 651 1508 intertentationes]
676 1442 816 1508 Pelopem,
853 1444 911 1502 tus,
935 1456 1053 1506 eumque
1071 1443 1167 1494 levat.»
1202 1447 1313 1497 Minime
1337 1462 1390 1496 ou-

294 1525 413 1582 Atreum,
431 1524 667 1582 Agamemnonem,
685 1518 816 1568 Orestem.
853 1519 923 1576 tem,
947 1519 978 1566 ut
998 1517 1081 1569 voluit
1096 1532 1249 1582 nonnemo,
1268 1526 1314 1572 est
1332 1517 1388 1571 oiv-

297 1625 324 1633 -
348 1595 508 1645 infinitivum
531 1593 614 1641 toocne
635 1590 730 1642 meiius
752 1605 819 1643 oon·
852 1590 962 1653 τίθεσις
990 1592 1061 1642 inter
1089 1594 1221 1644 Tantalon
1249 1595 1387 1659 impium,

294 1672 381 1720 strues
399 1680 460 1717 curn
477 1667 614 1730 participio
628 1666 732 1714 Vocatus
744 1667 819 1727 (nvo-
853 1663 1014 1728 iooupIetem
1030 1679 1063 1715 oc
1084 1670 1237 1730 potentem,
1263 1672 1294 1718 et
1315 1685 1389 1732 pon-

295 1745 382 1802 oetus,
401 1745 430 1791 ut
446 1740 540 1803 levet-t
558 1752 639 1803 quam
657 1740 818 1789 tenore-n
850 1752 950 1800 perenn,
984 1740 1163 1790 innocentem.
1211 1743 1289 1804 (Huic
1321 1757 1390 1794 suc·

295 1817 374 1866 audit.
395 1814 506 1878 (Lemo.)
527 1841 554 1850 -
571 1813 819 1876 [rmotnm-iobon'-
854 1815 937 1863 ourrit
959 1827 1045 1875 mors,
1075 1813 1147 1865 ilium
1170 1815 1258 1866 redire
1283 1816 1387 1868 tmsoa

295 1890 346 1953 bnt]
365 1889 504 1954 Euripides
521 1890 548 1939 in
562 1887 728 1950 Cresphonte
746 1887 818 1952 opud
855 1889 1007 1949 cupientem
1030 1891 1146 1940 oeternis
1174 1889 1287 1940 vinculis
1318 1893 1387 1940 reti-

295 1966 349 2015 Cio.
369 1965 446 2013 Tusc.
466 1965 494 2023 t,
514 1962 560 2022 i8,
581 1962 640 2010 tto:
663 1962 706 2021 qni
722 1962 820 2011 labores
854 1965 901 2010 net
917 1973 949 2010 oo
965 1963 1058 2024 punit.)
1083 1963 1195 2014 «Aliodit
1209 1965 1339 2015 Horatius
1351 1964 1387 2014 nd

294 2043 374 2088 morte
380 2039 579 2102 finissetpraoes.
590 2061 616 2072 —
631 2038 738 2086 Vocatus
744 2041 820 2096 atque
855 2035 1022 2085 notissimam
1040 2035 1163 2087 tabellam
1180 2038 1214 2086 (ie
1231 2051 1300 2087 sone
1313 2041 1389 2089 Mor-

295 2114 465 2176 nonoooatto]
483 2109 559 2175 Apud
576 2109 695 2172 Thucyd.
713 2112 742 2170 t,
760 2111 817 2159 tte.
856 2114 911 2161 tem
928 2114 1082 2171 invocante,
1101 2112 1191 2163 utsibi
1203 2126 1272 2162 onus
1285 2112 1388 2164 levet.-

295 2182 383 2248 αὐτὸς
409 2185 516 2250 (Apollo)
536 2178 595 2249 ἔφη
617 2179 820 2250 ξυλλήψεσθω
857 2186 938 2235 iinon.
957 2184 1078 2236 fabellae
1096 2189 1185 2236 tamen
1202 2187 1287 2250 ipsius
1300 2191 1390 2238 noso-

296 2262 344 2312 καὶ
355 2257 612 2325 παρακαλούμενος
625 2259 675 2310 καὶ
683 2253 818 2324 ἄκλητος.
856 2261 917 2323 piae
942 2260 989 2310 Ed.
1017 2262 1079 2310 Cor.
1106 2262 1147 2310 20.
1174 2274 1200 2324 p.
1220 2261 1260 2311 te.
1286 2275 1389 2312 sensus

298 2363 325 2371 -
338 2334 418 2397 ondit]
435 2334 544 2396 Proprie
555 2333 659 2383 exaudit
670 2345 733 2383 eum
745 2333 822 2383 dum·
855 2333 935 2397 plone
953 2337 994 2384 est
1010 2334 1142 2386 diversus.
