2934 4884
446 367 505 418 ΗΒ.
525 367 566 418 lit.
603 369 632 418 C.
650 368 750 418 illitu.

261 521 388 587 Terruit
410 540 562 587 mannos:
587 542 648 608 ego
671 524 722 588 cui
746 522 866 590 timebo

384 641 543 708 Providus
565 663 703 730 auspex,

261 801 439 886 Antequam
462 811 583 868 stantes
607 813 732 889 repetat
753 802 889 890 paludes

260 921 412 988 imbrium
434 920 543 987 divina
565 923 634 988 avis
657 923 892 1000 imminentum,

259 1041 413 1108 Oscinem
435 1062 568 1109 corvum
589 1063 687 1130 prece
710 1045 873 1112 suscitabo

384 1162 468 1230 Solis
491 1163 531 1231 ab
553 1175 635 1232 ortu.

155 1333 177 1382 7.
197 1346 243 1382 eur
260 1333 348 1382 tincto
365 1335 398 1392 T,
417 1335 478 1396 quid
494 1335 582 1385 timebo
600 1335 668 1396 bS,C
682 1347 745 1386 cum
763 1337 900 1401 interrog,
918 1339 962 1388 cui
976 1339 1065 1389 timebo
1082 1351 1145 1390 eum

125 1407 247 1470 interrog.
262 1408 290 1456 L.
306 1407 344 1468 (ut
354 1420 416 1465 nos,
430 1409 475 1468 Bc,
489 1407 579 1459 Bland.
594 1410 686 1474 antiq,
705 1412 772 1460 Pott.
787 1412 923 1476 quinque.)
938 1441 964 1449 —
979 1413 1002 1463 9.
1015 1413 1104 1464 moro
1114 1415 1143 1462 u.

93 1547 206 1594 ceretur.
242 1545 282 1596 ild
304 1557 383 1594 usum
402 1559 426 1594 v.
445 1553 549 1609 runrpot
566 1547 613 1598 cir.
652 1549 807 1600 etaemus
817 1550 1004 1613 eorumque
1018 1565 1117 1616 pragu,
1135 1551 1178 1602 ubi

92 1619 180 1669 Lucilii
197 1615 252 1669 iub.
265 1622 342 1670 Aeta.
360 1619 421 1671 37t:
443 1621 527 1672 Cosso
541 1622 613 1683 mist,
652 1635 749 1684 aquom
765 1625 884 1675 obrimus·
900 1631 923 1676 st
938 1626 1028 1676 meres
1043 1628 1145 1678 Possm
1155 1631 1178 1677 ot

91 1709 153 1755 quoe
172 1701 276 1758 norrpot
297 1697 345 1746 iter
363 1702 486 1760 cogatque
506 1699 612 1747 naorrtra'¹
651 1698 778 1747 interm
807 1704 894 1749 emtor
923 1713 1051 1763 amorque
1074 1714 1176 1750 socors.

93 1769 260 1834 (Simpliciter
287 1783 381 1822 secura
409 1772 493 1832 uam,
522 1773 615 1822 dureb-
651 1772 722 1833 virg.
736 1773 783 1822 Ge.
798 1773 826 1834 l,
845 1773 908 1824 388:
926 1775 989 1824 lom
1002 1775 1178 1837 eomixptooo

91 1845 232 1903 moden,
245 1857 299 1895 nou
311 1845 451 1908 siguilioat,
464 1848 494 1896 ut
505 1846 614 1910 crudam
647 1845 764 1906 pluuium
780 1853 854 1897 vocat
869 1849 985 1910 improbo
1000 1863 1060 1900 coos
1075 1851 1108 1900 lit
1123 1851 1178 1900 soto

92 1931 176 1983 nuper
192 1920 267 1968 ratus
285 1919 345 1980 est.)
651 1920 677 1968 in
699 1920 767 1969 steca
787 1933 870 1971 secun
890 1923 1018 1984 spatietur
1038 1937 1126 1974 mano.
1147 1951 1175 1960 -

121 1993 144 2042 6.
170 1993 262 2042 omitia
281 1994 396 2059 scottae]
420 1996 488 2045 Cum
511 1993 613 2057 iulgure
650 1995 689 2044 De
708 2007 789 2044 oorro
801 1995 909 2045 ridetur
924 1997 1096 2060 interpretari
1107 1999 1178 2059 lley-

92 2065 240 2116 stellionem
264 2068 428 2133 compararit
449 2069 549 2118 Dantes
569 2069 615 2118 ln·
650 2067 710 2118 nius
726 2067 762 2118 ad
778 2068 849 2131 Virg,
868 2071 914 2118 Ge.
935 2071 962 2132 l,
981 2071 1049 2131 382,
1068 2071 1118 2122 sed
1129 2071 1177 2121 mi-

92 2141 223 2190 temous:
252 2140 325 2190 Come
341 2141 360 2190 il
375 2155 495 2192 rarumro
509 2146 572 2192 sotto
588 2143 615 2192 lo
650 2153 701 2192 uus
722 2142 794 2206 apto.
815 2169 843 2179 -
863 2143 990 2194 Ceterum
1011 2147 1075 2195 nota
1091 2143 1177 2208 negli-

89 2229 156 2279 prou
179 2217 249 2278 farsa
273 2217 318 2265 lls’
344 2215 371 2265 ut
396 2216 528 2266 coneum
551 2229 615 2266 con·
651 2216 800 2278 gentionem
825 2215 963 2268 elisionem
980 2219 1008 2268 iu
1024 2231 1067 2267 vv.
1086 2220 1175 2268 omino

89 2289 181 2352 amuda
198 2290 264 2351 steps
279 2289 385 2353 Folgors
398 2303 461 2352 por,
488 2303 514 2340 ss
529 2291 556 2340 to
571 2291 615 2340 viu
650 2292 712 2339 ocis.

93 2369 242 2413 maccam.
684 2366 724 2414 lt.
751 2364 791 2414 li.
823 2363 923 2415 orciuos
946 2377 1010 2416 aves
1036 2365 1174 2426 dicuntur,

121 2439 144 2486 7.
163 2437 283 2502 moseos]
304 2438 426 2499 rhinnos,
446 2437 612 2500 burdones»,
651 2451 720 2502 quae
748 2439 889 2501 augurium
915 2451 1000 2500 voce,
1025 2445 1174 2502 praepetes,

89 2524 137 2560 vox
154 2509 268 2572 Gallica,
286 2513 317 2560 ut
326 2511 417 2574 ritorto,
434 2513 535 2573 naum,
553 2523 616 2562 esse-
650 2525 718 2576 quaa
735 2511 824 2562 volatu
847 2513 953 2563 iaciunt.
973 2513 1028 2564 Cio.
1046 2514 1081 2564 ad
1100 2514 1174 2564 Fam.

88 2586 153 2634 mnu.
181 2585 244 2646 (Cir.
262 2584 427 2637 Dielenbacb
446 2586 504 2637 Coit.
524 2586 613 2648 isto.)
650 2586 678 2647 6,
697 2586 724 2647 6,
744 2586 774 2635 t:
798 2587 1177 2638 Noueeoututioistrootcs'·

87 2657 133 2708 lilii
152 2659 242 2710 minus
262 2661 337 2710 recta
353 2660 455 2711 habent
470 2672 520 2724 pro
533 2674 615 2724 equo
648 2659 699 2722 rtis,
725 2664 754 2710 ut
774 2660 802 2709 ts
818 2666 906 2711 neura
921 2662 1118 2724 mamert,
1137 2689 1177 2702 --

88 2746 147 2783 rum
164 2744 281 2796 genere,
313 2733 406 2796 Zeitar,
428 2735 562 2796 bequorts.
584 2763 611 2770 -
649 2733 693 2783 tibi
709 2747 833 2798 auguror.
861 2765 887 2771 -
907 2737 972 2786 Solis
988 2736 1020 2786 ab
1035 2737 1102 2801 ortu]
1120 2736 1176 2786 «Ab

87 2809 127 2856 esti
143 2806 247 2872 timebo]
274 2807 370 2858 «cuius
387 2807 465 2858 saluti
486 2806 613 2858 timebo.»
650 2809 711 2858 ortu
740 2806 804 2860 solis
834 2811 907 2859 corvi
932 2812 1022 2862 omina
1046 2823 1176 2875 prospera

87 2881 190 2932 Eadem
212 2883 312 2932 constr.
339 2881 412 2932 Ovid.
435 2883 494 2932 Am.
511 2883 540 2942 Ξ,
566 2884 611 2944 ll,
650 2884 725 2944 sunt,
747 2883 782 2934 ab
798 2897 897 2935 occasu
913 2885 1054 2936 adversa.»
1082 2888 1175 2936 scaci,

87 2955 116 3005 9:
146 2955 495 3018 Quiritibt,mcmiseraoul
522 2957 615 3018 zepue-
650 2955 704 3006 Liv.
727 2958 771 3018 to,
796 2958 841 3008 to:
869 2959 932 3008 Auta
957 2960 1082 3010 consulem
1109 2961 1178 3024 (Pe-

86 3030 272 3090 memorem
287 3029 393 3080 liureio?
422 3031 494 3094 uligo
512 3032 612 3092 amico,
649 3031 756 3095 pirium)
785 3032 847 3082 bose
868 3033 988 3083 diemo
1008 3047 1098 3085 corum
1118 3048 1178 3085 coes

87 3116 137 3166 pro
155 3116 211 3167 quo
230 3102 343 3164 timebo,
361 3105 503 3168 providum
521 3102 615 3156 sollici·
650 3105 724 3154 etoro
740 3105 862 3167 metrum
896 3120 946 3168 quo
968 3109 1049 3158 tostus
1067 3110 1178 3173 sagmio

86 3178 200 3240 tumque
225 3177 315 3228 avium
339 3175 443 3228 volatus
468 3181 494 3228 et
520 3179 614 3229 cantus
650 3178 737 3229 cocat
752 3179 886 3242 ommacio
909 3194 1040 3242 umquem
1061 3183 1178 3233 bunonis

86 3251 293 3302 observatorem
322 3264 419 3314 agens,
449 3251 483 3302 ab
512 3253 614 3303 oriente
649 3253 724 3304 robur
754 3254 838 3317 magis
865 3261 1009 3316 praem
1035 3256 1176 3318 totamm

85 3325 214 3390 precibus
237 3325 305 3376 meis
326 3325 476 3388 suscitabo,
506 3326 534 3377 ld
558 3329 612 3387 est,
650 3329 720 3388 deos,
739 3329 813 3392 spuo
828 3341 919 3379 coum
935 3334 959 3379 st
974 3329 1109 3378 moran
1124 3330 1177 3379 tottt

86 3401 119 3452 ad
138 3400 257 3451 lausaim
274 3403 383 3452 cautum
400 3400 539 3452 advocabo
556 3414 616 3452 cor·
650 3403 728 3452 iussit.
764 3401 849 3451 Varro
867 3404 895 3451 L.
917 3403 945 3452 L.
965 3402 993 3461 7,
1020 3402 1044 3451 7.
1071 3402 1174 3466 p..tt9.

86 3489 151 3526 ium
169 3475 292 3525 oscinem
302 3487 370 3526 voce
381 3488 430 3527 sua
441 3475 510 3526 laeta
523 3476 615 3540 auspi·
651 3475 750 3528 lluall.:
769 3476 882 3536 Goeleon,
906 3489 958 3537 otro
973 3476 1110 3536 ottuanor,
1136 3476 1178 3524 ut-

86 3553 125 3602 cia
143 3548 344 3614 praebiturum,
366 3551 512 3613 antequam
528 3550 615 3600 iniau-
651 3556 718 3602 etum
744 3562 871 3600 rursus.
900 3551 963 3600 Eira
985 3550 1069 3611 tempti
1089 3554 1179 3612 portes

86 3629 159 3676 stum
171 3621 237 3676 illud
248 3634 329 3673 omen
337 3623 451 3675 fortasse
464 3624 572 3686 incidat,
585 3627 615 3675 ut
652 3625 907 3688 quesanctorum,
919 3625 1023 3675 &abac
1032 3623 1065 3673 ab
1073 3624 1176 3685 omenta,

86 3697 195 3756 cornix,
214 3709 284 3760 quae
301 3695 403 3748 imbres
415 3698 515 3749 divinat
526 3699 615 3763 (prae-
651 3701 745 3750 semro
765 3697 797 3748 ab
818 3712 921 3761 occasu,
947 3700 1035 3749 aalma
1050 3698 1085 3748 ott
1099 3699 1178 3748 πιαί-
1226 3756 1228 3761 ,

86 3771 184 3835 sagit),
207 3783 240 3820 ex
257 3769 323 3821 locis
340 3771 497 3823 editioribus
513 3773 548 3823 ad
565 3786 614 3838 pa·
651 3775 731 3835 ἀίοηι,
746 3774 1099 3836 posticooosepteutrtonem.
1113 3773 1178 3833 «Qui

84 3845 164 3896 ludes
194 3845 347 3906 stagnantes
377 3847 538 3897 revertatur.
573 3847 615 3897 Sic
651 3849 795 3911 augurium
811 3848 928 3911 agebant
944 3849 1015 3913 apud
1032 3849 1176 3906 Romanos,

85 3932 137 3982 ego
155 3917 204 3968 tibi
221 3918 321 3982 optima
338 3932 462 3984 quaeque
480 3921 568 3972 omina
582 3934 615 3971 er
651 3922 685 3972 ad
715 3922 858 3973 meridiem
885 3922 1059 3987 spectabant,
1088 3921 1123 3970 ita
1148 3923 1179 3972 ut

85 3993 169 4045 animi
186 3992 318 4042 sententia
336 3993 424 4056 opto.»
651 3996 759 4046 sinistra
776 4009 840 4060 pars
851 3996 968 4046 essetab
979 3997 1096 4056 oriente,
1114 3995 1179 4045 dex-

118 4068 160 4117 to.
181 4067 269 4118 &vinc
285 4066 347 4129 ovis]
367 4067 471 4119 Lucret.
486 4070 514 4130 s,
535 4069 611 4119 toas:
652 4074 692 4121 tra
711 4069 746 4120 ab
765 4082 871 4120 occasu.
891 4069 984 4119 Graeci
996 4070 1101 4128 contra;
1114 4069 1177 4119 inde

86 4144 117 4192 st
131 4143 231 4204 purtim
246 4146 345 4192 mutuat
362 4155 419 4192 marr
434 4142 615 4205 toupcstotibus
651 4143 726 4195 laeva
738 4145 862 4195 Romanis
875 4143 972 4203 leticia,
991 4145 1099 4194 Graecis
1110 4143 1178 4194 der·

55 4233 58 4240 Δ
84 4230 139 4267 uno
159 4217 313 4267 Rouoisonos
328 4221 416 4268 couno
437 4218 615 4270 coutumac-
652 4221 718 4268 tra.»
738 4219 833 4270 Bornr.
