2934 4884
527 327 586 376 itit.
604 326 623 373 l.
660 327 689 374 C.
707 325 770 375 xix.

468 555 844 618 cmm

387 725 487 791 linter
508 745 607 791 saeva
630 724 823 812 Cupidinum
899 819 902 826 .

305 845 540 933 Thebanaeque
563 845 652 914 iubet
673 867 726 914 me
749 843 893 912 Semeles
915 867 996 932 puer

387 968 425 1033 Et
445 966 566 1034 lasciva
586 969 728 1035 Licentia

303 1089 413 1155 Finitis
434 1090 575 1155 animum
597 1089 735 1156 reddere
757 1089 930 1159 amoribus.

173 1242 240 1292 m.
276 1242 358 1291 inser.
381 1237 450 1303 vola.
485 1241 525 1290 De
545 1239 659 1301 Glycera.
681 1266 708 1276 -
726 1239 764 1289 Ad
781 1254 890 1302 patmum
912 1255 985 1292 maen
1006 1244 1035 1290 de
1055 1242 1160 1304 thcea

140 1318 187 1366 RS.
209 1343 238 1351 -
255 1315 416 1377 samem
430 1329 504 1364 men
519 1316 550 1364 de
565 1315 679 1365 Glienae
694 1327 781 1364 auore
798 1315 825 1364 T.
847 1341 874 1350 -
893 1315 916 1364 i.
936 1315 1019 1366 iubent
1040 1317 1158 1380 quinque

142 1390 270 1453 cruquii‚
288 1390 323 1450 li,
343 1387 426 1454 γαμ.
445 1388 522 1453 (iubet
537 1389 620 1439 ceteri
636 1389 718 1438 nostri
736 1391 763 1438 et
779 1387 845 1454 βω.)
856 1417 883 1426 -
894 1389 1076 1452 SemetaabSc,
1096 1393 1159 1442 item

139 1483 157 1532 γ
172 1468 244 1514 teste
262 1464 369 1514 Kircbn.
388 1465 417 1514 N.
437 1463 468 1524 Q.
487 1463 517 1514 ll.
536 1476 563 1528 p.
582 1463 634 1524 36„
653 1463 705 1514 Ltl.
719 1463 823 1527 (Soada
833 1464 890 1528 Td.)
905 1493 932 1502 -
945 1465 969 1516 3.
983 1465 1094 1516 libentia
1105 1480 1160 1518 ma·

138 1539 213 1590 lebat
224 1537 311 1588 lientl.

137 1661 205 1710 m.
232 1660 333 1709 Finitus
349 1658 635 1710 eamcrederetsruo-
671 1661 784 1721 φωνίαν
804 1663 866 1725 post
888 1661 1013 1712 Thebanae
1037 1664 1192 1726 praeteren-

109 1748 160 1794 τες,
175 1747 273 1784 amore
285 1732 414 1796 Glycerae
426 1733 515 1784 denuo
526 1735 635 1798 captum
671 1735 737 1784 dum
762 1735 917 1796 videbatur,
944 1739 994 1788 etsi
1016 1738 1098 1788 Codd.
1126 1753 1192 1790 con-

108 1821 136 1858 se
150 1807 306 1872 profitetur.
334 1808 635 1871 compositumvidetur
672 1822 768 1860 sensus
785 1811 855 1861 iavet
874 1811 974 1862 turmae
992 1813 1109 1863 Semelae.
1140 1817 1191 1864 Ea-

109 1883 158 1933 boc
175 1895 332 1932 carmena.
351 1883 399 1932 729
415 1881 458 1932 rel
478 1881 535 1933 tta.
671 1884 734 1934 dem
752 1887 933 1936 controversia
951 1890 993 1936 est
1009 1888 1080 1952 apud
1097 1887 1189 1940 Tibull.

139 1958 196 2007 t-s.
232 1957 320 2020 meaa]
338 1958 513 2022 «imperiosa,
532 1960 635 2008 crune-
671 1958 696 2020 3,
718 1958 743 2018 4,
767 1959 811 2010 ii:
836 1962 920 2010 Proles
944 1963 1048 2012 Sensus
1072 1965 1189 2014 amcam.

109 2046 150 2082 mo
178 2032 311 2080 resistere
341 2032 466 2095 potest;»
499 2045 634 2082 summm
671 2033 723 2084 Cir.
743 2034 862 2084 Oudeud.
881 2036 915 2085 ad
932 2036 1007 2100 Apul.
1026 2039 1088 2089 liet.
1107 2051 1132 2101 p.
1149 2039 1189 2088 st.

109 2109 179 2156 enim
196 2103 354 2156 violentiam
371 2107 398 2155 in
414 2107 528 2156 misem
540 2119 634 2156 aman·
670 2110 700 2158 Α,
731 2109 862 2170 (Semelen
880 2113 908 2159 et
923 2111 1058 2160 Bacchum
1076 2113 1144 2162 inter
1161 2127 1190 2162 sa

106 2181 279 2230 tesencrcet.
309 2181 385 2230 Hunc
402 2178 564 2231 versiculum
581 2183 634 2232 hoc
670 2181 853 2244 colloquentes
875 2197 901 2232 v.
924 2186 991 2234 Mon.
1015 2186 1069 2234 deit
1086 2189 1144 2236 last.
1165 2189 1188 2238 4.

108 2256 196 2318 msam
217 2268 332 2305 carmen
354 2255 551 2318 significaturus
567 2267 634 2306 con·
670 2255 710 2304 56.
729 2256 769 2317 A.)
798 2257 920 2306 Bacchus
937 2261 1027 2308 autem
1044 2273 1126 2323 saepe
1137 2263 1191 2310 Ve-

109 2329 176 2378 sulto
195 2330 307 2392 repetiit
322 2329 370 2379 od.
389 2329 414 2389 4,
428 2331 489 2390 aa.
509 2357 538 2366 -
556 2331 633 2392 Cispi-
670 2330 742 2380 neris
760 2334 788 2380 et
803 2333 907 2381 timoris
924 2346 1016 2382 comes
1034 2348 1065 2384 ac
1083 2335 1189 2386 sodalis.

108 2405 202 2468 deun]
226 2406 402 2455 {recentiores
424 2407 533 2469 posiae,
557 2417 633 2454 amo
669 2407 765 2454 Anacr.
789 2407 892 2468 Tragm.
912 2409 936 2456 T.
955 2409 1047 2470 Bergk.
1067 2409 1100 2458 ad
1124 2411 1191 2460 Bac-

105 2491 165 2528 ram
180 2480 343 2528 varietatem
359 2480 543 2542 respicientes,
562 2479 633 2529 mul-
669 2478 768 2529 chum:
795 2472 885 2544 ὦναξ,
908 2471 931 2548 ᾦ
954 2479 1085 2549 δαμάλης
1095 2477 1189 2554 ’Ἔρως

106 2555 145 2601 tos
174 2553 324 2616 Cupidines
350 2554 463 2603 Veneris
496 2555 632 2604 comitatui
668 2582 684 2591 -
700 2583 716 2594 -
733 2558 882 2626 πορφυρέη
903 2559 926 2606 τ’
947 2551 1096 2628 Ἀφροδίτη
1113 2573 1189 2625 συμ-

105 2626 265 2690 adiungunt.
301 2627 355 2678 Cir.
381 2629 446 2677 stat.
472 2627 533 2678 silv.
558 2630 582 2690 4,
605 2630 629 2689 2,
669 2631 828 2692 παίζουσιν.
847 2633 955 2682 Rufinus
973 2635 998 2682 in
1017 2633 1187 2686 AnthelPal.

106 2700 150 2748 st:
167 2702 216 2751 Hic
229 2715 299 2763 puer
313 2715 328 2750 e
343 2701 419 2751 trabe
433 2703 573 2765 columma,
592 2705 633 2752 cai
668 2705 687 2753 l.
701 2717 727 2768 p.
743 2706 798 2754 tos.
828 2705 963 2758 Bacchum
973 2701 1103 2779 Ἔρωτος
1119 2707 1190 2776 βοη-

103 2774 633 2839 piuienasipnisiiremaeaqaeteuiaan-
668 2775 725 2829 dds
742 2783 828 2830 vocat.
851 2808 878 2818 -
896 2783 1015 2846 inentia]
1040 2785 1087 2834 Est
1097 2777 1189 2855 Ὕβρις

106 2863 183 2909 quam
205 2851 334 2913 frumeta
353 2853 454 2915 repieta
493 2851 628 2902 claudian.
668 2855 726 2904 dea.
752 2855 806 2905 Cic.
830 2855 864 2905 da
887 2855 964 2919 Legg.
983 2859 1007 2918 T,
1028 2859 1066 2908 47.
1091 2873 1189 2930 τροπι-

108 2924 141 2973 de
158 2927 241 2988 Napi.
259 2925 327 2974 Hau.
346 2927 391 2975 ¹12:
409 2927 478 2976 ititie
491 2928 632 2989 pharetrati
667 2928 738 2992 neg:
759 2931 781 2994 (a
799 2931 897 2992 Clodio)
915 2933 941 2980 ia
957 2946 1069 2982 umorum
1085 2937 1190 2986 Larium

107 3000 232 3048 induatis
249 3001 366 3062 marpitre
374 3001 477 3063 fratres,
490 3003 630 3064 crepare,
666 3005 762 3054 redibas
778 3007 967 3069 eraedifleatam
978 3009 1095 3069 temptam
1105 3011 1190 3060 liam

107 3075 196 3122 maiia
211 3073 629 3137 metamaucensem.
666 3081 724 3129 tiae.
760 3081 816 3128 Non
838 3082 926 3129 omisit
947 3095 1007 3132 eam
1028 3084 1053 3132 in
1076 3084 1188 3135 Veneris

108 3148 156 3196 lios
169 3147 305 3208 Nfflnpltae
321 3149 441 3211 pariam,
464 3151 535 3200 iitren
553 3153 632 3201 Venas
668 3155 794 3203 eondtatu
811 3153 971 3205 Claudianus
988 3155 1004 3205 l.
1023 3155 1040 3206 l.
1060 3158 1103 3206 78:
1122 3161 1190 3208 natta

108 3222 384 3271 meministine.
400 3223 520 3275 Philostr.
531 3227 628 3289 lmagg.
667 3230 803 3280 emanata
827 3229 936 3278 Licentia
955 3231 1027 3279 uodo.
1071 3231 1188 3294 [Bentleii

109 3297 131 3355 l,
149 3298 177 3346 s:
202 3297 231 3346 εἰ
245 3294 278 3346 δὲ
295 3293 407 3361 πλῆθος
419 3292 566 3371 Ἐρώτων,
587 3297 630 3366 μὴ
668 3304 783 3368 suspicio
800 3301 912 3351 bibentia
929 3305 1027 3352 nemini
1047 3318 1076 3353 se
1100 3307 1188 3356 adhuc

108 3368 275 3442 θωμάσῃς·
303 3369 500 3445 Νυμφῶνγᾶρ
515 3373 551 3441 δὴ
569 3382 632 3427 παϊ-
667 3377 805 3443 probavitt
824 3379 851 3426 et
867 3379 971 3426 merito.
985 3376 1067 3426 Plauti
1080 3382 1150 3428 enim
1162 3383 1190 3430 et

108 3437 248 3509 δεςοῦιοι
257 3447 412 3512 γίγνονται.
439 3450 632 3502 Venusaduo-
668 3451 740 3502 Gellii
752 3450 811 3512 loci,
830 3465 897 3514 quos
915 3451 1004 3511 affert,
1027 3453 1090 3501 satis
1112 3465 1190 3504 mon-

109 3520 158 3571 bns
168 3521 348 3586 Cupidinibus
364 3525 631 3587 peraeremsublata
667 3530 753 3577 strant
785 3525 855 3589 apud
884 3526 1022 3574 Horatium
1049 3529 1189 3591 antiquiori

110 3597 185 3646 estin
192 3595 392 3658 elegantissimo
402 3610 467 3647 vase
477 3601 549 3662 picto
560 3603 631 3665 apud
668 3603 729 3652 huic
746 3599 877 3650 vocabulo
894 3599 982 3648 locum
1000 3611 1051 3649 non
1069 3605 1149 3667 esse.)

108 3669 238 3733 aitingen
262 3672 332 3721 Noa.
355 3673 374 3721 l.
398 3673 427 3722 T.
449 3673 488 3723 43.
512 3701 539 3710 -
556 3677 630 3741 iudet]
700 3677 723 3726 4.
744 3676 840 3738 Finitis]
858 3676 926 3724 Satis
944 3676 1046 3736 iocose,
1067 3691 1129 3728 cum
1146 3681 1188 3728 iu-

107 3747 134 3795 ln
149 3747 221 3796 meis
239 3745 324 3796 Codd.
343 3749 386 3797 est
402 3747 495 3810 singul.
513 3753 633 3816 necplu-
667 3752 743 3800 venis
767 3751 911 3800 etiamtunc
929 3751 1014 3810 esset,
1038 3752 1135 3812 semel,
1161 3759 1189 3803 ut

107 3820 189 3870 ratem
208 3834 242 3870 ea
260 3823 315 3872 suis
331 3825 465 3873 memorat
481 3826 628 3878 Pettierius.
668 3826 717 3885 ait,
754 3823 804 3874 sibi
832 3827 1009 3888 proposuerat
1035 3829 1188 3878 renuntiare

108 3895 154 3945 ·1·:t
162 3896 239 3944 amat
247 3896 374 3946 Horatius
385 3897 412 3946 in
423 3899 554 3949 eiusmodi
569 3914 632 3952 con-
667 3899 765 3958 amori,
790 3899 816 3948 in
836 3911 916 3962 quern
940 3902 1028 3949 statim
1050 3900 1186 3953 relabitur.

107 3970 253 4020 structione
282 3968 444 4032 singularem
476 3985 628 4024 numerum.
667 3970 776 4022 Alcman
799 3974 839 4023 Tr.
862 3975 902 4024 tu.
925 3975 1022 4037 Bergk:
1045 3970 1131 4046 Ἔρος
1151 3990 1189 4040 με

107 4043 170 4092 Vide
195 4043 232 4093 ad
258 4044 287 4094 C.
311 4046 336 4105 4,
357 4044 400 4104 Ti,
423 4046 464 4095 8.»
488 4049 579 4097 Basra.
600 4076 627 4085 -
666 4039 752 4098 δαῦτε
786 4044 928 4120 Κύπριδος
963 4041 1041 4102 ἕκατι
1079 4047 1189 4114 Γλυκύς

108 4117 210 4168 Semeles
226 4121 255 4168 et
270 4122 382 4183 propter
396 4121 496 4171 Horatii
511 4123 629 4172 usumin
666 4121 807 4184 κατείβων
829 4122 947 4196 καρδίαν
970 4128 1060 4177 ἰαίνει.
1090 4153 1115 4161 -
1135 4128 1190 4176 ani

108 4192 271 4244 oratinibus
293 4191 387 4258 lyricis
410 4199 436 4246 et
454 4199 565 4261 propter
581 4193 629 4248 eel-
665 4212 735 4249 maen
755 4201 866 4266 reddere]
890 4201 993 4252 «denuo
1019 4200 1118 4250 dedere
1144 4215 1187 4252 me
