2934 4884
502 349 562 403 tm.
580 353 600 402 1.
636 353 737 404 exn.
1148 353 1183 420 84

320 511 444 577 Crescit
464 508 590 577 mmm
610 509 699 578 velut
719 507 818 578 arbor
839 531 920 578 aero
1147 515 1188 578 tt

321 635 420 698 Fama
441 629 597 711 Mareelli3
618 631 715 698 micat
735 633 819 700 inter
840 651 953 700 omnes

321 752 437 818 lulium
458 753 549 819 sidus
569 751 658 821 velut
678 753 763 820 inter
783 754 874 842 ignes

170 895 215 948 iti.
233 896 314 946 omnia
329 895 357 944 ll.
379 921 407 930 -
426 894 466 945 l'l.
485 895 576 946 Μόνη
591 894 668 960 rideo]
684 897 811 946 octoviani
827 899 937 947 commta
953 911 1033 964 supra
1048 913 1155 952 veranrn

134 969 175 1021 ab
193 971 256 1021 ead.
274 983 311 1020 m.
329 970 358 1019 T.
378 997 406 1005 -
424 969 494 1035 ὅρια
509 981 643 1035 auperecr.
661 972 672 1019 i
688 971 718 1031 lt,
736 971 802 1035 ipnlr
818 971 845 1020 T.

102 1091 217 1151 Quodsi,
231 1093 262 1141 nt
269 1090 383 1142 libenter
390 1090 511 1143 concedo
521 1091 632 1142 Franlio
669 1105 738 1155 quoa
756 1094 818 1142 tuno
836 1092 979 1144 eminebat.
1014 1097 1052 1147 De
1073 1099 1190 1162 Augusto

102 1171 131 1216 et
153 1165 298 1226 Ltiblero,
323 1166 374 1216 boo
396 1179 506 1216 carmen
527 1167 633 1217 circiter
668 1164 1110 1232 eolointerpretatuaeetounens3
1129 1187 1191 1224 eon·

101 1255 126 1290 a.
145 1242 209 1290 729.
228 1241 407 1304 oompositum
419 1244 469 1303 eet,
487 1242 554 1291 baec
565 1242 634 1292 llar-
668 1243 708 1289 tre
726 1239 761 1290 de
779 1244 833 1290 tota
850 1245 928 1304 gente
945 1242 1008 1292 lulla
1020 1245 1133 1297 Lilblrer.
1152 1249 1190 1298 lie

101 1315 163 1366 oelli
183 1316 269 1366 etiam
284 1317 392 1366 iunioris
412 1329 465 1366 non
482 1316 571 1367 deam
587 1329 633 1366 re·
668 1312 744 1364 stalla
761 1315 866 1377 crinita,
891 1329 960 1379 qliae
977 1323 1069 1371 noctes
1086 1325 1191 1386 septem

101 1391 241 1450 cordatio,
268 1403 363 1441 verum
384 1393 472 1455 potios
496 1392 575 1442 tacita
600 1403 631 1440 ae
668 1391 730 1452 poet
747 1389 1080 1454 Caesarleoaedemlulsit,
1100 1409 1192 1458 quam-

102 1466 231 1515 modesta
242 1465 407 1528 significatio,
420 1467 556 1530 aptissime
565 1467 630 1526 erat,
669 1476 722 1526 que
741 1463 861 1514 Caesaris
873 1466 989 1516 animam
1001 1465 1081 1518 irnsse
1093 1471 1119 1520 in
1132 1485 1192 1521 cae-

101 1544 165 1604 post
183 1539 375 1590 adolescentuli
391 1554 457 1590 vero
468 1543 583 1591 mortem
593 1543 633 1591 elo
668 1537 724 1588 lum
736 1537 885 1588 evolantem
901 1539 1023 1592 ferebant
1041 1541 1122 1605 (iocus
1139 1546 1192 1610 pri-

101 1617 161 1665 eine
180 1613 236 1664 nlla
255 1627 364 1678 prorsus
380 1617 489 1678 Augusti
510 1613 633 1666 oomola·
669 1613 769 1663 mariue
792 1615 834 1664 eet
855 1612 918 1664 Plln.
943 1615 975 1665 ll.
999 1617 1029 1666 N.
1049 1619 1073 1668 i.
1092 1621 1118 1668 S.
1137 1621 1190 1680 aa,

100 1691 176 1739 bone
205 1689 296 1738 addita
323 1690 400 1740 nimia
423 1689 516 1753 nigida
539 1689 634 1740 inisset
669 1690 726 1737 mm
746 1688 839 1738 Festus
864 1689 890 1739 in
907 1690 992 1740 sallo.
1028 1693 1135 1745 Servius
1158 1695 1192 1746 ad

101 1764 289 1827 elnegligens.
308 1762 634 1831 Acloytavautemqnan-
668 1763 734 1812 Aen.
762 1762 787 1822 6,
814 1763 871 1812 790.
911 1765 982 1829 virg.
1009 1765 1063 1818 Ecl.
1091 1769 1115 1830 9,
1143 1769 1190 1820 ll:

100 1839 185 1899 dam,
213 1840 266 1888 etsi
290 1839 334 1889 odi
356 1841 540 1892 Baxterianam
562 1841 633 1890 hane
667 1838 732 1886 liaeo
772 1837 880 1888 Dionaei
917 1843 1038 1901 prooessit
1078 1842 1194 1895 cnam

100 1915 237 1978 liguram,
264 1915 291 1964 in
312 1927 356 1965 vv.
378 1919 407 1965 et
421 1915 504 1965 Fam
518 1917 633 1967 Marcelli
668 1911 797 1974 ostrum),
820 1925 863 1961 vv.
882 1927 965 1964 ornnes
986 1918 1013 1965 et
1037 1916 1102 1966 inter
1125 1920 1194 1982 ipim

101 1995 128 2039 et
143 1989 244 2040 luitura
266 1990 333 2039 rideo
353 2002 531 2053 agnoscamus
546 2003 631 2056 prope
668 1987 742 2036 imo
762 1988 871 2038 minores
892 2002 941 2040 nos
963 1991 1129 2055 interpretari
1149 1996 1192 2046 vix

100 2077 222 2114 necesse
241 2067 290 2113 est.
317 2065 432 2128 Dempta
443 2065 521 2128 igitur
537 2069 632 2115 ornatu
668 2062 767 2122 sinunt,
786 2063 835 2112 etsi
854 2063 911 2112 eius
923 2067 1018 2113 ostenti
1039 2065 1193 2118 diuturnum

101 2140 214 2204 poetico
228 2139 281 2187 boo
291 2139 366 2189 dicit:
385 2141 481 2189 «Grata
490 2141 632 2204 posteritas
668 2138 730 2200 poet
746 2139 853 2201 tempus
870 2138 992 2188 meminit
1007 2139 1114 2192 ovidius
1131 2143 1191 2193 llet.

100 2225 218 2277 semper
246 2213 329 2274 magia
357 2214 495 2276 magisque
519 2214 633 2264 honorat
669 2211 710 2268 lo,
724 2209 784 2260 tie:
799 2211 1078 2276 Caesarisreegestaa
1091 2219 1193 2268 eumln

100 2289 268 2338 memoriam
292 2286 408 2338 llareelli
431 2287 498 2338 illiue
520 2289 629 2351 antiqui,
668 2285 1194 2350 aiduaoerterenooumstollomqaooomon-

101 2365 190 2414 etaim
215 2366 326 2426 propter
349 2363 459 2426 Augusti
483 2377 517 2414 ox
539 2375 631 2414 sorore
668 2364 725 2408 torn
738 2357 902 2410 -Ceterum
912 2361 1086 2412 memorabile
1099 2367 1194 2416 estDi-

100 2439 236 2502 nepotem
259 2435 389 2487 avunculo
412 2440 440 2487 et
461 2437 559 2503 populo
576 2440 632 2488 tam
667 2430 1193 2499 vituliiolaramoertamqoementionem

101 2523 228 2564 earum·
249 2539 277 2548 -
298 2513 364 2562 ieter
386 2513 478 2578 mnne]
501 2513 542 2562 Ad
563 2515 633 2577 tanea
669 2521 802 2572 nusquam
824 2509 859 2560 ab
884 2510 990 2560 lloratio
1014 2511 1110 2564 iactam
1133 2527 1192 2566 esso

100 2602 126 2636 e.
140 2599 204 2649 aeq.
217 2587 312 2636 reterri
324 2587 424 2650 nequit,
444 2584 630 2638 eedhocvolt:
668 2587 857 2649 praeterquam
875 2585 922 2636 Od.
942 2586 966 2646 t,
985 2587 1009 2645 i,
1028 2586 1075 2637 tl:
1100 2589 1193 2640 cmo-

102 2663 189 2710 «ieter
207 2674 292 2710 onerer
313 2660 396 2712 doces
416 2662 548 2713 Romanos
568 2662 635 2711 emi-
668 2658 705 2707 πὶ
719 2660 788 2708 ultor
805 2659 862 2710 sine
874 2657 927 2709 ullo
944 2658 1074 2728 ἐπιθέτῳ,
1093 2661 1192 2715 nullam

102 2740 161 2795 net,
181 2734 288 2786 excellit
298 2734 374 2786 divus
386 2735 490 2798 lulius»,
509 2749 562 2800 qua
573 2749 634 2787 aen·
670 2746 685 2782 a
702 2735 853 2798 Propertio,
873 2734 958 2786 tribua
975 2734 1040 2787 locis
1057 2736 1193 2790 dumtaxat

103 2812 190 2859 tentia
207 2809 271 2860 nibil
289 2809 438 2860 detrahitur
447 2813 573 2874 Angusto,
592 2824 635 2861 or-
669 2820 685 2856 a
701 2806 807 2871 Virgilio
831 2807 893 2871 (Eoi.
913 2810 943 2870 9,
961 2809 1002 2860 li.
1022 2814 1067 2861 Ge.
1086 2812 1115 2874 l,
1134 2812 1190 2864 too.

104 2885 148 2934 bis
161 2887 298 2934 terrarum
313 2886 428 2946 rectori,
448 2885 633 2936 Caesariatilio
670 2883 735 2932 den.
754 2883 778 2942 6,
798 2883 875 2946 790.),
895 2885 970 2947 quasi
981 2886 1138 2948 timuissent,
1158 2901 1192 2938 ne

104 2961 248 3024 adoptivo,
267 2973 350 3023 quem
366 2961 401 3010 ita
418 2959 561 3011 irradiabat
576 2961 635 3011 latii
669 2954 713 3006 illo
744 2957 882 3022 magnifice
917 2957 1051 3008 celebrato
1084 2963 1192 3025 Angusta

104 3037 194 3085 aldais
210 3033 348 3098 splendor,
365 3037 397 3084 ut
412 3048 475 3086 cum
485 3039 563 3100 pater
573 3049 635 3101 pro-
669 3029 791 3082 laudibus
815 3033 953 3082 officerent
976 3047 1075 3097 easque
1092 3033 1192 3086 obseu-

105 3112 177 3160 1ime
201 3109 414 3172 significaretur,
441 3112 499 3174 ipae
525 3123 632 3174 quoque
669 3107 767 3155 rorent.
796 3107 834 3156 Ao
851 3108 950 3170 pariter
967 3107 1061 3158 lulium
1078 3109 1193 3160 sublin-

105 3187 163 3236 eius
178 3185 293 3235 landum
309 3185 443 3250 particeps
459 3185 544 3236 lieret.
582 3186 633 3248 (Sic
669 3182 775 3244 gnatum
797 3179 922 3244 deprimit
941 3181 1048 3233 Ovidius
1068 3185 1128 3234 Met.
1149 3185 1189 3242 tt,

105 3263 207 3312 bemus
226 3263 439 3312 etGermanious
450 3262 627 3313 OvidioTriat.
668 3254 729 3304 tao:
756 3268 835 3317 neque
856 3255 921 3305 enin
942 3258 973 3305 de
995 3257 1109 3306 caesoria
1130 3257 1194 3304 actia

105 3337 129 3395 a,
148 3337 210 3386 rar:
231 3336 442 3401 meante.)
670 3329 751 3378 oum
766 3331 850 3378 matu
866 3343 1025 3392 utalaam
1040 3332 1194 3392 ponpam

668 3404 762 3452 amatim
777 3404 857 3453 butro.
873 3430 901 3438 —
914 3404 979 3453 inter
989 3404 1066 3467 ipnee]
1085 3403 1191 3468 Sappho

135 3487 176 3538 tr.
208 3487 303 3535 mma
317 3487 386 3536 aaa
400 3487 489 3537 minus
505 3489 579 3538 reete
596 3488 631 3538 oo
667 3479 770 3541 fragm.
790 3479 814 3528 3-
833 3491 859 3542 n·
879 3478 923 3527 ⁶0⁴
944 3479 1043 3540 Bergk:
1062 3472 1191 3550 Ἀστερες

107 3560 241 3620 ltaroello,
258 3561 460 3624 quinunquam
480 3562 631 3625 ingentem
666 3551 721 3617 W
749 3545 828 3617 ἀμφὶ
858 3549 951 3602 ”dm
983 3549 1106 3604 ⁰⁸MW¹²
1131 3549 1189 3620 ’Ἀψ

107 3635 197 3686 luliam
222 3633 364 3698 adoptatus
386 3637 429 3686 est
450 3634 486 3684 ab
502 3637 628 3700 Augusto,
667 3623 880 3701 ἀποκρόπτοισι
928 3625 1055 3691 estmoe
1102 3627 1187 3695 εἶδος,

107 3711 272 3774 interpretati
289 3711 351 3759 sont
367 3710 522 3761 senadonue
545 3714 572 3762 et
588 3714 631 3762 la·
659 3698 794 3755 Ὄπποτα
811 3701 958 3771 aindoma
972 3703 1099 3772 μάλιστα
1114 3704 1190 3772 λάμ-

106 3797 162 3835 nos.
180 3783 390 3834 Verumlulium
402 3786 633 3849 Caesarempmr·
667 3793 707 3844 πη
735 3777 793 3830 Γᾶν
821 3779 880 3847 [ἐπὶ
906 3781 1024 3850 πταῖσαν]
1045 3777 1186 3854 Ἀργυρέα.

107 3860 308 3924 suepraeterne
319 3863 347 3909 et
362 3862 473 3924 propter
483 3862 630 3923 ingratum
667 3856 778 3914 Quintus
795 3857 899 3919 Smllffl·
919 3860 943 3919 4,
962 3859 1007 3908 35²
1031 3852 1085 3920 Ὦς
1102 3854 1125 3907 δ’
1144 3851 1186 3907 ὅτ’

107 3937 132 3982 et
152 3937 268 3997 propter
289 3934 376 3996 ipaam
398 3935 531 3997 poeticam
548 3936 630 3985 ratio-
665 3923 704 3978 (ἲν
721 3923 844 4002 οὐρανὸν
862 3925 1123 4003 εὑρύνένᾶστράσι
1140 3929 1187 3982 δῖα

107 4021 165 4058 nem
176 4009 373 4071 minueaptum
384 4007 483 4059 tuimet.
512 4010 630 4059 Parentis
666 4003 773 4073 σελήνη
793 4003 961 4079 Ἐκπρέπη,
984 4008 1015 4058 ἐν
1032 4004 1187 4057 πάντεσσιν

107 4087 195 4133 antem
219 4081 347 4146 splendor
367 4097 421 4133 una
443 4081 526 4134 lilium
542 4087 631 4147 Augo-
664 4079 798 4153 ἀρίζηλος
824 4087 951 4151 γεγαυῖα.
995 4085 1024 4132 ln
1052 4084 1107 4131 toto
1135 4081 1187 4132 hoo

107 4159 176 4207 stom
202 4156 315 4207 illustrat
339 4171 488 4221 omnesque
513 4171 629 4209 consan-
664 4159 723 4210 loco
748 4171 842 4209 verum
870 4157 935 4207 vidit
962 4159 1015 4207 iam
1043 4158 1184 4216 liemarus,

108 4234 231 4292 multato
248 4246 362 4284 comeo
378 4236 542 4296 coniunctae,
560 4236 630 4284 inter
664 4245 745 4298 quem
763 4235 789 4283 in
806 4233 940 4297 plerisque
958 4227 1065 4282 seoritns
1082 4243 1150 4280 eum.

191 4327 284 4373 llam.
300 4339 356 4372 vor..
373 4327 388 4372 1.
420 4339 459 4372 ro.
475 4338 552 4373 aaaron
567 4326 602 4372 lli.
1002 4325 1016 4368 ti
