2934 4884
661 396 790 447 uousru
809 394 979 445 cruiimuii

532 555 579 619 De
601 562 713 619 tenero
735 548 909 616 meditatur
930 548 1052 635 ungui,

443 678 516 743 iios
538 674 680 739 iuniores
702 671 833 759 quaerit
854 668 1021 735 adulteros

444 798 529 863 Inter
550 794 653 861 mariti
676 793 759 889 vine,
784 810 892 879 neque
915 788 1003 877 eligit

486 918 543 984 Cui
566 915 664 982 donet
685 912 890 1001 impermissa
911 910 1028 997 raptim

339 1147 380 1197 27.
405 1144 547 1195 irremisso
564 1138 642 1205 SM,
666 1141 734 1191 Pott.
754 1142 827 1198 tres,
852 1137 992 1198 &irproviso
1007 1133 1146 1186 Pulmonui
1163 1135 1231 1187 Cod.
1249 1137 1331 1199 quin-

305 1226 347 1271 tus
365 1223 391 1270 et
408 1218 472 1271 ich.
493 1217 565 1268 statu
583 1214 660 1265 liber.
697 1214 815 1276 (diuos,
834 1210 928 1271 ebed.)

272 1424 381 1475 ortibus.
417 1424 488 1484 Cur,
506 1434 621 1485 quaese,
646 1421 700 1469 tom
715 1432 795 1479 emto,
834 1409 948 1479 ὄνυχες,
960 1410 1204 1486 inofficiosum
1214 1411 1364 1467 aedredus

271 1500 295 1551 si
311 1498 419 1549 iamiam
436 1498 541 1546 metum
559 1496 621 1545 esti
646 1496 715 1543 Num
737 1495 799 1557 post
834 1489 977 1558 λέγουσιν.
1003 1490 1114 1541 Rufinus
1128 1490 1206 1541 Anth.
1224 1489 1279 1541 rai.
1296 1493 1317 1542 i.
1335 1507 1363 1556 p.

270 1572 450 1623 maturitatem
461 1570 572 1621 demum
584 1568 641 1619 ilias
656 1568 797 1619 addiscere
834 1565 885 1615 st:
914 1560 968 1631 τὴν
983 1559 1090 1630 ψυχὴν
1106 1560 1138 1627 ἐξ
1156 1558 1273 1624 ὀνύχων
1289 1560 1366 1616 ὀνά-

270 1644 409 1697 debebam
453 1646 538 1694 imme
566 1642 698 1705 iungendo
728 1642 797 1691 hoec
833 1654 887 1706 yos.
921 1638 988 1690 Piut.
1013 1639 1048 1689 de
1070 1639 1154 1689 Educ.
1180 1637 1226 1689 tu).
1245 1641 1271 1690 d.
1290 1653 1319 1704 p.
1337 1640 1362 1691 3.

271 1732 334 1771 eum
350 1717 543 1782 sequentibus:
563 1717 718 1778 «monsone,
737 1728 798 1766 me-
834 1714 882 1765 Ed.
895 1714 990 1765 Didot:
1010 1710 1253 1784 συμπαθέστερόν
1263 1728 1297 1764 τε
1306 1710 1364 1785 γὰρ

271 1798 330 1845 turn
347 1792 470 1858 quidem,
495 1792 544 1842 sed
560 1790 680 1841 nondum
703 1792 795 1855 nuptu,
833 1790 983 1861 ύρύψονσι
1006 1789 1058 1839 καὶ
1084 1784 1132 1839 διὰ
1148 1787 1283 1852 πλείονος
1300 1788 1363 1840 ἕνα·

273 1870 363 1919 anime
381 1868 461 1931 ngitnt
477 1878 584 1916 emeres
601 1866 718 1925 incertos,
738 1861 797 1913 «rei
832 1863 962 1929 μελείας,
986 1857 1027 1925 ὥς
1042 1856 1082 1911 ἂν
1098 1856 1217 1913 ἔνδοθεν
1232 1864 1302 1925 καλ,
1328 1859 1365 1913 τύ

273 1942 524 2007 impudicissimus»,
537 1941 742 2004 meeuupteeet.
756 1938 797 1988 Ad
832 1935 869 2005 δὴ
881 1934 1047 2006 λεγόμενον,
1057 1934 1089 2001 ἐξ
1097 1930 1213 1997 ὀνύχων
1223 1931 1364 2003 [ἁπαλῶν]

271 2019 350 2083 perti.
369 2016 423 2065 tom
438 2028 504 2065 nuno
521 2014 568 2065 cir.
583 2013 630 2064 0d.
644 2014 674 2075 2,
695 2015 724 2075 t,
743 2013 794 2074 tr..
833 2008 987 2081 ἀγαπῶσαι
1002 2008 1154 2073 τὰτέκνα,
1171 2012 1232 2075 ubi,
1251 2026 1315 2063 eum
1326 2013 1362 2065 de

273 2094 301 2141 et
318 2088 428 2151 crebro,
447 2102 500 2140 non
517 2091 607 2139 tomen
619 2100 737 2152 semper,
750 2100 798 2151 po-
833 2088 964 2140 metn'hus
980 2087 1123 2138 menitesto
1139 2090 1242 2150 egetur,
1260 2088 1364 2152 signiti-

272 2166 372 2215 nuntur
380 2164 567 2228 propositionis
579 2164 665 2223 initio,
683 2164 712 2211 ut
723 2160 796 2225 apud
833 2166 877 2213 ent
901 2162 1048 2227 speuttus.»
1095 2162 1163 2211 item
1190 2162 1363 2213 Automedon

270 2238 353 2290 Pleut.
381 2237 432 2289 itii.
460 2237 525 2301 glor.
549 2238 577 2298 i,
597 2238 627 2297 6,
647 2236 710 2286 ⁴03:
741 2237 797 2285 torn
833 2235 911 2287 Antii.
938 2234 992 2286 Pei.
1019 2236 1039 2285 1.
1066 2247 1093 2298 p.
1121 2234 1187 2285 tis:
1216 2230 1279 2300 Τὴν
1301 2229 1363 2285 ἀπὸ

269 2326 337 2363 nune
354 2314 417 2363 sotir
432 2318 455 2362 et
467 2312 614 2374 plusntmto
625 2312 707 2361 merui
722 2311 793 2360 molt.
832 2308 886 2376 τῆς
899 2303 995 2375 Ἀσίης
1011 2303 1205 2380 ὀρχηστρίδα,
1236 2306 1292 2375 τὴν
1307 2326 1365 2360 κα-

270 2388 369 2439 Coutre
385 2389 498 2451 Propert
516 2386 546 2447 4,
569 2386 615 2446 44,
632 2386 678 2435 93:
703 2386 797 2436 Duette
832 2386 983 2446 κοιέχνοις
1006 2380 1161 2449 Σχήμασιν
1186 2381 1218 2448 ἐξ
1239 2378 1365 2435 ἁπαλῶν

269 2468 402 2513 umorum
418 2465 548 2511 mmsuur
558 2462 650 2511 sentire
663 2466 794 2511 enectorn.
832 2460 988 2525 κινυμένην
1005 2452 1120 2518 ὀνύχων
1147 2459 1249 2523 (cenius
1269 2464 1360 2512 motus

270 2538 299 2586 ln
330 2534 463 2586 eieusulee
492 2538 582 2585 eutem
610 2534 662 2585 fine
691 2535 729 2599 (ut
753 2534 796 2584 hic
833 2532 1047 2585 lescivivelutex
1055 2535 1155 2584 teneris
1164 2533 1300 2597 unguibus
1309 2538 1362 2586 ortt

272 2608 398 2659 volebant
412 2607 537 2672 nonnulii)
557 2608 646 2659 locum
659 2622 797 2672 nunquam
833 2612 920 2659 totum
943 2620 994 2672 per
1015 2620 1115 2671 eorpus
1144 2610 1361 2673 propagentur-‚ai

270 2681 361 2732 hebet.
381 2682 434 2733 Cir.
448 2683 524 2733 Haud
536 2684 611 2733 Ture.
632 2684 673 2733 iii.
692 2696 719 2746 p.
738 2683 794 2732 tm,
833 2681 933 2733 Αἰνέω.
952 2681 1034 2732 Pleut.
1046 2682 1127 2732 suen.
1146 2684 1178 2742 s,
1195 2684 1227 2742 o,
1246 2682 1294 2732 te:
1313 2684 1364 2733 Le-

302 2755 343 2807 ui.
362 2756 613 2821 Demere-unam]
632 2760 797 2807 Greeeorum
830 2758 920 2820 pidum
935 2760 959 2805 et
975 2768 1079 2805 suooern
1094 2757 1365 2818 omttomoitpuom

269 2825 301 2894 ἐξ
326 2823 445 2880 ἁπαλῶν
470 2826 592 2891 ὀνύχων.
638 2834 696 2883 lem
720 2830 797 2881 solite
834 2832 938 2893 oeetptto
963 2831 1137 2892 αἰιανύίοανιν,
1167 2830 1213 2879 uot
1224 2834 1365 2893 perpuri-

271 2906 314 2954 est
330 2906 529 2969 interpretatio:
558 2906 634 2956 «inde
653 2920 668 2957 e
685 2903 797 2970 puelisri
833 2919 934 2956 eremus
949 2918 1029 2967 usque
1044 2918 1078 2955 ee
1093 2905 1252 2969 mouente,
1279 2918 1367 2969 quem

270 2980 372 3039 aetate,
390 2979 502 3043 aprime
514 2978 723 3037 adolescentium
743 2993 797 3043 qun
833 2980 923 3031 iocum
946 2980 1080 3043 expressit
1102 2978 1229 3044 Apuleius
1253 2980 1317 3031 liet.
1336 2994 1364 3045 p.

271 3051 382 3115 quidem
408 3055 516 3119 receptu
541 3068 594 3105 uon
619 3058 711 3107 tomen
738 3055 796 3105 siue
834 3055 891 3105 938.
918 3055 964 3114 44,
996 3053 1042 3103 ubi
1068 3052 1281 3105 Hildebrnndus:
1319 3050 1367 3118 «ἐξ
1397 3108 1401 3115 ,

270 3140 352 3178 cause
376 3128 401 3178 in
423 3131 477 3178 toto
499 3127 558 3180 loco
580 3130 668 3181 heesit
684 3129 797 3180 iioimun
835 3122 949 3189 ὀνύχων
965 3126 1078 3189 φιλεῖν,
1101 3128 1200 3189 idest,
1219 3140 1254 3179 ex
1270 3129 1366 3180 intimo

272 3200 444 3267 Peerlkamp,
466 3206 588 3255 ceterum
609 3206 676 3255 mire
697 3217 799 3268 propo-
834 3205 961 3267 peotore,
979 3202 1100 3265 ponium,
1120 3201 1289 3263 meduliitne;
1317 3206 1366 3268 qui

273 3288 340 3327 nens
349 3290 375 3326 v.
387 3278 431 3327 ii:
442 3278 638 3344 Amotreotrpo.
653 3280 797 3339 «uatum»,
835 3278 908 3327 enim
924 3276 1090 3339 expertibus
1101 3277 1224 3341 eorporis
1235 3280 1366 3328 extremis

272 3352 364 3415 inquit,
379 3351 799 3417 «moieeonveniteumsequeu-
835 3350 911 3415 qnasi
927 3350 1023 3413 demet
1038 3352 1066 3400 et
1081 3348 1200 3413 insevit,
1227 3354 1284 3401 toto
1301 3366 1367 3403 eor·

271 3424 358 3487 tibus,
396 3425 442 3477 ubi
471 3426 567 3477 endem
594 3428 669 3491 virgo
702 3426 799 3478 dieitur
834 3438 901 3489 pore
926 3425 1117 3489 concupiscit.»
1152 3425 1208 3476 Cio.
1234 3425 1270 3475 od
1288 3427 1362 3476 inm.

271 3514 379 3552 amores
397 3502 515 3551 incestos
533 3502 656 3552 meditari
673 3503 799 3553 dotem
835 3500 859 3560 t,
872 3500 897 3559 e,
909 3498 940 3548 2:
959 3499 1009 3549 Sed
1014 3504 1235 3562 proestoueum,
1247 3500 1365 3560 numu

271 3575 377 3639 stupui.»
416 3574 468 3625 sed
494 3588 591 3625 nomm
607 3576 740 3627 rationem
756 3578 800 3627 in·
835 3586 854 3623 α
869 3573 971 3635 utrem,
988 3578 1018 3622 ut
1034 3574 1126 3623 (ἕνεκα
1141 3573 1240 3633 dm,
1265 3574 1364 3637 npud-

271 3648 380 3711 genioso
396 3653 425 3698 et
440 3648 520 3699 docte
533 3662 619 3713 nuper
633 3650 801 3714 investigarit
834 3648 897 3697 αιλλι
922 3660 948 3698 α
971 3648 1102 3711 ωριιλιων,
1129 3648 1280 3709 «intime»,
1309 3660 1365 3698 non

273 3722 359 3783 unger
375 3722 406 3771 V.
425 3723 454 3772 u,
472 3736 499 3786 p.
519 3722 595 3783 404,
614 3735 696 3786 quem
712 3724 801 3775 brevi-
837 3721 914 3772 «inde
931 3722 1049 3785 aprime
1066 3722 1210 3785 pueritiam
1238 3734 1290 3786 pre
1309 3734 1365 3785 qne

272 3796 314 3845 ter
330 3794 374 3846 hie
391 3808 532 3860 exponam.
568 3796 673 3848 Scilicet
688 3794 720 3861 ἐξ
731 3793 801 3849 ὀνύ-
835 3800 927 3849 temen
950 3796 1143 3860 signidentione
1167 3798 1256 3860 unger
1277 3795 1366 3847 ottuiit

272 3884 334 3932 χων
360 3872 388 3921 et
411 3866 443 3934 ἐξ
467 3864 588 3921 ἁπαλῶν
615 3864 730 3931 ὀνύχων
758 3875 801 3924 est
837 3872 961 3923 Leureut.
982 3870 1048 3934 Lyd.
1067 3870 1102 3921 de
1119 3872 1204 3935 meg.
1222 3872 1254 3932 2,
1273 3871 1317 3921 m.
1336 3884 1364 3935 p.

275 3945 427 4008 «penitus»,
452 3948 483 3995 ut
498 3958 548 3996 nos
565 3944 730 4007 diceremus,
750 3960 800 3997 «ex
837 3946 902 3997 ⁴38:
918 3940 989 4008 τούς
1005 3942 1037 3995 ts
1046 3941 1158 4011 νόμους
1168 3940 1264 4008 ridde,
1285 3942 1366 4016 εἴπερ

274 4017 374 4070 intimis
391 4020 510 4082 uer-risu,
529 4022 558 4071 ut
575 4020 658 4070 Leiini
675 4018 738 4071 elibi
758 4020 801 4071 di-
836 4036 880 4084 τις
895 4010 1002 4084 ἄλλος,
1021 4014 1065 4084 οἷς
1076 4016 1108 4085 ἐξ
1118 4013 1238 4071 ἁπαλῶν
1249 4014 1365 4081 ὀνύχων

273 4095 382 4155 xerunt,
413 4107 461 4144 nex
484 4094 544 4145 imis
567 4091 716 4145 medullis.»
746 4096 801 4146 Cur
836 4093 898 4146 dm
927 4090 934 4109 '
983 4094 1365 4160 .Alinteetimouiupreprio-

273 4164 365 4215 eutem
399 4167 507 4219 intimus
536 4180 632 4220 sensus
659 4169 802 4233 uepuiedtr
838 4182 867 4220 re
884 4110 1006 4220 timide
1023 4169 1095 4234 apud
1111 4170 1209 4234 ipsum.

275 4234 356 4288 tribui
372 4242 496 4303 potuerit,
508 4240 726 4308 eperitPoiqui,
741 4242 798 4295 446.
869 4244 912 4294 it.
932 4244 974 4295 ie.
992 4244 1057 4295 itur
1069 4242 1253 4307 immod]
1273 4243 1363 4292 «Dum
