2934 4884
548 334 650 386 tisun.
685 334 783 386 canit.
802 337 866 386 xvi.

248 491 362 577 Neque
384 490 568 555 intumescit
589 488 651 555 alta
673 490 793 575 viperis
817 488 942 556 humus.

205 611 368 697 Pluraque
390 609 500 675 lelices
522 609 725 675 mirabimur:
750 621 784 675 ut
807 631 913 698 neque
936 609 1033 697 largis

248 734 399 818 siquosus
422 732 527 794 Eurus
550 751 627 794 arra
650 729 742 795 radat
764 731 938 808 imbribus

206 852 341 938 Pinguia
362 872 423 916 uec
445 849 541 915 siccis
564 861 698 914 urantur
719 851 843 916 semina
865 851 987 938 glebis¹
1216 857 1256 917 ὃὸ

247 974 425 1057 Utrumque
449 991 526 1056 rege
550 979 750 1055 temperante
772 970 933 1037 caelitum.

205 1094 275 1157 Non
298 1090 361 1157 huc
382 1094 488 1177 Argoo
510 1091 675 1155 contendit
696 1091 819 1178 remige
843 1092 953 1178 pinuS,

229 1281 270 1329 52.
289 1281 340 1328 Noc
356 1277 442 1338 hsta,
462 1279 514 1328 LCt
532 1281 559 1326 et
575 1275 718 1328 Bentleias.
740 1279 829 1341 (Deest
844 1279 887 1327 hic
906 1292 930 1328 v.
951 1279 975 1328 in
988 1281 1027 1342 u.)
1044 1307 1070 1315 -
1091 1282 1152 1331 Sine
1170 1284 1223 1332 sui-

195 1353 300 1402 ticiente
318 1354 474 1402 auctoritate
492 1353 543 1400 Fea
561 1365 603 1400 vv.
622 1352 661 1401 sic
679 1349 827 1401 collocarit:
855 1353 899 1412 56,
914 1352 958 1412 tit,
978 1355 1017 1413 62,
1037 1354 1130 1414 57-60,
1145 1356 1186 1405 63.

162 1519 213 1568 atta
229 1519 376 1568 intonuerit.
393 1546 420 1553 -
433 1517 581 1582 intumescit]
599 1519 689 1567 utLu·
704 1517 709 1614 Ι
725 1511 834 1578 νοῦσος
867 1514 999 1576 ἐνοχλεῖ·
1022 1547 1036 1557 -
1056 1515 1169 1583 -ζώεις
1199 1519 1256 1594 γὰρ

162 1607 222 1644 can.
242 1593 271 1651 8,
290 1593 352 1641 370:
377 1591 420 1640 abi
436 1598 507 1642 terra
523 1592 636 1654 tumebit,
660 1591 687 1640 id
724 1584 881 1656 ἀμέμπτως
903 1584 1010 1657 Αὖγαϊς
1027 1591 1058 1642 ἐν
1075 1593 1253 1666 καθαροῖσιν

162 1669 212 1726 est,
231 1665 362 1716 excelsior
373 1666 423 1715 erit
435 1669 461 1716 et
473 1669 629 1726 montuosa3
648 1667 687 1716 sic
723 1661 867 1728 Ὀλύμπου
898 1663 1022 1731 πλησίον
1048 1661 1132 1731 ὄντος
1165 1670 1248 1734 (quae

160 1742 214 1790 hoc
231 1753 339 1803 quoque
356 1738 429 1789 loco:
449 1739 618 1800 «scariothi,
637 1740 688 1789 sict
725 1739 835 1803 quidem
861 1753 930 1790 nova
955 1741 1061 1790 videtur
1086 1745 1192 1807 imago).
1223 1773 1250 1781 -

162 1814 259 1875 arbebt,
277 1814 438 1862 sinuatae.»
460 1813 547 1864 Nolim
559 1816 632 1862 certe
645 1827 690 1862 ex·
724 1816 890 1876 temperante]
921 1815 1056 1879 abenigne
1088 1819 1123 1867 ita
1154 1820 1251 1870 mode-

161 1887 262 1952 plieare
289 1901 357 1937 «nou
383 1886 428 1938 alit
452 1889 558 1951 viperas
583 1899 688 1936 veneno
725 1891 815 1948 rante,
843 1891 872 1937 ut
896 1901 946 1938 nec
968 1891 1040 1940 nimii
1064 1905 1096 1940 ac
1114 1895 1182 1942 noxii
1207 1907 1253 1942 ca-

162 1961 314 2021 tumidas;»
337 1962 387 2010 sed
408 1962 495 2011 refero
517 1961 551 2010 ad
574 1974 689 2024 serpen·
726 1962 790 2012 dant
807 1961 907 2011 imbres
925 1975 1013 2024 neque
1031 1963 1093 2014 solis
1106 1969 1196 2016 aestus
1208 1981 1252 2016 se-

161 2036 229 2085 tium
254 2036 441 2098 reptationem,
469 2049 521 2097 qua
538 2032 688 2084 alternatim
726 2035 937 2097 getestorreat.n
964 2035 1071 2086 Fundus
1087 2042 1252 2101 φαντασίας

161 2123 224 2159 sese
248 2107 370 2160 attollunt
385 2113 466 2174 utque
488 2111 628 2159 incurvant
643 2122 689 2158 ra·
726 2112 767 2160 est
791 2108 885 2170 Odyss.
905 2106 932 2166 b,
951 2110 1008 2158 566.
1029 2111 1054 2159 iu
1079 2109 1179 2172 Elysio:
1212 2109 1252 2162 Ori

160 2185 282 2248 ptimque
300 2184 459 2245 extendunt,
478 2183 546 2232 adeo
563 2184 593 2231 ut
608 2195 689 2246 prae·
725 2179 857 2243 νιφετός,
882 2175 942 2231 oilr’
964 2177 1003 2250 ἄρ
1024 2180 1133 2246 χειμών
1150 2183 1250 2249 πολύς,

163 2259 257 2308 sertim
275 2271 308 2307 ex
324 2257 469 2321 longinquo
484 2258 624 2320 spectanti,
642 2257 688 2306 ubi
727 2251 793 2307 orire
805 2257 866 2304 ποτ’
879 2250 1005 2324 ὄμβρος,
1016 2251 1083 2306 Ἀλλ’
1094 2260 1150 2308 aial
1162 2258 1253 2321 Ζεφύ-

162 2335 205 2382 est
229 2333 325 2381 bonnm
353 2330 485 2394 reptilium
510 2331 634 2381 celeriter
658 2345 687 2381 se
725 2345 790 2401 ροιο
807 2323 871 2395 λιγύ
883 2333 1033 2394 πνείοντας
1046 2326 1139 2396 ἀήτας
1148 2328 1251 2385 Ὠκεα-

162 2406 320 2456 motuntium
331 2405 485 2465 multitudo,
499 2405 585 2455 solum
599 2407 687 2468 ipsum
725 2402 776 2466 νὸς
802 2399 917 2469 ἀνίησιν
942 2400 1109 2468 ἀνα-ψύχειν
1134 2402 1250 2478 ἀνθρώ-

161 2494 192 2531 se
214 2482 240 2529 in
257 2479 340 2529 altum
361 2478 455 2530 levare·
474 2483 553 2544 atque
572 2481 689 2530 intume-
725 2493 806 2540 ποος.
820 2481 896 2528 -De
910 2480 1168 2542 transpositionibus,
1183 2496 1250 2546 quus

162 2568 239 2604 scere
256 2554 394 2613 videmur:
413 2554 440 2602 id
452 2554 525 2617 quod
536 2567 617 2617 saepe
630 2555 687 2617 ipse
725 2551 844 2604 nonnulli
861 2552 904 2601 hic
924 2552 1011 2602 tacere
1028 2553 1181 2616 voluerunt,
1206 2571 1251 2606 re-

160 2629 228 2686 vidi,
247 2628 451 2687 amoenissima,
475 2628 582 2690 viperas
600 2629 621 2678 si
639 2642 688 2676 ex·
725 2631 769 2678 cte
795 2628 830 2676 ita
856 2627 974 2690 disputat
1000 2628 1124 2677 Iahnius:
1145 2631 1268 2681 troau-

162 2704 281 2766 ceperis‚
306 2701 395 2751 ltaliae
412 2702 488 2765 prata
504 2702 630 2765 ripasque
650 2703 687 2750 ri·
724 2703 842 2767 primum
860 2715 906 2752 eas
923 2699 1069 2751 insularum
1086 2701 1189 2754 illarum
1203 2705 1252 2754 do-

161 2787 256 2824 rorum
269 2788 378 2839 semper
394 2775 526 2825 solitarius
543 2775 688 2837 perambu-
725 2779 779 2838 tes,
808 2789 876 2838 quac
899 2777 970 2824 terra
993 2777 1048 2840 ipsa
1068 2777 1249 2836 continentur,

161 2847 229 2898 laus.
249 2875 277 2885 -·
296 2850 337 2898 Ad
359 2863 418 2899 rem
440 2851 526 2913 ipsam
549 2850 595 2898 etr.
615 2851 685 2912 virg.
724 2864 766 2900 vr.
786 2849 874 2900 43-52.
894 2849 1052 2914 descripsit,
1072 2849 1168 2901 deinde
1186 2865 1250 2911 res,

164 2925 210 2971 Ge.
224 2924 252 2984 Ξ,
272 2923 334 2972 toa:
352 2925 403 2973 Nee
416 2924 486 2985 rapit
502 2924 633 2971 immersos
642 2937 689 2971 cr-
725 2937 795 2986 quae
813 2925 979 2975 extrinsecus
991 2925 1115 2986 veniunt,
1140 2925 1252 2976 subiun-

163 2997 258 3058 besper
268 2997 371 3046 Mmmn
381 3010 461 3058 nequo
471 2998 689 3058 tantoSqnameas
724 2998 770 3045 xit.
789 2999 870 3046 Terra
897 2999 953 3060 ipsa
977 2997 1040 3048 nihil
1064 3000 1089 3049 in
1112 3013 1141 3050 se
1166 3003 1252 3051 conti-

162 3071 190 3119 in
210 3071 306 3132 spiram
328 3076 413 3121 tracta
431 3085 456 3122 te
477 3072 571 3134 colligit
587 3072 687 3134 arigitis¹
725 3073 786 3130 net,
812 3070 883 3132 quod
902 3074 948 3119 aut
964 3073 1035 3133 egris
1052 3075 1098 3122 aut
1114 3073 1207 3126 ineolis
1225 3077 1252 3124 et

196 3145 285 3195 tib-56.
310 3146 476 3195 mirabimur:
501 3145 537 3207 ut]
564 3145 617 3196 Cir.
639 3145 686 3195 ud,
725 3143 850 3207 gregibus
873 3147 982 3202 noceat,
1010 3159 1097 3208 neque
1121 3149 1252 3198 extrinse-

162 3218 192 3279 3,
217 3217 246 3278 i,
275 3218 379 3270 ta-te.
405 3246 431 3254 —
455 3220 576 3281 Aqtmsas]
602 3219 688 3270 Eurus
726 3231 774 3267 cus
800 3216 868 3267 mala
894 3218 1013 3267 veniunt.
1050 3220 1153 3269 Etenim
1174 3234 1252 3283 agros

162 3293 243 3342 etiam
265 3295 349 3356 magis
371 3306 452 3356 quam
469 3295 566 3343 Auster
586 3294 687 3342 imbres
726 3305 814 3354 neque
837 3291 935 3340 nimiae
959 3289 1063 3354 pluviae
1081 3296 1179 3343 vexant
1202 3307 1252 3344 nec

162 3367 247 3415 affert.
278 3368 371 3416 Caton.
390 3367 444 3416 Dir.
463 3367 507 3416 38:
527 3369 612 3416 Barsa
626 3372 688 3430 agat
726 3366 831 3415 siccitas
852 3365 950 3424 exurit,
978 3362 1079 3414 incolae
1097 3377 1111 3413 a
1130 3369 1252 3429 peregri—

160 3440 270 3489 mistam
290 3441 363 3503 [οὶυο
382 3441 491 3504 caligine
507 3441 604 3490 aaberm
635 3442 688 3489 Lu·
725 3443 766 3490 nis
789 3438 889 3489 dolosis
910 3451 963 3488 non
988 3437 1139 3497 turbantur.
1168 3454 1252 3504 pecu-

162 3528 221 3564 cau.
235 3517 265 3575 t,
283 3516 345 3564 2⁴9:
363 3516 397 3565 at
411 3515 522 3564 madidis
537 3517 602 3565 Euri
617 3529 688 3565 reso·
726 3514 774 3565 des
796 3513 911 3576 denique
934 3510 1011 3562 nuliis
1032 3514 1159 3576 contagiis
1176 3513 1252 3564 labo-

162 3589 230 3637 iatae
245 3588 347 3652 {tatibus
361 3589 443 3651 Abies.
463 3588 515 3638 Cir.
529 3590 685 3650 Vossmytti.
724 3589 793 3638 rant.
829 3587 909 3649 igitur
928 3599 1015 3649 neque
1036 3586 1189 3638 hominibus
1207 3601 1253 3638 ue-

161 3662 207 3711 Br.
226 3663 245 3710 Ι.
263 3674 290 3725 p.
308 3662 366 3712 263.
391 3690 418 3699 -
441 3676 508 3712 arira
526 3663 611 3726 radat]
631 3663 687 3711 mt—
726 3675 778 3726 que
796 3660 921 3724 gregibus
938 3660 1085 3724 quidquem
1103 3661 1252 3711 timendum

163 3733 219 3784 luat
240 3736 321 3798 atque
346 3736 484 3800 provolvat
507 3738 534 3786 iu
555 3739 688 3787 torrentes
726 3737 794 3785 est.»

162 3821 195 3858 ac
212 3809 348 3858 tlumina.»
367 3811 471 3860 Lucret.
485 3811 515 3870 b,
534 3811 595 3860 257:
616 3812 688 3872 ripas
759 3809 847 3858 57-69.
872 3809 1000 3869 Naribus]
1020 3809 1150 3858 nlntuctae
1163 3807 1252 3858 adhuc

161 3883 280 3938 radentia
295 3884 514 3947 paninarodunt.
530 3911 558 3919 -
571 3883 686 3947 Pinguia]
726 3885 788 3932 sunt
810 3881 910 3932 insulae
934 3879 992 3930 illae
1010 3880 1106 3930 beatae
1124 3894 1139 3929 a
1157 3883 1252 3930 naum-

164 3956 294 4007 «tecuudo
311 3971 393 4007 succo
409 3958 541 4020 turgida.»
560 3985 587 3994 -
605 3972 688 4007 arca
725 3969 787 4007 rum
818 3957 906 4006 omnis
937 3956 1043 4020 generis
1072 3956 1250 4015 commercio,

163 4032 214 4096 tar]
230 4031 309 4081 Anth.
328 4031 538 4095 petitpetit.
558 4031 592 4081 de
610 4033 688 4081 Prota
726 4031 849 4093 adeoque
871 4030 1038 4080 innocentiae
1064 4026 1172 4092 plena03
1202 4029 1252 4078 ita-

162 4106 190 4153 in
206 4104 302 4154 beatus
327 4103 426 4156 insulas
449 4107 616 4155 transvecta:
647 4100 687 4155 ot
726 4117 779 4167 que
797 4116 847 4153 nos
865 4115 972 4168 quoque
994 4101 1030 4151 ibi
1052 4101 1101 4150 tuti
1118 4101 1218 4152 erimus
1236 4115 1250 4150 a

164 4174 273 4242 χειμών
298 4175 384 4228 λυπεῖ
405 4179 449 4240 ο),
477 4172 512 4229 οὐ
538 4175 625 4243 καῦμ’
652 4171 687 4229 ori
725 4178 811 4235 vitiis,
839 4189 908 4240 quae
927 4175 962 4227 illi
980 4175 1132 4238 ubicunque
1150 4175 1252 4239 ponunt
