2934 4884
688 334 817 386 llOllATll
835 335 1005 386 clamitant

479 1138 601 1202 lustum
623 1143 655 1199 et
676 1142 826 1199 tenacem
848 1132 1004 1219 propositi
1027 1134 1131 1198 virum

373 1336 415 1384 lll.
441 1335 522 1383 lnscr.
540 1330 609 1394 volg.
635 1331 673 1380 Ad
689 1329 823 1379 Caesarem
841 1328 989 1392 aequatam.
1009 1352 1037 1362 -
1055 1327 1094 1378 Ad
1108 1330 1194 1379 Hm
1209 1330 1240 1380 de
1255 1330 1366 1394 depasto

340 1409 368 1459 b.
386 1409 464 1459 -Ad
481 1409 614 1469 θυιήιιιιιιι
629 1405 680 1455 sica
696 1403 830 1453 ammam
846 1403 872 1451 S.
888 1401 1121 1465 -aoAnpuem
1136 1403 1164 1452 Τ.
1184 1403 1366 1454 -ΑάΜιιιαι

341 1477 1078 1546 dedupactoqcttnpropoa'tculdetwperaeosrorac.
1099 1503 1126 1513 -
1157 1476 1365 1540 l.et]ucl·'ex

340 1557 522 1620 Porphyrione
540 1556 566 1604 in
583 1553 721 1614 lemmate,
740 1551 880 1603 sedidem
896 1549 983 1601 schol.
1002 1564 1064 1602 mox
1080 1557 1112 1612 et,
1130 1554 1160 1601 ut
1177 1553 1262 1603 codd.
1281 1555 1345 1604 mei.

342 1733 385 1783 ΙΙΙ.
412 1731 594 1780 Constantiam
612 1731 639 1778 et
656 1728 837 1780 tortitudinem
874 1727 937 1778 lessi
954 1729 1035 1791 sunt.)
1067 1728 1123 1778 liae
1143 1729 1202 1792 ipsa
1219 1730 1340 1780 oratione
1356 1733 1399 1781 in-

309 1806 433 1857 Romanis
450 1807 586 1866 tamquam
603 1804 761 1866 praecipuas
778 1814 838 1852 ma—
874 1796 972 1851 ductus
989 1803 1032 1852 est
1042 1800 1156 1862 Merula,
1175 1805 1206 1851 ut
1215 1803 1290 1852 Ennii
1302 1817 1398 1854 versus

306 1882 394 1930 iorum
411 1879 531 1938 virtutes,
551 1877 629 1926 nimis
645 1878 839 1939 asuisaequa-
874 1875 1001 1926 disiectos
1029 1877 1065 1925 ite
1093 1879 1269 1941 componeret
1303 1878 1396 1929 Annei.

308 1953 377 2004 libus
412 1950 563 2015 neglectas,
599 1951 837 2000 commendaturus
874 1947 976 1999 bibl.
1004 1964 1031 2015 p.
1053 1950 1110 2001 430.
1132 1952 1227 2001 desa:
1263 1953 1399 2014 amsa

308 2026 430 2091 exempla
448 2024 575 2086 Pollucis,
594 2025 727 2086 Herculis,
749 2024 837 2075 Liberi
874 2024 936 2074 laeto
960 2026 1084 2075 monta
1106 2030 1196 2074 macto
1217 2026 1339 2076 monn:
1359 2054 1398 2065 --

307 2102 402 2166 patris,
427 2103 538 2164 propter
559 2097 616 2149 illas
635 2101 706 2162 ipsas
722 2100 837 2148 virtutes
874 2099 992 2148 Βαιιιιὶιιι
1015 2100 1043 2148 ta
1060 2099 1130 2148 coelo
1150 2113 1207 2148 ιιιιι
1226 2101 1266 2148 dia
1279 2103 1400 2164 qmttett-

308 2172 378 2226 inter
401 2174 468 2224 deos
493 2177 678 2238 receptorum,
696 2171 835 2236 proponit;
873 2170 918 2220 butt
938 2185 1026 2222 σουοιιι
1041 2173 1142 2237 Daqot:
1163 2187 1226 2223 oum
1245 2175 1321 2238 prior
1339 2189 1399 2226 ver-

308 2249 406 2313 quibus
440 2248 586 2300 admodum
617 2247 709 2297 dextre
744 2245 835 2308 paucis
873 2245 973 2296 siculus
993 2261 1009 2296 a
1029 2246 1159 2298 Columna
1183 2250 1299 2298 reiectus
1321 2251 1356 2299 sit
1372 2252 1398 2300 io

307 2323 411 2384 verbis,
436 2336 470 2373 ne
491 2323 571 2372 nimia
596 2321 692 2371 evadat
708 2317 833 2377 adulatio,
872 2321 1060 2372 Analiba.
1095 2322 1196 2372 Verum
1219 2335 1282 2373 cum
1304 2337 1349 2373 rea
1366 2325 1400 2375 sit

308 2399 401 2448 inserit
416 2399 574 2460 Augustum.
609 2395 755 2446 Plurimum
768 2405 834 2441 vero
872 2407 983 2456 prorsus
1009 2397 1121 2456 incerta,
1150 2397 1264 2447 Ennium
1288 2397 1399 2448 lloratio

307 2473 465 2522 immoratur
497 2472 524 2520 in
557 2469 659 2521 liomuli
692 2466 833 2526 laudibus,
871 2470 933 2518 ante
959 2469 1052 2520 oculos
1069 2470 1149 2521 luisse
1167 2471 1332 2521 contendere
1349 2487 1400 2522 no·

308 2546 395 2604 cuius,
419 2545 449 2592 ut
465 2545 500 2592 ita
518 2544 618 2604 dicam,
640 2537 835 2611 ἀντίστροφος
871 2541 926 2592 lim.
967 2544 1045 2604 Quod
1068 2547 1160 2594 autem
1184 2546 1315 2595 lunonem
1343 2551 1399 2595 tam

308 2622 367 2667 erat
387 2620 534 2681 Augustus,
561 2617 628 2670 alter
652 2617 758 2680 imperii
782 2616 835 2665 llo-
872 2629 968 2667 severe
986 2619 1111 2668 Romanis
1134 2619 1294 2669 interdicere
1313 2619 1398 2683 fingit,

307 2693 379 2742 mani
396 2690 525 2751 conditor,
544 2693 624 2754 atque
637 2689 835 2754 perquendam
872 2703 906 2741 ne
938 2705 1057 2754 unquam
1089 2693 1231 2742 restituant
1260 2694 1400 2757 antiquam

307 2765 428 2828 poeticae
446 2765 610 2826 φαντασίας
626 2763 736 2828 plenum
752 2763 836 2826 impe-
872 2763 943 2815 illam
959 2767 1065 2816 troiam
1090 2767 1152 2827 [non
1175 2766 1249 2830 quod
1266 2769 1331 2818 tunc
1347 2768 1401 2818 ito·

308 2841 364 2890 tum
383 2839 405 2900 (a
418 2851 510 2902 quov.
532 2838 572 2888 69.
592 2851 621 2888 se
642 2839 698 2901 ipse
717 2836 833 2897 revocat)
872 2837 951 2888 rebat
976 2837 1074 2902 Ilium),
1105 2840 1132 2890 id
1157 2841 1284 2904 equidem
1310 2855 1344 2891 ex
1366 2855 1401 2891 eo

308 2913 415 2976 exponit
431 2911 527 2963 elatam
544 2926 577 2962 ac
594 2911 738 2962 sublimem
754 2913 836 2962 luno-
872 2912 982 2963 ducmm
999 2915 1079 2976 puto,
1098 2913 1172 2977 quod
1188 2927 1252 2965 casu
1270 2915 1401 2965 recorda-

308 2987 348 3036 nis
376 2985 410 3035 de
438 2985 549 3037 ltomulo
574 2986 609 3036 ad
637 2988 743 3037 ceteros
768 2985 835 3036 deos
871 2988 915 3037 tus
936 2989 1009 3037 esset
1029 2986 1172 3051 aliquando
1194 2988 1263 3040 illius
1279 2988 1315 3038 de
1333 2990 1402 3039 Cae·

307 3061 463 3111 orationem.
492 3060 586 3124 (Quam
603 3060 712 3124 quidem
729 3062 834 3124 partem
871 3073 932 3110 aare
949 3062 1082 3122 rumoris,
1101 3064 1177 3112 cuius
1193 3063 1316 3112 meminit
1331 3064 1402 3113 Sue-

308 3135 431 3184 oarminis
457 3147 522 3185 sane
547 3135 726 3186 necessariam
753 3133 833 3184 tuisse
871 3135 959 3185 tonius
977 3135 1053 3185 Caes.
1072 3136 1130 3198 itt,
1152 3135 1198 3186 ubi
1216 3137 1285 3186 inter
1301 3149 1401 3187 causas

307 3208 368 3258 ideo
380 3211 496 3260 maxime
509 3209 635 3273 equidem
647 3208 745 3268 iudico,
759 3208 831 3271 quod
871 3208 962 3258 caedis
971 3209 1094 3260 Caesaris
1102 3211 1172 3260 banc
1181 3223 1289 3273 quoque
1301 3211 1399 3262 refert:

306 3277 423 3349 γνώμας
448 3295 491 3332 vv.
512 3284 610 3333 t-lli.
639 3283 687 3332 etsi
712 3281 834 3344 imagini·
872 3283 938 3343 octo
962 3283 1038 3332 etiosa
1061 3285 1139 3333 cor-tc
1161 3285 1234 3347 sorno
1254 3285 1402 3346 pererebott

307 3355 358 3408 bus
376 3356 476 3420 aliquot
492 3360 598 3408 ornatas
615 3357 641 3406 in
658 3359 713 3406 tarn
725 3353 832 3406 sublimi
869 3357 1042 3420 miqrauauen
1063 3358 1245 3408 Alucoadttom
1263 3359 1303 3407 ool
1324 3359 1402 3408 mano

308 3433 425 3482 carmine
460 3432 583 3494 excipere
612 3429 730 3481 debebat
757 3428 832 3480 locus
869 3431 1001 3480 translatio
1024 3431 1099 3481 amul
1121 3431 1208 3493 opttus
1229 3433 1332 3494 enpust
1348 3446 1400 3482 ex-

307 3519 371 3556 vere
389 3519 450 3555 cum
469 3506 590 3568 poeticus
607 3508 664 3555 tum
682 3505 833 3554 etiamora·
869 3503 1009 3565 baedaque
1031 3506 1108 3554 ltotto
1132 3505 1263 3555 delectibut
1287 3511 1312 3555 at
1333 3521 1401 3568 pro-

308 3581 404 3638 tomus,
426 3581 536 3642 propter
553 3578 605 3628 hoo
622 3581 709 3642 ipsum
726 3578 761 3628 ad
778 3581 832 3628 lto·
870 3580 1000 3629 curatione
1037 3579 1108 3629 croc
1142 3581 1231 3628 coacta
1265 3582 1399 3642 pastam.

307 3665 448 3702 manorum
465 3652 600 3714 ingenium
617 3664 698 3715 quam
715 3653 831 3703 maxime
869 3653 928 3703 Non
955 3653 1027 3716 quod
1058 3656 1208 3716 Augustus,
1247 3653 1403 3705 dominator

307 3726 460 3788 appositus3
496 3737 577 3787 quem
603 3727 648 3788 qui
673 3728 831 3790 praesertim
872 3727 950 3778 nimia
975 3726 1086 3778 callidm
1114 3741 1146 3778 ac
1174 3727 1308 3792 prudens,
1346 3729 1401 3777 boc

306 3802 415 3863 propter
432 3798 614 3862 inaequalem,
637 3803 667 3849 ut
683 3800 832 3864 opinaban·
870 3800 942 3852 idem
969 3800 1109 3852 consilium
1135 3814 1255 3864 unquam
1276 3802 1400 3864 agitarit:

306 3878 363 3932 tur,
382 3874 416 3923 ad
434 3877 555 3924 catenam
572 3887 681 3924 carmen
698 3877 832 3926 rationem
870 3875 970 3926 nullum
996 3877 1068 3926 enim
1093 3877 1172 3926 buius
1193 3877 1234 3925 rei
1256 3875 1402 3938 vestigium

306 3963 338 3998 uc
364 3949 499 4011 quandam
525 3951 552 3998 et
583 3950 776 3999 sententiarum
805 3947 832 3999 et
870 3948 948 4000 nobis
965 3952 1103 4000 servatum
1120 3952 1176 4009 est,
1195 3963 1246 4000 nec
1263 3950 1398 4012 prolecto.

306 4023 451 4072 verborum
469 4022 671 4072 redundantiam
696 4023 831 4086 vitupera·
869 4025 891 4074 si
917 4024 969 4073 boc
998 4026 1087 4074 animo
1117 4023 1257 4083 voluisset,
1295 4024 1398 4074 lloratii

307 4099 381 4154 runt.
400 4095 551 4147 libertatem
568 4097 677 4159 vimque
694 4094 770 4158 lyrici
786 4111 832 4160 ga-
870 4101 928 4148 erat
945 4097 1039 4150 attale
1056 4100 1222 4163 propositum
1234 4099 1356 4148 carmine
1374 4101 1401 4148 in

307 4171 377 4220 neris
395 4183 456 4222 sese
473 4185 569 4236 parum
587 4183 666 4222 nosse
685 4169 755 4221 clare
771 4185 833 4235 pro-
869 4172 963 4236 volgus
988 4173 1060 4225 edito
1085 4171 1257 4229 dissuadere3
1284 4172 1349 4230 sed,
1375 4175 1402 4222 ni
