2934 4884
479 364 537 413 Lm.
558 364 576 412 Ι.
598 365 628 412 C.
647 362 745 413 mv.

280 517 392 583 Cieros
414 518 554 584 trabales
576 527 609 584 et
630 538 754 585 euneos
777 538 873 583 manu

320 638 455 705 Gestaris
477 646 575 715 uena,
599 658 662 705 neo
683 658 821 705 severus

339 759 447 825 Uncus
469 758 562 823 abest
583 758 810 845 liquidumque
833 758 1010 845 plumbum.
1152 761 1193 823 20

276 918 319 980 Te
340 916 423 1002 Spes
445 926 478 981 et
500 916 574 982 elbo
595 938 670 983 rara
690 916 788 983 Fides
810 916 886 983 colit

273 1037 382 1103 velata
402 1058 511 1124 panno
532 1058 593 1103 neo
615 1037 766 1103 comitem
789 1036 941 1123 abnegat,

168 1228 209 1276 ἥ.
236 1227 346 1291 abnepos
369 1226 547 1277 Doederieiuii
573 1216 732 1291 discipulub,
759 1225 890 1291 probante
917 1228 1052 1289 magistro.
1094 1228 1159 1279 Vide

130 1301 207 1364 apud
223 1303 312 1364 ipsum
330 1304 361 1351 il.
379 1303 484 1351 Somou.
503 1315 529 1365 p.
548 1302 606 1352 me.

98 1460 241 1510 machmas
265 1472 315 1523 per
336 1459 485 1509 excisiones
511 1461 627 1509 traiectis
663 1458 876 1508 sacrificabunt.»
904 1459 1142 1521 (Serviusodneu.
1163 1462 1187 1521 6,

97 1535 145 1581 etr.
160 1534 263 1582 mimo.
277 1534 318 1593 40,
338 1533 378 1582 tu.
398 1534 435 1583 id.
450 1534 490 1593 40,
511 1536 549 1585 48.
570 1536 624 1584 Cie.
663 1534 725 1583 636:
753 1534 821 1583 Fidei
840 1548 927 1595 paone
948 1534 1032 1584 vetate
1046 1548 1126 1585 mone
1144 1548 1188 1583 m-

98 1610 124 1656 in
147 1608 261 1657 Timaeo
278 1609 319 1657 ts.
339 1634 368 1643 -
387 1609 460 1657 Uneis
476 1611 566 1659 eutem
582 1608 625 1659 vei
661 1607 839 1671 tripertiatur,
872 1610 933 1669 qua
958 1610 1019 1671 fides
1046 1614 1112 1659 tecta
1138 1624 1189 1659 esse

97 1683 276 1732 ensisterreis
285 1681 387 1745 lapides
398 1682 550 1733 firmissime
558 1684 627 1732 iuter
661 1681 730 1730 debet
757 1686 780 1731 et
805 1681 911 1745 uelato.)
948 1682 1048 1733 Verum
1077 1686 1188 1747 propius

96 1756 541 1817 sederinciuutureteontineutur,
548 1770 627 1820 prue-
660 1754 731 1803 udb.
739 1752 756 1805 i.
767 1755 880 1815 aceedit,
891 1754 963 1820 quod
972 1756 999 1805 in
1007 1757 1116 1819 picturis
1124 1758 1190 1807 lier-

96 1831 191 1879 serum
212 1830 262 1879 ubi
282 1831 311 1878 in
326 1830 475 1880 excisiones
495 1830 625 1894 liquatum
660 1827 848 1879 oulenensibus
873 1843 904 1878 uc
923 1830 1090 1893 Pompeianis
1108 1830 1186 1889 deae,

95 1903 242 1966 plumbum
251 1903 464 1954 iubruditur.Cir.
473 1904 564 1967 Eurip.
574 1906 626 1954 Au·
660 1906 690 1951 ut
700 1901 735 1950 itu
748 1902 847 1959 dicem,
862 1900 1010 1965 simplicem
1024 1902 1185 1965 clementes,

96 1978 185 2027 drom.
194 1978 256 2027 267.
266 1978 363 2037 Vitei,
373 1977 398 2026 8.
413 1978 534 2027 mmm
547 1981 626 2028 vocet
659 1976 799 2026 beneficae
823 1977 939 2038 (venus,
967 1978 1064 2035 Dione,
1090 1978 1185 2035 Ceres)

96 2064 208 2111 uncum,
227 2052 290 2113 quie
301 2052 433 2101 artissime
445 2049 547 2114 lapides
558 2066 625 2102 con·
659 2048 727 2099 ulbis
746 2050 806 2113 (uon
818 2050 943 2109 candidis,
965 2050 1118 2113 nitentibus)
1137 2064 1187 2100 ve-

95 2126 187 2175 tinens
202 2126 347 2175 maximnm
362 2126 417 2173 vim
437 2126 463 2175 in
481 2140 529 2175 eos
546 2139 625 2175 exer·
659 2123 745 2173 stibus
766 2122 924 2187 plemmque
950 2124 1057 2172 indutae
1076 2136 1187 2187 compu-

96 2204 147 2248 oet.
188 2200 286 2261 (Longe
303 2198 393 2257 aliter,
416 2198 465 2249 sed
482 2197 562 2258 falso,
582 2203 624 2249 to-
659 2201 728 2247 rent.
765 2195 860 2257 Quidni
887 2196 964 2257 igitur
990 2197 1069 2245 etiam
1096 2196 1185 2257 Fidei,

96 2272 490 2337 tumiocumexpiioetComm.
505 2274 621 2337 cruquii:
660 2270 811 2320 suavissimi
829 2270 959 2329 numinis,
978 2270 1046 2319 vesti
1058 2268 1099 2318 rel
1113 2272 1186 2319 certe

97 2348 213 2411 -Ctaoesl
239 2360 323 2409 genus
348 2348 480 2398 tormenti.
505 2348 623 2412 trebates]
659 2343 719 2393 velo
745 2344 861 2393 eundem
888 2342 1007 2393 colorem
1034 2342 1185 2403 tribuerint,

96 2420 181 2471 iertes
198 2423 227 2470 et
244 2434 354 2483 magnos
371 2422 406 2471 ud
417 2422 623 2472 rescindendam
660 2420 842 2482 incorruptam
854 2415 922 2466 iilius
934 2416 1113 2478 integritatem
1125 2430 1188 2465 can-

96 2497 312 2560 prosperitatem.
341 2496 431 2559 dmm]
457 2508 512 2559 quo
527 2497 624 2559 punie-
659 2492 808 2555 doremque
826 2492 907 2541 animi
929 2490 1066 2554 aptissime
1085 2490 1186 2553 siguifi-

96 2571 195 2621 bantur
212 2572 330 2621 damuati
348 2572 372 2634 te
391 2572 525 2621 Gemoniis
541 2572 569 2619 in
579 2572 623 2621 Ti·
659 2568 784 2617 ceutem‘t
796 2595 823 2603 -
835 2567 962 2615 Ceterum
968 2566 1029 2627 Spes
1038 2567 1065 2615 et
1073 2566 1186 2614 Fortuna

97 2646 181 2695 berim
193 2646 282 2695 tracti.
293 2646 367 2695 ovid.
381 2644 435 2695 ibis
447 2646 525 2708 tue).
541 2646 624 2706 ptem
659 2642 764 2691 iunctae
777 2641 856 2690 etiem
871 2640 898 2689 in
915 2640 1000 2689 Museo
1018 2640 1144 2689 Clitarum.
1164 2640 1183 2688 1.

96 2721 159 2784 bun]
177 2722 251 2769 Nam
272 2721 299 2768 et
319 2719 436 2770 resoluto
452 2718 563 2782 plumbo
584 2721 623 2768 rei
658 2716 686 2764 T.
704 2716 745 2764 20.
762 2740 788 2751 —
802 2728 867 2763 rara
878 2714 957 2777 Fides]
971 2712 1048 2773 Quod
1060 2714 1112 2761 rari
1124 2715 1186 2763 sunt

96 2796 181 2858 puniri
199 2794 435 2854 consueverimus)
455 2792 625 2843 -AbaFor-
657 2789 781 2838 homines
798 2787 904 2848 fideles,
931 2788 979 2851 ipsi
997 2787 1063 2836 deae
1083 2786 1182 2836 tribuit.

96 2871 223 2918 tunarum
241 2866 381 2926 attribute,
408 2867 442 2917 eb
466 2868 574 2916 Horatio
593 2870 624 2915 ut
658 2862 764 2924 Virgilio
776 2864 841 2911 Aen.
858 2863 881 2922 4,
894 2862 951 2911 292.
971 2861 1042 2911 Fides
1053 2864 1094 2911 est
1106 2874 1182 2921 cano,

97 2944 173 2993 nimis
190 2940 310 3003 volgaria
332 2940 452 2992 consulto
469 2942 620 3005 praeterite,
657 2938 758 2999 prison,
780 2937 902 2998 antique,
925 2934 998 2999 qued
1015 2936 1058 2983 bic
1076 2947 1185 2998 quoque

96 3018 240 3068 enmuerat
250 3017 345 3066 Fronto
356 3016 403 3065 Ed.
418 3015 581 3066 nomime.
593 3028 620 3078 p.
656 3011 794 3061 intrudere
819 3021 952 3059 nonnemo
974 3007 1065 3058 voluit.
1097 3008 1182 3070 (Fides

98 3091 156 3140 tre:
183 3091 326 3140 Dicendum
347 3096 382 3139 est
403 3090 556 3150 desertum
572 3090 623 3137 ati-
657 3085 754 3135 uides
773 3082 843 3133 culte
861 3084 1020 3133 uflomanis.
1049 3081 1101 3132 Cir.
1116 3083 1184 3132 Cur·

98 3164 174 3224 ertit?
199 3165 291 3213 Omnes
309 3163 344 3212 toi
359 3165 485 3213 Fortunat
500 3163 621 3225 Antiates,
658 3157 738 3209 diuuli
762 3157 873 3219 utptomi
896 3156 1002 3205 militari
1027 3155 1090 3205 Tub.
1116 3158 1134 3203 l.
1154 3170 1181 3219 p.

97 3239 281 3299 meros,
291 3238 463 3300 despicimus,
475 3238 623 3287 balnearum
657 3235 726 3283 XVI:
746 3231 980 3281 immurmuro.
1000 3230 1116 3279 AEDES.
1142 3230 1185 3278 FI-

97 3315 169 3362 etium
192 3313 321 3362 Fortunae
340 3325 425 3361 omues
446 3325 504 3361 cren
521 3312 620 3373 monis,
657 3303 1012 3357 uttl.POPVL1.n0MAni.
1040 3303 1183 3351 Fidercen-

97 3388 233 3447 moretis,
245 3386 619 3449 mmmdemeculisrepen'os.
657 3382 718 3430 dido
736 3384 763 3431 P.
777 3380 867 3429 Victor
879 3379 906 3427 in
917 3380 979 3438 Reg.
992 3376 1057 3424 viil.
1073 3377 1180 3425 Romae.

97 3460 621 3523 eudemumeteoommuieotetapud
658 3457 712 3505 Liv,
737 3456 766 3513 4,
790 3455 836 3503 st:
865 3454 950 3502 Nema
975 3450 1020 3499 seli
1043 3449 1112 3498 Fidei
1132 3450 1183 3497 sot-

98 3537 248 3585 Paeuvium.
272 3536 336 3596 [Ser.
350 3534 385 3583 ad
397 3535 458 3584 iter.
472 3535 495 3593 ἲ,
509 3534 556 3593 23,
570 3533 621 3594 36.)
657 3530 736 3579 tenne
752 3526 875 3587 instituit.)

126 3612 168 3660 2⁴.
186 3609 258 3672 spes]
276 3608 447 3658 macedonius
468 3608 495 3657 iu
515 3606 619 3657 Autboi.
691 3604 731 3651 22.
755 3614 799 3651 uec
820 3601 933 3651 comitem
949 3598 1064 3662 abrepat]
1084 3610 1128 3659 se,
1154 3601 1184 3646 ut

98 3682 146 3732 Pel.
164 3685 197 3733 Π.
217 3683 279 3732 tot:
299 3677 396 3746 Τύχης
412 3680 527 3750 ἑταίρας
545 3682 623 3730 vocat
657 3677 763 3725 Terent.
789 3675 854 3723 Eun.
876 3675 907 3733 2,
932 3672 962 3733 3,
986 3672 1033 3722 84ι
1059 3672 1133 3734 [nette
1155 3677 1184 3720 ut

95 3750 233 3818 Ἑλκὶδας.
269 3757 336 3821 Spes
364 3760 392 3804 et
419 3756 496 3805 Fides
520 3756 621 3815 Itomae
655 3764 704 3811 pro
726 3748 836 3798 surrectio
855 3745 960 3808 probes,
987 3747 1020 3795 te.
1057 3745 1131 3794 Ovid.
1151 3746 1181 3793 Α.

97 3830 194 3894 templa
212 3829 357 3879 habebunt.
377 3856 404 3864 -
417 3828 620 3891 albo-wem]
658 3827 687 3874 Α.
708 3825 737 3881 4,
758 3822 818 3871 tur:
845 3820 873 3870 Si
894 3834 945 3881 que
966 3824 1125 3882 repugnarat
1140 3820 1182 3867 ni-

95 3904 266 3953 innoeentiee
296 3904 350 3953 hoe
382 3906 463 3965 etque
497 3902 621 3952 candoris
656 3896 1076 3956 monemnmmqeeneparatme.
1095 3892 1183 3957 (Abne-

96 3979 175 4027 auimi
208 3976 371 4038 symbolum.
410 3976 518 4027 Hesiod.
540 3968 619 4042 Ἒργ.
656 3986 704 4036 aas
719 3984 769 4035 pro
788 3972 862 4019 certo
880 3980 960 4017 nemo
982 3968 1104 4031 recipiet,
1129 3978 1182 4029 que

98 4052 152 4100 498.
173 4050 348 4103 Memorabile
365 4051 458 4113 utique
477 4051 529 4109 est,
549 4048 621 4112 quod
657 4045 802 4095 mutatione
836 4042 905 4105 perit
935 4033 1079 4102 ἀντίθεσις
1113 4041 1182 4088 inter

96 4124 279 4175 dicuutnmon
288 4128 316 4175 et
325 4126 429 4175 comm.
437 4124 529 4186 Cruq.:
541 4120 622 4171 «Albo
657 4122 743 4170 Fiden
760 4116 1017 4181 emolumentium,
1037 4112 1108 4177 quod
1121 4112 1182 4160 For-

96 4212 186 4261 panno
210 4201 289 4262 ceput
311 4198 450 4258 retebant,
479 4198 526 4260 qui
551 4195 622 4245 Fidei
658 4197 736 4243 tunae
755 4193 853 4256 opponi
871 4192 980 4254 nequit.)
