2934 4884
677 429 805 477 ironam
825 429 993 480 canutum!

416 585 551 650 Dortras
574 582 737 660 obamiet,
761 603 921 670 quaerere
944 583 1069 658 distuli,

417 707 483 771 Neo
505 705 589 770 scire
613 705 659 770 las
683 714 732 770 est
754 705 880 782 omnia;
902 742 945 752 —
967 705 1028 770 sod
1050 705 1105 770 diu

461 829 604 912 Lateque
627 826 777 892 victrices
800 837 949 892 catervae

503 947 651 1014 Consiliis
676 947 801 1012 iuvenis
825 947 966 1012 revictae

418 1107 577 1182 Sensere,
601 1105 680 1192 quid
703 1126 796 1171 mens
818 1105 895 1179 rite,
919 1105 998 1192 quid
1022 1105 1146 1172 indoles
1338 1111 1374 1171 25

417 1227 539 1293 Nutrita
561 1227 672 1293 laustis
695 1225 757 1293 sub
779 1225 999 1313 penetralibus

460 1351 590 1422 Posset,
614 1348 693 1435 quid
715 1347 850 1434 Augusti
873 1357 1028 1434 paternus

356 1531 398 1580 94.
422 1529 533 1579 odarum
554 1539 689 1592 superscr.
709 1526 771 1577 «rel
793 1527 856 1576 rub»
874 1527 905 1588 d,
925 1527 1053 1578 mocmm
1068 1542 1092 1577 c.
1114 1557 1141 1564 —
1159 1528 1201 1579 24.
1219 1543 1349 1592 repressae

325 1618 394 1656 corr.
407 1602 441 1666 β,
460 1601 607 1664 Bentleius,
619 1603 725 1652 reiectae
736 1602 856 1652 Wadius.
871 1629 899 1639 -
912 1603 953 1652 26.
966 1602 1064 1666 sumtis]
1076 1605 1169 1652 sanctis
1179 1603 1266 1654 Bentl.
1279 1607 1347 1655 coni.

324 1763 365 1812 94.
388 1763 429 1812 99.
457 1761 581 1821 elamet]
605 1762 714 1810 Praeter
733 1761 819 1810 Hora·
855 1763 1055 1824 proponentes:
1096 1762 1182 1811 Videre
1204 1764 1290 1813 Raetis
1317 1765 1377 1814 bellu

291 1839 357 1888 tium
388 1837 439 1886 hoc
466 1834 550 1884 verbo
579 1835 619 1884 usi
648 1837 710 1884 sunt
738 1836 818 1884 etiam
855 1835 900 1884 neb
920 1835 1023 1896 Alpibus
1041 1837 1154 1886 Duram
1176 1843 1305 1900 geremm
1324 1840 1380 1888 iin-

292 1911 425 1962 Ausonius
453 1909 539 1973 Epigr.
566 1909 607 1958 95.
639 1911 666 1957 et
692 1907 820 1972 Apuleius
856 1909 945 1966 deiici;
971 1913 995 1958 et
1015 1910 1060 1958 diu
1082 1909 1131 1972 (vel
1152 1917 1177 1960 et
1192 1912 1313 1972 ommso,
1340 1914 1380 1962 diu

293 1987 400 2037 Metam.
425 1985 453 2044 2,
480 1985 521 2034 25.
552 1984 582 2042 9,
610 1984 637 2032 i:
667 1989 757 2032 cenna
780 1997 820 2032 me
856 1983 1006 2046 dumtaxat)
1032 1987 1102 2044 oet.;
1137 2000 1190 2049 quo
1221 1988 1335 2050 quidem
1358 1995 1380 2037 et

292 2073 383 2110 munus
408 2060 501 2122 impius
531 2057 688 2107 adamabat.
729 2059 819 2107 Lectio
855 2056 918 2107 nihil
936 2056 1087 2120 languidius
1104 2061 1249 2122 excogitari
1266 2067 1378 2126 poterat,

290 2135 418 2186 nebarnwt
434 2135 494 2182 nata
511 2133 618 2183 videtur
634 2147 667 2182 ex
683 2131 770 2183 littera
785 2134 819 2183 ii-
856 2145 917 2182 curu
935 2133 977 2182 sed
994 2135 1109 2197 optime,
1135 2138 1166 2184 ut
1181 2136 1254 2199 apud
1272 2139 1379 2188 Cicero·

292 2209 343 2260 nali
358 2209 579 2274 praecedentisv.
589 2209 709 2258 Bactros.
723 2235 752 2245 -
766 2210 819 2259 dis-
855 2221 917 2257 nem
935 2207 1104 2270 frequenter,
1127 2208 1312 2273 subsequatur
1328 2226 1379 2260 πσ-

292 2285 345 2346 aar]
379 2297 525 2347 «quaerero
552 2283 731 2345 supersedeo,
765 2296 817 2332 non
854 2281 999 2352 ρενθέσεις
1016 2283 1177 2334 hocsensu:
1197 2284 1278 2345 «sed,
1297 2289 1378 2344 uteo,

291 2361 395 2410 vacat.»
418 2386 445 2395 -
468 2360 520 2408 Neo
536 2359 599 2406 scire
614 2357 656 2420 fer
672 2362 707 2406 est
723 2358 817 2419 ornatu]
854 2356 926 2406 unde
952 2357 1089 2420 digressus
1117 2371 1194 2419 sum,
1232 2363 1378 2410 revertar.-

292 2435 348 2484 Hoc
357 2432 466 2496 quidem
479 2431 561 2481 reicit
572 2431 817 2495 antiquissimorum
854 2431 966 2481 Omnino
984 2431 1018 2482 de
1030 2433 1083 2482 hoc
1098 2431 1157 2482 loco
1168 2433 1243 2484 idem
1259 2435 1318 2485 iere
1335 2449 1379 2484 ra·

291 2512 444 2572 temporum
461 2517 584 2564 sensum,
612 2518 674 2554 oum
691 2503 818 2555 mortales
854 2505 903 2566 iet,
930 2505 1004 2568 quod
1027 2506 1061 2556 de
1085 2507 1215 2560 similibus
1236 2509 1380 2573 digressio-

291 2582 405 2632 deomm
438 2577 572 2628 voluntate
606 2581 728 2640 negatam
767 2577 817 2628 sibi
854 2580 933 2630 nibus
956 2579 1004 2629 Od.
1023 2579 1052 2640 9,
1078 2582 1122 2642 44,
1146 2584 1257 2633 47-20.
1280 2584 1332 2634 od.
1351 2585 1378 2637 a.

291 2669 351 2708 esse
369 2665 460 2703 rerum
479 2653 609 2715 imprimis
626 2653 660 2702 ud
677 2653 817 2714 religiones
855 2655 901 2714 ii,
925 2655 969 2704 2-
981 2656 1025 2715 o,
1043 2668 1129 2718 quae,
1150 2657 1380 2718 quemadmodum

289 2729 480 2795 pertinentium
514 2727 691 2788 cognitionem
724 2727 816 2775 timide
854 2729 934 2790 haec,
964 2729 1033 2778 miro
1058 2741 1122 2779 casu
1148 2731 1206 2779 sine
1228 2733 1312 2782 metri
1334 2732 1380 2782 da·

292 2804 477 2867 agnoscerent.
506 2802 561 2849 Neo
578 2801 635 2849 sine
653 2813 733 2848 eausa
752 2802 817 2850 Sca·
854 2815 917 2852 mno
928 2804 1045 2851 resecari
1061 2807 1181 2866 possunt.
1209 2806 1378 2870 Quamquam

290 2877 356 2940 liger
379 2874 528 2938 comparari
551 2873 627 2923 iussit
643 2874 717 2924 Pind.
737 2877 813 2925 Nem.
853 2878 880 2927 in
905 2877 957 2926 hoc
979 2877 1089 2927 artificio
1114 2879 1219 2942 poetico
1243 2881 1379 2931 Horatium

290 2953 319 3010 o,
340 2949 387 2998 ⁴6:
415 2943 574 3012 στάσομαι·
598 2939 634 2997 οὔ
651 2962 696 2997 τοι
713 2938 817 2998 ἅπασα
853 2951 942 3000 minus
958 2949 1063 3002 ielicem
1081 2953 1194 3002 Pindaro
1211 2953 1295 3005 tuisse
1312 2953 1379 3006 haud

290 3021 410 3094 κερδίων
421 3023 562 3074 Φαίνσισα
575 3019 731 3090 πρόσωπον
747 3017 817 3073 ἀλά-
853 3039 931 3088 nego.

290 3099 343 3150 θεῖ
362 3093 495 3169 ἀτρεκής·
519 3098 575 3148 Καὶ
592 3094 626 3147 τὸ
643 3095 728 3165 σιγᾷν
742 3097 817 3149 nol·
886 3101 928 3150 23.
946 3100 988 3151 sl.
1011 3103 1136 3163 emmae]
1153 3105 1247 3166 utpote
1264 3103 1301 3154 de
1320 3105 1379 3156 bn-

290 3171 374 3238 λάκις
399 3174 460 3225 ἐστὶ
477 3169 651 3234 σοφώτατον
672 3168 816 3244 ἀνθρώπῳ
853 3173 935 3224 baris.
957 3200 984 3211 -
1004 3177 1125 3238 Consiliis]
1145 3177 1299 3228 «mentm
1317 3179 1380 3230 soili-

290 3249 407 3315 νοῆσαι.
428 3277 454 3284 -
477 3248 533 3297 lam
546 3248 716 3298 manifestum
733 3253 774 3299 est
790 3249 816 3298 id
854 3251 897 3297 cet
907 3249 1105 3311 mperatum,
1117 3253 1184 3310 quod
1193 3252 1288 3302 Graeci
1299 3259 1380 3322 στρσέ

290 3325 428 3375 Horatium
447 3323 552 3385 egisse,
576 3325 605 3371 ut
622 3321 681 3372 loco
700 3324 733 3372 de
751 3324 817 3374 Vin·
852 3319 971 3387 τήγημσ
987 3323 1126 3385 appellent,
1144 3329 1174 3374 ut
1190 3327 1228 3375 uit
1240 3327 1337 3378 Cicero
1348 3327 1378 3376 de

291 3397 383 3448 delicis
417 3395 582 3460 aliquantum
610 3390 815 3458 immoraretur;
853 3398 884 3445 N.
903 3397 934 3445 D.
954 3397 983 3456 3,
998 3397 1027 3456 6,
1042 3399 1082 3448 io.
1109 3400 1218 3449 SieLiv.
1233 3401 1264 3460 9,
1280 3404 1326 3463 47,
1341 3401 1377 3452 ii.

257 3479 258 3482 ’
290 3472 317 3521 id
336 3471 408 3535 quod
426 3471 525 3535 optime
544 3471 601 3520 deri
619 3473 723 3533 poterat
740 3484 816 3522 more
853 3471 1095 3530 Tao.llnn.2,8.n
1114 3473 1195 3522 lines.
1214 3501 1244 3509 -
1261 3475 1377 3538 revictae]

291 3544 496 3608 sliquoillorum
509 3546 603 3608 insigni
619 3545 815 3607 describendo;
854 3546 974 3594 Graviter
1008 3548 1036 3594 et
1069 3559 1132 3595 cum
1164 3547 1191 3595 ri
1213 3549 1379 3600 victrices·-

291 3619 370 3682 elegii
387 3619 466 3682 igitur
483 3631 577 3668 eorum
594 3631 720 3679 secures,
749 3633 818 3684 qua·
852 3621 975 3680 revictae,
1003 3632 1129 3684 «prorsus
1145 3621 1246 3682 victae,
1269 3624 1378 3686 perditis

290 3707 351 3744 rum
369 3695 456 3743 aciem
468 3693 578 3744 Romani
595 3694 658 3744 sutis
676 3697 752 3743 erant
769 3708 818 3744 ex·
853 3692 979 3743 omnibus
1004 3706 1074 3756 quae
1097 3695 1215 3744 victoriis
1237 3699 1296 3747 suis
1321 3701 1378 3748 ante

292 3770 379 3832 perti;
406 3770 486 3831 utque
510 3765 544 3815 ed
567 3779 629 3816 eum
653 3767 735 3816 tinem
753 3781 818 3818 usus
852 3768 935 3830 partis
962 3767 1014 3818 sibi
1047 3767 1287 3819 concitaverant.»
1327 3773 1375 3822 cic.

292 3845 333 3893 est
350 3842 529 3906 digressione,
548 3854 617 3904 quae
629 3843 757 3904 gravitate
769 3843 819 3892 mi-
853 3839 1105 3904 presulatum
1127 3843 1215 3894 minus
1240 3845 1376 3908 singulari-

292 3918 364 3968 nime
383 3920 465 3968 caret.
501 3917 573 3968 Haec
596 3928 659 3966 cum
680 3918 817 3968 nonsatis
854 3917 911 3965 ter:
940 3915 1036 3977 perdid
1061 3918 1143 3978 dim,
1169 3918 1288 3968 redomiti
1306 3926 1378 3981 muse

292 3993 476 4056 perspicerent
508 3991 667 4054 interpretes
706 3990 817 4054 quidam
853 3991 920 4039 vieti.
939 3989 1016 4054 Apul.
1035 3992 1097 4042 liet.
1115 3992 1145 4052 8,
1166 3991 1214 4041 td:
1233 3995 1377 4044 σι’σισὶσιιεν

292 4077 455 4129 omnemque
487 4065 557 4113 hunc
591 4062 679 4114 locum
705 4077 817 4127 prorsus
853 4065 949 4114 reema
959 4065 1068 4114 elatu.
1088 4065 1271 4127 (Horatianum
1289 4071 1376 4118 autem

293 4137 407 4188 otiosum
425 4151 484 4189 esse
503 4137 645 4198 ducerent,
665 4137 726 4187 inde
739 4152 755 4188 a
766 4140 818 4189 Gu—
853 4138 969 4188 verbum
985 4139 1181 4190 restituendum
1198 4139 1307 4191 ridetur
1319 4143 1377 4192 oii-

293 4211 356 4270 yeto
377 4224 426 4273 pro
450 4211 563 4262 insititiis
583 4210 633 4262 hos
654 4223 751 4262 versus
767 4213 818 4262 hu·
855 4211 899 4262 dio
921 4213 982 4263 liet.
1003 4212 1033 4274 9,
1051 4212 1100 4264 ii:
1131 4213 1269 4277 (Hydram)
1296 4215 1377 4264 mmet

293 4280 424 4344 buerunt,
442 4285 473 4333 iis
486 4283 580 4334 deletis
592 4286 631 4334 sic
643 4284 816 4337 scribendum
854 4287 1023 4348 commeneus
1031 4288 1143 4349 perenni,
1156 4287 1202 4337 uhi
1214 4286 1258 4337 elii
1268 4290 1375 4339 mian
