2934 4884
680 342 808 394 HORAl’ll
827 341 994 392 clamitant

483 504 594 567 Donec
616 499 729 565 virenti
753 497 885 562 canities
909 495 1001 560 abest

429 608 440 620 ”
485 625 621 689 Morosa.
665 623 755 684 Nunc
778 627 810 684 et
832 635 966 703 campus
988 625 1020 680 et
1041 634 1137 679 areae

527 746 698 829 Lenesque
721 739 782 806 sub
805 747 931 804 noctem
959 734 1082 800 susurri

437 903 443 916 ·
529 862 715 950 Composita
736 868 923 946 repetantur
945 855 1039 930 hora,

486 1026 576 1088 Nunc
599 1031 631 1087 et
653 1018 780 1085 latentis
802 1015 948 1104 proditor
970 1013 1079 1079 intimo

486 1145 602 1210 Gratus
624 1139 752 1228 puellae
775 1138 859 1203 risus
882 1135 923 1201 ab
946 1133 1062 1221 angirlo

527 1263 714 1350 Pignusque
738 1259 907 1346 dereptum
929 1255 1056 1322 lacertis

528 1388 589 1450 Aut
610 1382 709 1470 digito
731 1378 820 1484 male¹
838 1377 1002 1466 pertinaci.

362 1590 402 1638 at.
421 1587 517 1636 intanto
534 1597 557 1632 c.
579 1610 606 1616 -
626 1581 667 1630 23.
686 1581 811 1641 direpturi
828 1577 865 1626 ST
883 1578 910 1626 et
927 1588 996 1625 corr.
1016 1573 1043 1623 b.

298 1767 323 1822 6,
344 1765 404 1814 tua:
422 1764 509 1822 Parce,
524 1773 625 1822 precor,
642 1759 736 1817 Paean,
754 1760 821 1805 44414
858 1761 953 1820 cultat;
972 1775 1033 1812 mox
1051 1763 1141 1811 aulem
1160 1774 1192 1810 ex
1209 1759 1319 1823 angulo¹
1339 1759 1383 1808 ubi

297 1842 391 1901 depono
413 1838 526 1899 sapittat.
557 1836 585 1883 el
613 1834 735 1882 llorfllius
763 1831 820 1894 ipse
858 1837 934 1897 latet,
958 1837 1086 1886 cachinno
1108 1834 1213 1886 sublato
1234 1849 1263 1885 se
1281 1835 1381 1899 prodit;

297 1916 363 1977 Epp.
384 1913 407 1971 4,
426 1911 451 1969 2,
473 1909 518 1958 63:
547 1908 619 1956 Hunc
639 1907 735 1970 frenc,
757 1907 822 1954 hunc
859 1915 963 1960 amator
978 1912 1047 1960 intro
1065 1923 1093 1960 se
1106 1910 1284 1974 praecipitans
1298 1905 1384 1957 amill-

297 1993 325 2036 tu
341 1997 465 2046 compesce
481 1989 578 2031 culcita.
857 1985 912 2034 lam
937 1983 979 2034 vel
1006 1983 1127 2043 anulum,
1154 1984 1248 2046 pignus
1273 1983 1381 2036 amoris.

331 2062 370 2109 47,
397 2057 496 2120 virenti]
515 2056 627 2105 tlorenti.
647 2055 759 2105 Theocr.
779 2055 819 2114 tl,
859 2061 956 2123 deripit
972 2058 1077 2123 puellae
1095 2056 1227 2109 simulanti
1249 2071 1278 2106 se
1303 2057 1384 2120 pcrti-

297 2135 342 2184 66:
366 2128 706 2201 χλοεροῖσιν-μελιῖεσσιν.
737 2129 819 2192 Epod.
859 2147 955 2184 naccm
977 2147 1036 2184 esse
1058 2146 1090 2182 ac
1115 2131 1251 2190 reluctari,
1279 2131 1329 2180 sed
1355 2141 1382 2178 re

298 2209 338 2269 43,
357 2207 385 2258 l:
405 2208 513 2268 dmrquc
527 2206 711 2267 componito,
729 2205 821 2265 sicque
859 2223 922 2258 vera
941 2221 970 2258 se
988 2206 1094 2272 spoliari
1112 2207 1245 2270 gaudenti.

295 2283 385 2332 stridis
408 2284 526 2330 saccatur.
556 2279 651 2328 Mansit
670 2278 713 2326 hic
729 2280 822 2340 tropus
892 2284 932 2332 20.
951 2281 1106 2345 repetantur]
1126 2279 1237 2330 «crebro
1250 2291 1383 2342 quaeran-

298 2355 368 2406 ltalis
394 2356 420 2405 in
445 2355 472 2403 la
495 2355 571 2402 verda
595 2354 649 2412 cto,
679 2365 732 2401 non
758 2352 821 2400 item
860 2360 928 2406 tur.»
962 2357 1000 2406 Ex
1017 2370 1043 2404 v.
1062 2360 1208 2417 repetantur
1225 2354 1381 2414 cogitatione

298 2431 385 2479 nohis.
860 2429 988 2480 elicienda
1014 2428 1063 2478 alia
1092 2430 1160 2478 risus
1188 2427 1331 2491 proditoris
1359 2428 1383 2474 et

332 2505 372 2553 l8.
390 2505 505 2552 Moroars
521 2501 668 2549 contrarius
686 2501 727 2548 est
744 2501 823 2548 mom-
859 2505 974 2568 pignoris
1008 2503 1111 2567 derepti
1145 2503 1228 2564 magis
1262 2501 1380 2564 propria:

297 2591 367 2641 pero,
386 2578 417 2635 is,
437 2576 482 2637 qui
499 2573 555 2623 aliis
568 2587 671 2623 morem
689 2587 783 2636 gerere
797 2575 823 2622 et
861 2579 950 2627 «Nunc
972 2577 998 2626 hi
1021 2590 1127 2640 quoque
1150 2575 1218 2627 soliti
1238 2576 1382 2624 amantium

298 2651 411 2712 obsequi
429 2651 543 2698 recusat.
560 2676 586 2683 -
599 2647 680 2710 Nunc]
700 2649 746 2698 «tt
758 2661 823 2696 con·
859 2653 909 2701 ioci
927 2665 974 2701 vos
992 2650 1126 2701 delectare
1138 2651 1275 2713 possumus
1300 2647 1382 2698 Nolim

297 2726 370 2775 venit
395 2725 484 2781 aetati,
512 2735 565 2784 qua
590 2735 661 2770 nunc
689 2735 728 2782 es,
756 2721 823 2771 ado·
860 2727 930 2774 enim
948 2724 1072 2789 supplere
1090 2730 1125 2775 cst
1136 2723 1170 2773 ad
1182 2735 1206 2772 v.
1219 2724 1383 2786 prutuarisua

298 2799 429 2850 lesccns.»
464 2796 573 2846 Rufinus
590 2797 615 2843 in
628 2796 705 2846 Anth.
725 2794 782 2846 Pal.
801 2798 820 2846 l.
860 2801 1018 2862 gratumque
1033 2800 1127 2863 pipicus
1148 2811 1210 2848 cum
1228 2796 1284 2848 aliis
1303 2799 1382 2847 inter-

298 2886 324 2937 p.
345 2871 405 2920 tot:
436 2871 518 2934 Ζωῆς
533 2863 704 2938 Ιάνθριόποις
726 2863 823 2934 ὀλίγος
859 2873 990 2937 pretihus.

298 2943 413 3016 χρόνος·
432 2939 498 3013 ἄρτι
514 2941 633 3004 ficator,
644 2938 721 3013 “Apu
737 2945 823 3014 χοροὶ
893 2946 933 2996 il.
957 2947 1023 2995 male
1037 2946 1171 3009 pertinaci]
1199 2959 1270 2994 «non
1290 2945 1381 2994 admo-

298 3020 440 3079 orr'cavot
456 3032 487 3068 τε
503 3016 669 3080 φιλανθέες,
691 3012 755 3087 ἄρτι
772 3035 823 3084 γυ·
861 3020 924 3070 dum
950 3021 1090 3083 pertinaci,
1119 3021 1180 3083 qiua
1200 3017 1381 3069 tantummodo

298 3100 404 3155 ναῖκες.
430 3121 457 3128 -
481 3093 565 3154 creor]
583 3091 641 3141 loca
661 3092 776 3155 publica,
797 3095 823 3142 in
860 3093 966 3145 simulat
989 3107 1018 3143 sc
1040 3095 1150 3144 obniti.»
1185 3095 1322 3145 Contraria
1347 3091 1381 3141 si-

298 3169 395 3232 quibus
407 3165 582 3216 conrenicbat
593 3167 725 3226 iuventus,
743 3180 823 3229 prae·
860 3170 1026 3231 gnificatione
1043 3169 1168 3218 Prudenl.
1197 3168 1318 3218 Cathem.
1338 3165 1378 3214 tt:

298 3244 389 3293 sertim
402 3242 472 3290 circa
485 3237 591 3303 templa,
614 3243 642 3289 ut
654 3243 711 3289 erat
722 3243 822 3290 Romae
859 3245 925 3292 mula
937 3245 1059 3305 partiaco
1075 3243 1189 3292 circandi
1205 3243 1314 3292 studium
1325 3239 1380 3288 sco

298 3331 360 3366 arca
377 3315 500 3374 Volcani,
521 3328 584 3363 area
603 3315 776 3364 Concordiae.
859 3319 938 3367 iacuit
960 3317 1057 3366 casibus
1078 3317 1181 3378 asperis
1223 3317 1275 3366 Cir.
1298 3313 1378 3365 llantl.

331 3391 370 3438 49.
400 3389 444 3438 sub
463 3388 567 3451 noctem]
595 3401 823 3451 «percrepuscu-
859 3394 934 3442 Tura.
954 3393 996 3440 lll.
1015 3405 1041 3455 p.
1061 3393 1117 3441 585.
1141 3388 1234 3440 Tibull.
1255 3392 1278 3450 4,
1297 3391 1321 3449 a,
1341 3385 1377 3438 tt.

297 3463 378 3513 lum.»
413 3464 587 3526 Opponuntur
611 3463 679 3511 haec
704 3461 773 3512 ludis
796 3465 823 3513 et
860 3467 894 3515 de
920 3464 997 3516 simili
1022 3464 1127 3532 puellae
1153 3466 1224 3514 ioco:
1262 3465 1294 3514 m
1310 3463 1380 3512 latuit

298 3536 531 3587 exercitationibus
553 3537 653 3587 diurnis
675 3538 701 3586 in
720 3538 821 3602 Campo
859 3541 959 3588 clausas
972 3539 1244 3601 postadopcrtosorcs.
1265 3537 1379 3588 Pseudo-

298 3611 398 3660 llurtio.
414 3611 560 3673 *cucurril
578 3612 662 3659 Scene
680 3611 748 3660 haec
766 3614 819 3661 est:
859 3613 941 3675 gallus
967 3627 988 3664 s.
1016 3615 1190 3664 Maximianus
1215 3612 1253 3662 El.
1281 3615 1308 3674 t,
1336 3612 1377 3660 67:

298 3685 407 3733 Amator
434 3683 467 3732 ad
496 3685 602 3733 ianuam
633 3687 822 3749 semiapertam
858 3689 891 3737 Et
911 3702 977 3736 tttttw
999 3687 1127 3736 mortuam
1148 3687 1257 3736 latebras
1275 3687 1378 3750 1449444ιά

298 3759 399 3806 amicae
428 3759 493 3808 liora
522 3759 662 3808 constituta
690 3762 820 3820 susurrat,
856 3761 961 3822 petebat.
997 3763 1053 3810 ll'on
1079 3767 1163 3811 tamen
1179 3766 1203 3810 ct
1217 3762 1315 3824 tropicas
1330 3764 1379 3807 tota

297 3831 430 3880 submissa
442 3845 509 3881 voce
521 3845 581 3881 eam
594 3831 720 3894 appellat;
733 3831 821 3896 puella
858 3835 936 3884 latere
955 3835 1056 3896 colena,
1079 3835 1128 3884 Sed
1147 3835 1229 3898 nrupiu
1246 3848 1279 3882 ar
1295 3834 1378 3894 aliquo

297 3903 360 3953 nihil
378 3906 543 3968 respondens
555 3907 622 3954 intra
634 3905 754 3966 domum,
768 3920 821 3970 quo
858 3907 972 3970 cupiebat
994 3914 1070 3969 parte
1089 3909 1183 3958 videti:
1213 3908 1313 3957 Laetior
1336 3906 1377 3954 loo

298 3976 448 4027 ludificetur
465 3979 677 4039 adolescentem,
695 3993 756 4029 sese
775 3993 820 4029 oc·
854 3983 949 4044 potius,
969 3983 1034 4044 quod
1049 3983 1115 4032 mola
1131 3987 1194 4032 tactu
1210 3983 1282 4044 (orat.

728 4115 951 4140 Q
