2934 4884
278 367 340 432 340
665 369 793 418 nonani
811 367 980 418 claumuu

405 525 538 589 Laetum
560 520 692 588 theatris
715 531 764 587 ter
785 521 910 608 crepuit
931 543 1062 586 sonum:

448 645 497 709 Me
519 653 652 709 truncus
676 641 809 728 illapsus
831 640 969 708 cerebro

489 762 683 840 Sustulerat,
708 762 769 828 nisi
792 765 922 828 Faunus
944 762 1042 827 ictum

403 887 523 951 Dextra
544 883 700 960 levasset,
724 881 962 948 Mercurialium

403 1007 518 1073 Custos
539 1005 691 1068 virorum.
736 1001 886 1069 Reddere
915 1003 1059 1068 victimas
1324 1007 1368 1068 30

344 1213 385 1262 26.
413 1211 511 1260 Festum
531 1209 614 1259 Codd.
637 1205 697 1271 aliq.
723 1211 790 1258 teste
817 1209 962 1272 Cuningh.,
990 1210 1035 1271 qui
1061 1211 1129 1259 enni.
1148 1212 1276 1260 antran.
1304 1241 1332 1248 -

312 1287 352 1335 m.
371 1287 483 1348 stupea
499 1286 528 1334 r.

279 1469 347 1522 leins
373 1473 468 1535 iungit:
499 1473 657 1532 volucrisque
680 1471 737 1520 dos
763 1469 804 1532 (et
839 1475 928 1530 tuoque
944 1470 1033 1532 (orm
1056 1497 1085 1506 -
1103 1471 1216 1534 Feratus]
1233 1472 1281 1521 0d.
1296 1472 1320 1532 3,
1340 1474 1365 1528 8,

278 1545 381 1594 babent
404 1545 487 1596 Codd.
507 1545 608 1608 aliquot
623 1543 802 1606 columesque).
840 1544 925 1604 7.,·ut
940 1546 1037 1606 potine
1049 1542 1155 1604 licebat,
1173 1546 1278 1595 Baccho
1290 1559 1369 1596 suam

279 1619 401 1670 tametsi
423 1619 530 1670 Ovidius
552 1623 580 1670 Α.
600 1623 629 1670 Α.
649 1622 678 1677 2,
702 1619 743 1670 tt.
762 1619 804 1668 di·
841 1620 1073 1670 conservationem
1086 1620 1185 1669 tribuit.
1198 1621 1368 1678 iliorum.

279 1691 329 1740 xii:
355 1692 494 1754 deripiunt
515 1693 627 1742 uolucres
648 1693 756 1754 dispartit
777 1693 805 1740 iu
841 1693 968 1744 silvarum
990 1697 1019 1744 et
1040 1707 1166 1757 agrorum
1190 1693 1272 1754 deus,
1299 1701 1368 1759 pcc-

281 1765 369 1814 ordine
380 1779 491 1828 ροοηοτ,
515 1767 558 1815 vix
575 1769 640 1831 puto
657 1767 803 1826 Horatium,
842 1771 897 1820 tam
917 1769 973 1832 agri
993 1771 1129 1820 amantem
1148 1771 1229 1831 atque
1246 1767 1371 1820 solitudi-

280 1840 558 1904 postuminepithctis
567 1841 713 1905 deligendis
722 1839 805 1891 multo
842 1857 891 1893 nes
910 1841 1026 1892 libenter
1049 1841 1282 1908 perambulantem
1307 1857 1372 1907 pro-

282 1915 442 1976 cautiorem,
457 1915 807 1968 dicturumiuisseuoiwros
842 1918 915 1979 tegit.
939 1917 1058 1978 (Lucian.
1082 1917 1125 1968 bis
1148 1921 1242 1968 Aecus.
1268 1918 1313 1966 io:
1344 1909 1371 1966 ὦ

282 1986 339 2036 ntus
360 2001 409 2051 pro
432 1989 565 2052 comum,
591 1994 620 2040 ut
643 1990 691 2040 Od.
710 1990 739 2049 3,
758 1990 804 2049 29,
842 1987 920 2050 Πάν,
942 1987 1188 2055 μουσικώτατε
1208 1992 1258 2039 καὶ
1275 1989 1371 2056 πηδη-

286 2059 332 2110 53:
359 2063 582 2114 celcra-Pmoun
601 2065 671 2128 Virg.
690 2066 757 2114 Aen.
775 2065 804 2123 5,
843 2061 981 2114 τικώτατε
996 2061 1132 2135 Σατύρων
1149 2062 1273 2116 πάντων.
1301 2066 1371 2124 Quia

282 2135 346 2184 atr:
372 2137 462 2187 coleras
482 2152 561 2201 noque
582 2143 719 2190 ammovet
740 2137 804 2187 ulus.
842 2135 1062 2203 μουσικώτατος
1091 2144 1145 2200 est,
1173 2140 1289 2204 protegit
1305 2144 1373 2202 poe-

286 2235 313 2244 -
329 2209 492 2263 Lachmanui
504 2213 573 2272 alas;
585 2213 626 2263 cui
633 2213 743 2275 poprttrts
752 2214 804 2261 cet.
844 2212 903 2274 tas.)

283 2281 395 2333 otiosam
412 2285 491 2336 infert
513 2289 702 2348 narrationem,
728 2286 807 2336 nimis

284 2354 443 2408 disiunctum
464 2360 595 2422 asalute,
614 2375 695 2425 qnam
712 2364 806 2412 nactus

284 2433 342 2480 erat
359 2433 508 2485 Maecenas.
542 2437 597 2486 Hoc
620 2437 696 2486 dicit:
725 2439 807 2485 «tune

875 2323 917 2372 29.
944 2323 1053 2387 bouum]
1079 2323 1260 2384 adellexisset,
1287 2337 1371 2373 aver·

843 2398 951 2448 tisset.»
995 2399 1103 2462 Proprie
1133 2401 1176 2448 est
1206 2399 1253 2447 «in
1285 2397 1372 2448 altum

844 2470 936 2522 tollere
959 2473 1056 2533 ictum,
1081 2472 1146 2522 dum
1168 2471 1253 2532 cadit,
1277 2473 1371 2534 itaque

283 2509 808 2647 llldgdilillslfnrzgzguggszjfflltlgsineffi]
844 2559 908 2632 cum
927 2546 1065 2597 debilitare
1086 2549 1113 2596 et
1135 2545 1265 2610 repellere
1287 2549 1373 2609 atque

283 2651 325 2700 tro
347 2657 524 2719 conspiciens,
553 2660 594 2708 ter
615 2659 662 2710 tibi
683 2658 806 2722 plausit.»
844 2619 1373 2759 ᾘΞθῗξέἰῃᾚῗὶῑἓὲἰᾈθᾙὲυξῃόέζ

316 2763 356 2813 26.
377 2769 415 2814 tor
431 2769 535 2832 crepuit]
555 2770 621 2820 aTer
632 2769 701 2819 laeto
711 2769 807 2834 plausu
844 2771 943 2820 tebet.»
969 2796 997 2804 -
1019 2768 1218 2831 uermerium]
1244 2768 1301 2817 lloc
1324 2782 1374 2817 no-

283 2838 310 2886 te
327 2839 441 2902 populus
463 2844 579 2906 excepit,
607 2856 670 2894 cnm
689 2843 807 2894 levatum
844 2846 916 2895 mine
933 2846 1114 2894 mercatomm
1137 2843 1293 2892 sodalicium
1311 2849 1374 2892 erat

283 2923 300 2959 a
327 2915 423 2964 morbo
455 2917 481 2966 in
513 2918 617 2967 theatro
644 2920 808 2982 conspexit.»
845 2922 944 2970 Romae
962 2931 977 2966 a
995 2919 1125 2967 Cicerone
1142 2918 1177 2966 ad
1194 2918 1223 2977 Q.
1237 2918 1278 2966 Fr.
1292 2919 1323 2975 Ξ,
1344 2919 1371 2966 5.

284 2986 392 3049 Propria
409 2990 461 3041 hoc
473 2997 522 3054 ter,
543 2991 752 3056 haudquaquam
764 3006 810 3043 ne·
846 2997 874 3044 et
889 2994 916 3042 iu
928 2992 1059 3055 inscripti.
1072 2993 1141 3042 meis
1153 2993 1208 3041 Lat.
1223 2991 1278 3042 tat.
1292 2991 1369 3040 aaut.

284 3059 341 3107 scio
352 3074 404 3122 qua
413 3066 595 3130 metaphorica
606 3067 807 3131 significatione,
846 3069 1033 3118 memoratum.
1076 3067 1124 3116 Mic
1156 3069 1247 3116 autem
1275 3067 1372 3116 festive

285 3133 315 3180 ut
342 3135 433 3187 volunt
461 3140 592 3202 nonnulli,
622 3143 809 3206 accipiendum
846 3144 881 3191 ita
905 3143 985 3190 vocat
1008 3143 1115 3204 poetas,
1144 3153 1212 3203 quos
1237 3141 1264 3189 in
1289 3139 1373 3190 tutela

286 3209 335 3256 est.
350 3209 402 3260 Cir.
416 3214 546 3277 Propertii
557 3214 644 3266 locum
658 3216 723 3267 inira
735 3219 810 3281 posi·
847 3209 1155 3285 ΙιοοοιἛρμῆςλόγιος.
1174 3213 1295 3264 Pbilostr.
1307 3215 1371 3263 llcr.

286 3281 353 3344 tum,
364 3282 398 3333 de
408 3299 436 3336 re
446 3287 493 3337 0d.
506 3289 580 3349 istd,
591 3290 615 3340 3.
629 3291 808 3352 Crcporocum
846 3305 906 3355 pag.
918 3291 976 3340 286.
989 3289 1032 3339 ed.
1047 3291 1162 3352 Kayser:
1184 3289 1227 3350 τὶς
1238 3286 1295 3338 τῶν
1306 3289 1373 3358 παρ’

286 3360 439 3409 accusativo
455 3364 657 3425 poetarrumest.
688 3368 807 3430 Propert.
843 3360 949 3436 Ἑρμοῦ
975 3360 1087 3424 σοφῶν.
1122 3365 1165 3412 Sic
1189 3360 1373 3426 Neoplatonici

286 3430 316 3493 3,
336 3433 380 3494 ⁴⁰.
399 3433 427 3484 l:
451 3436 567 3500 (Musae)
585 3439 811 3504 montemferetris
847 3437 940 3502 (Procl.
959 3437 994 3487 ad
1011 3436 1094 3487 Alcih.
1114 3439 1133 3487 1.
1146 3450 1172 3500 p.
1187 3435 1243 3486 tta.
1264 3437 1373 3498 Creuz.)

286 3511 324 3555 tor
340 3521 459 3570 crepuere
474 3523 554 3561 sotter.
846 3514 917 3563 viros
951 3510 1089 3575 praeclaro
1123 3510 1228 3574 ingenio
1262 3511 1374 3575 praedi-

379 3619 418 3669 ²⁸·
441 3622 483 3671 ³¹⁶
502 3625 614 3688 aa,
776 3630 807 3689 ε,
846 3585 1002 3726 crta
1173 3585 1306 3710 taur

286 3689 376 3828 lilani
386 3695 706 3834 dldldlllerllltlpdtlrzllieoalff
716 3703 810 3840 (3,ῗὲῗῖ
846 3701 916 3800 νουςΙ
932 3738 1038 3788 nomine
1058 3736 1125 3787 ludit
1141 3735 1214 3786 Plato
1226 3736 1252 3784 in
1264 3675 1375 3799 draotllo

286 3839 374 3904 lm),
402 3845 479 3904 quasi
503 3859 533 3895 re
559 3859 622 3896 vera
647 3846 737 3901 locum
761 3852 810 3902 ha.
847 3812 957 3874 4⁰⁸·Bl

286 3913 400 3978 buissel,
425 3921 581 3983 exprimitur
597 3923 717 3987 tempore
735 3924 811 3989 plus-
880 3925 920 3975 ³0.
946 3924 1063 3986 nocuos]
1089 3921 1209 3972 Verbum
1232 3921 1374 3984 proprium

286 3993 488 4056 nuamperrecto
506 3997 579 4048 modi
597 3997 737 4050 indicativi.
764 4001 812 4052 Ta-
848 3999 882 4049 de
900 4000 980 4058 votis,
1000 4000 1030 4046 ut
1045 3997 1147 4047 robore.
1177 3999 1254 4058 Prop.
1274 3996 1307 4055 2,
1324 3995 1372 4051 28,

287 4063 330 4112 cit.
357 4069 423 4117 Ann.
451 4069 478 4130 3,
511 4071 554 4122 tt:
590 4073 692 4136 Emptas
718 4073 812 4124 Macris
847 4075 893 4124 59:
914 4071 1375 4134 remuneratoriumque

287 4141 422 4194 trareront
432 4147 458 4196 in
471 4147 603 4197 Gcntortius
613 4160 644 4196 ac
654 4146 810 4207 diuotlobcnt,
847 4148 951 4196 dimtttc
963 4146 1072 4208 periclo,
1093 4147 1203 4196 Munera
1217 4145 1320 4194 cunae
1334 4145 1376 4194 de·

287 4217 314 4266 ni
336 4215 404 4268 iussu
423 4221 545 4282 principis
563 4225 690 4282 proiectae
714 4221 811 4281 repoti-
847 4221 900 4270 bitu
915 4221 990 4272 redde
1006 4221 1100 4270 riores.
