<?xml version="1.0" encoding="UTF-8"?>
<!DOCTYPE html PUBLIC "-//W3C//DTD XHTML 1.0 Transitional//EN"
    "http://www.w3.org/TR/xhtml1/DTD/xhtml1-transitional.dtd">
<html xmlns="http://www.w3.org/1999/xhtml" xml:lang="en" lang="en">
 <head>
  <title>
</title>
<meta http-equiv="Content-Type" content="text/html;charset=utf-8" />
  <meta name='ocr-system' content='tesseract 3.04.00' />
  <meta name='ocr-capabilities' content='ocr_page ocr_carea ocr_par ocr_line ocrx_word'/>
</head>
<body>
  <div class='ocr_page' id='page_1' title='image "./qhoratiusflaccu04baitgoog/qhoratiusflaccu04baitgoog_0131.png"; bbox 0 0 2934 4884; ppageno 0'>
   <div class='ocr_carea' id='block_1_1' title="bbox 496 391 732 444">
    <p class='ocr_par' dir='ltr' id='par_1_1' title="bbox 496 391 732 444">
     <span class='ocr_line' id='line_1_1' title="bbox 496 391 732 444; baseline 0 -2"><span class='ocrx_word' id='word_1_1' title='bbox 496 391 555 442; x_wconf 84' lang='lat' dir='ltr'><strong>Llll.</strong></span> <span class='ocrx_word' id='word_1_2' title='bbox 574 393 593 442; x_wconf 95' lang='lat' dir='ltr'><strong>l.</strong></span> <span class='ocrx_word' id='word_1_3' title='bbox 631 393 660 443; x_wconf 84' lang='lat' dir='ltr'><strong>C.</strong></span> <span class='ocrx_word' id='word_1_4' title='bbox 679 393 732 444; x_wconf 72' lang='lat' dir='ltr'><strong>XV.</strong></span> 
     </span>
    </p>
   </div>
   <div class='ocr_carea' id='block_1_2' title="bbox 274 547 986 988">
    <p class='ocr_par' dir='ltr' id='par_1_2' title="bbox 274 547 986 988">
     <span class='ocr_line' id='line_1_2' title="bbox 317 547 835 636; baseline 0.008 -24"><span class='ocrx_word' id='word_1_5' title='bbox 317 547 540 636; x_wconf 85' lang='lat' dir='ltr'><strong>Nequicquam</strong></span> <span class='ocrx_word' id='word_1_6' title='bbox 560 547 699 614; x_wconf 80' lang='lat' dir='ltr'><strong>thalamo</strong></span> <span class='ocrx_word' id='word_1_7' title='bbox 719 569 835 636; x_wconf 84' lang='lat' dir='ltr'><strong>graves</strong></span> 
     </span>
     <span class='ocr_line' id='line_1_3' title="bbox 275 668 857 757; baseline 0.003 -23"><span class='ocrx_word' id='word_1_8' title='bbox 275 670 391 734; x_wconf 87' lang='lat' dir='ltr'><strong>llastas</strong></span> <span class='ocrx_word' id='word_1_9' title='bbox 412 679 446 736; x_wconf 89' lang='lat' dir='ltr'><strong>et</strong></span> <span class='ocrx_word' id='word_1_10' title='bbox 465 668 581 736; x_wconf 79' lang='lat' dir='ltr'><strong>calami</strong></span> <span class='ocrx_word' id='word_1_11' title='bbox 602 669 727 757; x_wconf 86' lang='lat' dir='ltr'><strong>spicula</strong></span> <span class='ocrx_word' id='word_1_12' title='bbox 750 672 857 739; x_wconf 87' lang='lat' dir='ltr'><strong>Cnosii</strong></span> 
     </span>
     <span class='ocr_line' id='line_1_4' title="bbox 277 790 986 882; baseline 0.006 -28"><span class='ocrx_word' id='word_1_13' title='bbox 277 790 397 856; x_wconf 79' lang='lat' dir='ltr'><strong>litabis</strong></span> <span class='ocrx_word' id='word_1_14' title='bbox 418 791 652 880; x_wconf 79' lang='lat' dir='ltr'><strong>strepitumque</strong></span> <span class='ocrx_word' id='word_1_15' title='bbox 674 804 707 858; x_wconf 88' lang='lat' dir='ltr'><strong>et</strong></span> <span class='ocrx_word' id='word_1_16' title='bbox 728 791 870 860; x_wconf 87' lang='lat' dir='ltr'><strong>celerem</strong></span> <span class='ocrx_word' id='word_1_17' title='bbox 893 796 986 882; x_wconf 88' lang='lat' dir='ltr'><strong>sequi</strong></span> 
     </span>
     <span class='ocr_line' id='line_1_5' title="bbox 274 912 935 988; baseline 0.005 -12"><span class='ocrx_word' id='word_1_18' title='bbox 274 912 419 988; x_wconf 71' lang='lat' dir='ltr'><strong>diacem3</strong></span> <span class='ocrx_word' id='word_1_19' title='bbox 442 923 549 978; x_wconf 87' lang='lat' dir='ltr'><strong>tamen</strong></span> <span class='ocrx_word' id='word_1_20' title='bbox 570 913 633 979; x_wconf 89' lang='lat' dir='ltr'><strong>beu</strong></span> <span class='ocrx_word' id='word_1_21' title='bbox 655 935 750 980; x_wconf 86' lang='lat' dir='ltr'><strong>serus</strong></span> <span class='ocrx_word' id='word_1_22' title='bbox 772 913 935 981; x_wconf 87' lang='lat' dir='ltr'><strong>adulteros</strong></span> 
     </span>
    </p>
   </div>
   <div class='ocr_carea' id='block_1_3' title="bbox 171 1137 752 1200">
    <p class='ocr_par' dir='ltr' id='par_1_3' title="bbox 171 1137 752 1200">
     <span class='ocr_line' id='line_1_6' title="bbox 171 1137 752 1200; baseline 0 -14"><span class='ocrx_word' id='word_1_23' title='bbox 171 1138 211 1186; x_wconf 86' lang='grc'><strong>44.</strong></span> <span class='ocrx_word' id='word_1_24' title='bbox 229 1139 318 1200; x_wconf 55' lang='lat' dir='ltr'><strong>orme</strong></span> <span class='ocrx_word' id='word_1_25' title='bbox 333 1137 400 1187; x_wconf 86' lang='lat' dir='ltr'><strong>nsr.</strong></span> <span class='ocrx_word' id='word_1_26' title='bbox 421 1165 448 1173; x_wconf 91' lang='lat'><em>-</em></span> <span class='ocrx_word' id='word_1_27' title='bbox 469 1138 507 1186; x_wconf 82' lang='grc'><strong>44.</strong></span> <span class='ocrx_word' id='word_1_28' title='bbox 525 1140 607 1200; x_wconf 62' lang='lat' dir='ltr'><strong>quaet</strong></span> <span class='ocrx_word' id='word_1_29' title='bbox 625 1137 752 1198; x_wconf 69' lang='grc'><strong>444444.</strong></span> 
     </span>
    </p>
   </div>
   <div class='ocr_carea' id='block_1_4' title="bbox 107 1337 1192 1416">
    <p class='ocr_par' dir='ltr' id='par_1_4' title="bbox 107 1337 1192 1416">
     <span class='ocr_line' id='line_1_7' title="bbox 107 1337 1192 1416; baseline 0.01 -29"><span class='ocrx_word' id='word_1_30' title='bbox 107 1339 277 1404; x_wconf 74' lang='lat' dir='ltr'><strong>explioendo:</strong></span> <span class='ocrx_word' id='word_1_31' title='bbox 298 1360 311 1386; x_wconf 84' lang='lat'>«</span> <span class='ocrx_word' id='word_1_32' title='bbox 321 1342 419 1392; x_wconf 71' lang='grc'><strong>044443</strong></span> <span class='ocrx_word' id='word_1_33' title='bbox 433 1341 533 1392; x_wconf 83' lang='lat' dir='ltr'><strong>vocalis</strong></span> <span class='ocrx_word' id='word_1_34' title='bbox 548 1344 576 1392; x_wconf 87' lang='lat' dir='ltr'><strong>et</strong></span> <span class='ocrx_word' id='word_1_35' title='bbox 592 1344 632 1393; x_wconf 84' lang='lat' dir='ltr'><strong>ei-</strong></span> <span class='ocrx_word' id='word_1_36' title='bbox 667 1341 699 1392; x_wconf 82' lang='grc' dir='ltr'><strong>ἐν</strong></span> <span class='ocrx_word' id='word_1_37' title='bbox 716 1341 740 1392; x_wconf 86' lang='lat' dir='ltr'><strong>d&#39;</strong></span> <span class='ocrx_word' id='word_1_38' title='bbox 755 1337 813 1416; x_wconf 82' lang='grc' dir='ltr'><strong>ἄρα</strong></span> <span class='ocrx_word' id='word_1_39' title='bbox 830 1346 904 1416; x_wconf 80' lang='grc' dir='ltr'><strong>χειρ4</strong></span> <span class='ocrx_word' id='word_1_40' title='bbox 918 1339 1004 1412; x_wconf 77' lang='grc' dir='ltr'><em>ἔγχος</em></span> <span class='ocrx_word' id='word_1_41' title='bbox 1020 1339 1062 1406; x_wconf 73' lang='grc' dir='ltr'><strong>’ἔχ’</strong></span> <span class='ocrx_word' id='word_1_42' title='bbox 1080 1345 1192 1398; x_wconf 76' lang='grc' dir='ltr'><strong><em>ἑνδεκά-</em></strong></span> 
     </span>
    </p>
   </div>
   <div class='ocr_carea' id='block_1_5' title="bbox 103 1415 1195 4329">
    <p class='ocr_par' dir='ltr' id='par_1_5' title="bbox 103 1415 1195 4329">
     <span class='ocr_line' id='line_1_8' title="bbox 107 1415 755 1484; baseline 0.006 -20"><span class='ocrx_word' id='word_1_43' title='bbox 107 1415 196 1466; x_wconf 67' lang='lat' dir='ltr'><strong>marae</strong></span> <span class='ocrx_word' id='word_1_44' title='bbox 221 1417 283 1467; x_wconf 81' lang='lat' dir='ltr'><strong>soni</strong></span> <span class='ocrx_word' id='word_1_45' title='bbox 298 1416 368 1467; x_wconf 83' lang='lat' dir='ltr'><strong>iuter</strong></span> <span class='ocrx_word' id='word_1_46' title='bbox 383 1431 413 1468; x_wconf 81' lang='grc'><strong>44</strong></span> <span class='ocrx_word' id='word_1_47' title='bbox 436 1417 570 1466; x_wconf 86' lang='lat' dir='ltr'><strong>coniuncti</strong></span> <span class='ocrx_word' id='word_1_48' title='bbox 589 1419 632 1466; x_wconf 87' lang='lat' dir='ltr'><strong>to-</strong></span> <span class='ocrx_word' id='word_1_49' title='bbox 668 1434 755 1484; x_wconf 82' lang='grc' dir='ltr'><strong><em>ιιηχυ.</em></strong></span> 
     </span>
     <span class='ocr_line' id='line_1_9' title="bbox 106 1491 1192 1558; baseline 0.008 -19"><span class='ocrx_word' id='word_1_50' title='bbox 106 1492 158 1539; x_wconf 86' lang='lat' dir='ltr'><strong>tam</strong></span> <span class='ocrx_word' id='word_1_51' title='bbox 186 1491 308 1541; x_wconf 79' lang='lat' dir='ltr'><strong>efficiunt</strong></span> <span class='ocrx_word' id='word_1_52' title='bbox 340 1491 542 1554; x_wconf 67' lang='lat' dir='ltr'><strong>symphoniam</strong></span> <span class='ocrx_word' id='word_1_53' title='bbox 577 1492 631 1541; x_wconf 90' lang='lat' dir='ltr'><strong>iam</strong></span> <span class='ocrx_word' id='word_1_54' title='bbox 700 1496 740 1544; x_wconf 87' lang='grc'><strong>47.</strong></span> <span class='ocrx_word' id='word_1_55' title='bbox 753 1495 854 1558; x_wconf 82' lang='grc'><strong>4414444]</strong></span> <span class='ocrx_word' id='word_1_56' title='bbox 866 1495 990 1546; x_wconf 84' lang='lat' dir='ltr'><strong>Harundo</strong></span> <span class='ocrx_word' id='word_1_57' title='bbox 1001 1497 1145 1558; x_wconf 80' lang='lat' dir='ltr'><strong>Cretensis,</strong></span> <span class='ocrx_word' id='word_1_58' title='bbox 1159 1513 1192 1548; x_wconf 86' lang='lat' dir='ltr'><strong>ex</strong></span> 
     </span>
     <span class='ocr_line' id='line_1_10' title="bbox 105 1563 1193 1634; baseline 0.008 -21"><span class='ocrx_word' id='word_1_59' title='bbox 105 1563 255 1626; x_wconf 71' lang='lat' dir='ltr'><strong>singulatim</strong></span> <span class='ocrx_word' id='word_1_60' title='bbox 280 1566 405 1628; x_wconf 80' lang='lat' dir='ltr'><strong>spectatis</strong></span> <span class='ocrx_word' id='word_1_61' title='bbox 430 1565 472 1616; x_wconf 82' lang='lat' dir='ltr'><strong>his</strong></span> <span class='ocrx_word' id='word_1_62' title='bbox 500 1565 630 1628; x_wconf 81' lang='lat' dir='ltr'><strong>partibus,</strong></span> <span class='ocrx_word' id='word_1_63' title='bbox 667 1570 1193 1634; x_wconf 72' lang='lat' dir='ltr'><strong>quamgittnstaciebantperquamerat</strong></span> 
     </span>
     <span class='ocr_line' id='line_1_11' title="bbox 105 1633 1193 1708; baseline 0.007 -20"><span class='ocrx_word' id='word_1_64' title='bbox 105 1633 206 1704; x_wconf 75' lang='grc' dir='ltr'><strong><em>ἀοιδὴν</em></strong></span> <span class='ocrx_word' id='word_1_65' title='bbox 247 1641 338 1691; x_wconf 79' lang='lat' dir='ltr'><strong>dividit</strong></span> <span class='ocrx_word' id='word_1_66' title='bbox 369 1641 486 1690; x_wconf 74' lang='lat' dir='ltr'><strong>citharae</strong></span> <span class='ocrx_word' id='word_1_67' title='bbox 527 1643 630 1702; x_wconf 88' lang='lat' dir='ltr'><strong>cantus,</strong></span> <span class='ocrx_word' id='word_1_68' title='bbox 667 1643 744 1706; x_wconf 84' lang='lat' dir='ltr'><strong>dura,</strong></span> <span class='ocrx_word' id='word_1_69' title='bbox 763 1644 839 1695; x_wconf 88' lang='lat' dir='ltr'><strong>nodis</strong></span> <span class='ocrx_word' id='word_1_70' title='bbox 855 1644 933 1708; x_wconf 80' lang='lat' dir='ltr'><strong>longe</strong></span> <span class='ocrx_word' id='word_1_71' title='bbox 947 1647 1017 1696; x_wconf 86' lang='lat' dir='ltr'><strong>inter</strong></span> <span class='ocrx_word' id='word_1_72' title='bbox 1033 1660 1063 1696; x_wconf 86' lang='lat' dir='ltr'><strong>se</strong></span> <span class='ocrx_word' id='word_1_73' title='bbox 1075 1645 1193 1698; x_wconf 77' lang='grc'><strong>(14444444-</strong></span> 
     </span>
     <span class='ocr_line' id='line_1_12' title="bbox 104 1708 1191 1784; baseline 0.006 -19"><span class='ocrx_word' id='word_1_74' title='bbox 104 1708 187 1780; x_wconf 75' lang='grc' dir='ltr'><strong><em>ἀοιδὴ</em></strong></span> <span class='ocrx_word' id='word_1_75' title='bbox 199 1717 321 1766; x_wconf 80' lang='lat' dir='ltr'><strong>citharae</strong></span> <span class='ocrx_word' id='word_1_76' title='bbox 335 1729 425 1776; x_wconf 86' lang='lat' dir='ltr'><strong>sonos,</strong></span> <span class='ocrx_word' id='word_1_77' title='bbox 443 1715 532 1776; x_wconf 83' lang='lat' dir='ltr'><strong>idest,</strong></span> <span class='ocrx_word' id='word_1_78' title='bbox 547 1714 631 1765; x_wconf 89' lang='lat' dir='ltr'><strong>altera</strong></span> <span class='ocrx_word' id='word_1_79' title='bbox 667 1717 726 1768; x_wconf 80' lang='lat' dir='ltr'><strong>bos.</strong></span> <span class='ocrx_word' id='word_1_80' title='bbox 763 1721 820 1768; x_wconf 88' lang='lat' dir='ltr'><strong>Non</strong></span> <span class='ocrx_word' id='word_1_81' title='bbox 837 1722 926 1771; x_wconf 84' lang='lat' dir='ltr'><strong>tumen</strong></span> <span class='ocrx_word' id='word_1_82' title='bbox 941 1721 967 1770; x_wconf 90' lang='lat' dir='ltr'><strong>h.</strong></span> <span class='ocrx_word' id='word_1_83' title='bbox 987 1717 1003 1770; x_wconf 94' lang='lat' dir='ltr'><strong>l.</strong></span> <span class='ocrx_word' id='word_1_84' title='bbox 1020 1721 1191 1784; x_wconf 83' lang='lat' dir='ltr'><strong>cogitandum</strong></span> 
     </span>
     <span class='ocr_line' id='line_1_13' title="bbox 104 1789 1193 1858; baseline 0.006 -19"><span class='ocrx_word' id='word_1_85' title='bbox 104 1789 281 1840; x_wconf 77' lang='lat' dir='ltr'><strong>uundimidia</strong></span> <span class='ocrx_word' id='word_1_86' title='bbox 290 1791 371 1842; x_wconf 88' lang='lat' dir='ltr'><strong>totius</strong></span> <span class='ocrx_word' id='word_1_87' title='bbox 382 1793 559 1856; x_wconf 80' lang='lat' dir='ltr'><strong>symphoniae</strong></span> <span class='ocrx_word' id='word_1_88' title='bbox 568 1805 631 1856; x_wconf 83' lang='lat' dir='ltr'><strong>para</strong></span> <span class='ocrx_word' id='word_1_89' title='bbox 668 1793 702 1842; x_wconf 90' lang='lat' dir='ltr'><strong>de</strong></span> <span class='ocrx_word' id='word_1_90' title='bbox 720 1793 873 1854; x_wconf 77' lang='grc'><strong>1414444444,</strong></span> <span class='ocrx_word' id='word_1_91' title='bbox 893 1797 937 1858; x_wconf 91' lang='lat' dir='ltr'><strong>qui</strong></span> <span class='ocrx_word' id='word_1_92' title='bbox 955 1808 1008 1845; x_wconf 92' lang='lat' dir='ltr'><strong>uon</strong></span> <span class='ocrx_word' id='word_1_93' title='bbox 1022 1795 1193 1858; x_wconf 72' lang='grc'><strong>1444443444-</strong></span> 
     </span>
     <span class='ocr_line' id='line_1_14' title="bbox 105 1867 1192 1934; baseline 0.006 -20"><span class='ocrx_word' id='word_1_94' title='bbox 105 1867 168 1914; x_wconf 80' lang='lat' dir='ltr'><strong>cst.»</strong></span> <span class='ocrx_word' id='word_1_95' title='bbox 203 1867 247 1916; x_wconf 77' lang='lat' dir='ltr'><strong>nd</strong></span> <span class='ocrx_word' id='word_1_96' title='bbox 262 1880 290 1915; x_wconf 82' lang='lat' dir='ltr'><strong>v.</strong></span> <span class='ocrx_word' id='word_1_97' title='bbox 303 1867 413 1916; x_wconf 73' lang='grc'><strong>4444444444</strong></span> <span class='ocrx_word' id='word_1_98' title='bbox 427 1869 632 1930; x_wconf 83' lang='lat' dir='ltr'><strong>eomparaPro-</strong></span> <span class='ocrx_word' id='word_1_99' title='bbox 667 1869 730 1918; x_wconf 85' lang='lat' dir='ltr'><strong>rius.</strong></span> <span class='ocrx_word' id='word_1_100' title='bbox 753 1895 780 1902; x_wconf 90' lang='lat'>—</span> <span class='ocrx_word' id='word_1_101' title='bbox 793 1869 896 1932; x_wconf 74' lang='grc'><strong>4444444]</strong></span> <span class='ocrx_word' id='word_1_102' title='bbox 915 1870 986 1933; x_wconf 85' lang='lat' dir='ltr'><strong>apud</strong></span> <span class='ocrx_word' id='word_1_103' title='bbox 1002 1872 1095 1934; x_wconf 78' lang='lat' dir='ltr'><strong>poetas</strong></span> <span class='ocrx_word' id='word_1_104' title='bbox 1111 1871 1192 1934; x_wconf 78' lang='lat' dir='ltr'><strong>sagit·</strong></span> 
     </span>
     <span class='ocr_line' id='line_1_15' title="bbox 105 1940 1192 2004; baseline 0.006 -16"><span class='ocrx_word' id='word_1_105' title='bbox 105 1944 169 2000; x_wconf 82' lang='lat' dir='ltr'><strong>pert.</strong></span> <span class='ocrx_word' id='word_1_106' title='bbox 196 1941 224 2000; x_wconf 77' lang='grc'><strong>4,</strong></span> <span class='ocrx_word' id='word_1_107' title='bbox 252 1942 277 2002; x_wconf 98' lang='grc'><strong>4,</strong></span> <span class='ocrx_word' id='word_1_108' title='bbox 303 1941 332 1990; x_wconf 84' lang='grc'><strong>9;</strong></span> <span class='ocrx_word' id='word_1_109' title='bbox 355 1941 414 1990; x_wconf 80' lang='lat' dir='ltr'><strong>Siue</strong></span> <span class='ocrx_word' id='word_1_110' title='bbox 435 1940 507 2002; x_wconf 74' lang='lat' dir='ltr'><strong>lyrae</strong></span> <span class='ocrx_word' id='word_1_111' title='bbox 529 1954 632 1990; x_wconf 75' lang='lat' dir='ltr'><strong>comeo</strong></span> <span class='ocrx_word' id='word_1_112' title='bbox 667 1943 718 1990; x_wconf 88' lang='lat' dir='ltr'><strong>tae.</strong></span> <span class='ocrx_word' id='word_1_113' title='bbox 744 1942 887 2004; x_wconf 62' lang='grc'><strong>1444441441.</strong></span> <span class='ocrx_word' id='word_1_114' title='bbox 909 1945 947 2004; x_wconf 82' lang='lat' dir='ltr'><strong>to,</strong></span> <span class='ocrx_word' id='word_1_115' title='bbox 963 1945 1010 1993; x_wconf 81' lang='lat' dir='ltr'><strong>uo:</strong></span> <span class='ocrx_word' id='word_1_116' title='bbox 1029 1944 1086 1994; x_wconf 81' lang='lat' dir='ltr'><strong>libet</strong></span> <span class='ocrx_word' id='word_1_117' title='bbox 1100 1946 1192 1996; x_wconf 74' lang='lat' dir='ltr'><strong>Partho</strong></span> 
     </span>
     <span class='ocr_line' id='line_1_16' title="bbox 106 2013 1190 2082; baseline 0.006 -18"><span class='ocrx_word' id='word_1_118' title='bbox 106 2013 187 2077; x_wconf 65' lang='lat' dir='ltr'><strong>dicitis</strong></span> <span class='ocrx_word' id='word_1_119' title='bbox 198 2015 326 2076; x_wconf 71' lang='lat' dir='ltr'><strong>percussit</strong></span> <span class='ocrx_word' id='word_1_120' title='bbox 341 2015 448 2065; x_wconf 72' lang='grc'><strong>4444444.</strong></span> <span class='ocrx_word' id='word_1_121' title='bbox 483 2015 535 2066; x_wconf 89' lang='lat' dir='ltr'><strong>Sed</strong></span> <span class='ocrx_word' id='word_1_122' title='bbox 559 2015 631 2079; x_wconf 87' lang='lat' dir='ltr'><strong>pleni</strong></span> <span class='ocrx_word' id='word_1_123' title='bbox 665 2022 781 2077; x_wconf 79' lang='lat' dir='ltr'><strong>torquem</strong></span> <span class='ocrx_word' id='word_1_124' title='bbox 822 2017 933 2077; x_wconf 71' lang='lat' dir='ltr'><strong>Cydonio</strong></span> <span class='ocrx_word' id='word_1_125' title='bbox 969 2033 1048 2068; x_wconf 77' lang='grc'><strong>44444</strong></span> <span class='ocrx_word' id='word_1_126' title='bbox 1079 2019 1190 2082; x_wconf 74' lang='lat' dir='ltr'><strong>sptmta.</strong></span> 
     </span>
     <span class='ocr_line' id='line_1_17' title="bbox 106 2087 1192 2152; baseline 0.009 -16"><span class='ocrx_word' id='word_1_127' title='bbox 106 2090 291 2139; x_wconf 86' lang='lat' dir='ltr'><strong>commentarii</strong></span> <span class='ocrx_word' id='word_1_128' title='bbox 303 2091 386 2140; x_wconf 79' lang='lat' dir='ltr'><strong>instar</strong></span> <span class='ocrx_word' id='word_1_129' title='bbox 396 2091 439 2140; x_wconf 85' lang='lat' dir='ltr'><strong>est</strong></span> <span class='ocrx_word' id='word_1_130' title='bbox 448 2087 512 2139; x_wconf 92' lang='lat' dir='ltr'><strong>illnd</strong></span> <span class='ocrx_word' id='word_1_131' title='bbox 523 2091 632 2140; x_wconf 84' lang='lat' dir='ltr'><strong>tuciani</strong></span> <span class='ocrx_word' id='word_1_132' title='bbox 669 2118 697 2126; x_wconf 87' lang='lat'>—</span> <span class='ocrx_word' id='word_1_133' title='bbox 706 2092 737 2140; x_wconf 91' lang='grc'><strong>44</strong></span> <span class='ocrx_word' id='word_1_134' title='bbox 749 2091 1110 2152; x_wconf 71' lang='grc' dir='ltr'><strong>44444444441414ΩΣ144Ν,</strong></span> <span class='ocrx_word' id='word_1_135' title='bbox 1121 2093 1192 2146; x_wconf 89' lang='lat' dir='ltr'><strong>unde</strong></span> 
     </span>
     <span class='ocr_line' id='line_1_18' title="bbox 104 2154 1191 2234; baseline 0.006 -24"><span class='ocrx_word' id='word_1_136' title='bbox 104 2162 200 2226; x_wconf 76' lang='lat' dir='ltr'><strong>lmagg.</strong></span> <span class='ocrx_word' id='word_1_137' title='bbox 216 2163 263 2214; x_wconf 80' lang='lat' dir='ltr'><strong>ti:</strong></span> <span class='ocrx_word' id='word_1_138' title='bbox 282 2158 407 2234; x_wconf 73' lang='grc' dir='ltr'><strong><em>εὐκαίρῳ</em></strong></span> <span class='ocrx_word' id='word_1_139' title='bbox 423 2161 459 2234; x_wconf 74' lang='grc' dir='ltr'><strong>τῇ</strong></span> <span class='ocrx_word' id='word_1_140' title='bbox 479 2154 564 2234; x_wconf 80' lang='grc' dir='ltr'><strong><em>ἄρσει</em></strong></span> <span class='ocrx_word' id='word_1_141' title='bbox 580 2165 631 2215; x_wconf 76' lang='grc' dir='ltr'><strong>καὶ</strong></span> <span class='ocrx_word' id='word_1_142' title='bbox 667 2167 806 2229; x_wconf 87' lang='lat' dir='ltr'><strong>praestare</strong></span> <span class='ocrx_word' id='word_1_143' title='bbox 824 2165 929 2214; x_wconf 87' lang='lat' dir='ltr'><strong>videtur</strong></span> <span class='ocrx_word' id='word_1_144' title='bbox 946 2167 1077 2231; x_wconf 86' lang='lat' dir='ltr'><strong>scripturn</strong></span> <span class='ocrx_word' id='word_1_145' title='bbox 1095 2167 1191 2226; x_wconf 79' lang='lat' dir='ltr'><strong>Cnosii3</strong></span> 
     </span>
     <span class='ocr_line' id='line_1_19' title="bbox 104 2231 1194 2309; baseline 0.007 -25"><span class='ocrx_word' id='word_1_146' title='bbox 104 2236 181 2288; x_wconf 67' lang='lat' dir='ltr'><strong>dioec</strong></span> <span class='ocrx_word' id='word_1_147' title='bbox 210 2235 463 2309; x_wconf 71' lang='grc' dir='ltr'><strong>διαμεμετρῆσθαι</strong></span> <span class='ocrx_word' id='word_1_148' title='bbox 485 2234 520 2288; x_wconf 79' lang='grc' dir='ltr'><strong>τὸ</strong></span> <span class='ocrx_word' id='word_1_149' title='bbox 548 2231 631 2306; x_wconf 80' lang='grc' dir='ltr'><strong><em>ᾆσμα</em></strong></span> <span class='ocrx_word' id='word_1_150' title='bbox 668 2238 700 2288; x_wconf 88' lang='grc'><strong>41.</strong></span> <span class='ocrx_word' id='word_1_151' title='bbox 731 2239 826 2288; x_wconf 73' lang='lat' dir='ltr'><strong>Gobdi</strong></span> <span class='ocrx_word' id='word_1_152' title='bbox 862 2237 935 2289; x_wconf 91' lang='lat' dir='ltr'><strong>lllam</strong></span> <span class='ocrx_word' id='word_1_153' title='bbox 964 2238 1088 2304; x_wconf 86' lang='lat' dir='ltr'><strong>praetulit</strong></span> <span class='ocrx_word' id='word_1_154' title='bbox 1113 2243 1194 2294; x_wconf 86' lang='lat' dir='ltr'><strong>etiam</strong></span> 
     </span>
     <span class='ocr_line' id='line_1_20' title="bbox 104 2309 1193 2385; baseline 0.003 -23"><span class='ocrx_word' id='word_1_155' title='bbox 104 2313 150 2362; x_wconf 75' lang='grc' dir='ltr'><strong>καὶ</strong></span> <span class='ocrx_word' id='word_1_156' title='bbox 172 2310 308 2378; x_wconf 70' lang='grc' dir='ltr'><strong><em>συνῳδὸν</em></strong></span> <span class='ocrx_word' id='word_1_157' title='bbox 331 2311 404 2364; x_wconf 74' lang='grc' dir='ltr'><strong><em>εἶναι</em></strong></span> <span class='ocrx_word' id='word_1_158' title='bbox 429 2309 483 2379; x_wconf 76' lang='grc' dir='ltr'><strong>τὴν</strong></span> <span class='ocrx_word' id='word_1_159' title='bbox 507 2311 631 2385; x_wconf 76' lang='grc' dir='ltr'><em>κιθάραν</em></span> <span class='ocrx_word' id='word_1_160' title='bbox 669 2313 817 2376; x_wconf 81' lang='lat' dir='ltr'><strong>Hertzberg</strong></span> <span class='ocrx_word' id='word_1_161' title='bbox 839 2313 873 2362; x_wconf 84' lang='lat' dir='ltr'><strong>ad</strong></span> <span class='ocrx_word' id='word_1_162' title='bbox 893 2316 971 2377; x_wconf 84' lang='lat' dir='ltr'><strong>Prop.</strong></span> <span class='ocrx_word' id='word_1_163' title='bbox 993 2316 1017 2374; x_wconf 81' lang='grc'><strong>4,</strong></span> <span class='ocrx_word' id='word_1_164' title='bbox 1037 2316 1077 2376; x_wconf 76' lang='lat' dir='ltr'><strong>tr,</strong></span> <span class='ocrx_word' id='word_1_165' title='bbox 1097 2317 1136 2365; x_wconf 81' lang='lat' dir='ltr'><strong>to.</strong></span> <span class='ocrx_word' id='word_1_166' title='bbox 1161 2329 1193 2366; x_wconf 86' lang='grc'><strong>44</strong></span> 
     </span>
     <span class='ocr_line' id='line_1_21' title="bbox 104 2382 1194 2460; baseline 0.005 -24"><span class='ocrx_word' id='word_1_167' title='bbox 104 2387 150 2436; x_wconf 72' lang='grc' dir='ltr'><strong>καὶ</strong></span> <span class='ocrx_word' id='word_1_168' title='bbox 187 2382 366 2459; x_wconf 71' lang='grc' dir='ltr'><strong><em>ὁμοχρονεῖν</em></strong></span> <span class='ocrx_word' id='word_1_169' title='bbox 392 2385 428 2460; x_wconf 76' lang='grc' dir='ltr'><strong>τῇ</strong></span> <span class='ocrx_word' id='word_1_170' title='bbox 456 2384 567 2460; x_wconf 76' lang='grc' dir='ltr'><em>γλώττῃ</em></span> <span class='ocrx_word' id='word_1_171' title='bbox 595 2385 631 2438; x_wconf 85' lang='grc' dir='ltr'><strong>τὸ</strong></span> <span class='ocrx_word' id='word_1_172' title='bbox 667 2400 748 2438; x_wconf 90' lang='lat' dir='ltr'><strong>nemo</strong></span> <span class='ocrx_word' id='word_1_173' title='bbox 773 2387 894 2452; x_wconf 85' lang='lat' dir='ltr'><strong>prolecto</strong></span> <span class='ocrx_word' id='word_1_174' title='bbox 916 2389 938 2450; x_wconf 89' lang='grc'><strong>4,</strong></span> <span class='ocrx_word' id='word_1_175' title='bbox 966 2389 1007 2451; x_wconf 77' lang='lat' dir='ltr'><strong>at,</strong></span> <span class='ocrx_word' id='word_1_176' title='bbox 1031 2389 1054 2438; x_wconf 88' lang='lat'><strong>8.</strong></span> <span class='ocrx_word' id='word_1_177' title='bbox 1083 2391 1194 2456; x_wconf 78' lang='lat' dir='ltr'><strong>recipiet</strong></span> 
     </span>
     <span class='ocr_line' id='line_1_22' title="bbox 104 2459 936 2533; baseline 0.001 -22"><span class='ocrx_word' id='word_1_178' title='bbox 104 2459 257 2533; x_wconf 66' lang='grc' dir='ltr'><strong><em>πλῆκτρον.</em></strong></span> <span class='ocrx_word' id='word_1_179' title='bbox 292 2465 367 2514; x_wconf 83' lang='lat' dir='ltr'><strong>Licet</strong></span> <span class='ocrx_word' id='word_1_180' title='bbox 390 2465 434 2514; x_wconf 90' lang='grc'><strong>1444</strong></span> <span class='ocrx_word' id='word_1_181' title='bbox 456 2478 564 2529; x_wconf 87' lang='lat' dir='ltr'><strong>quoque</strong></span> <span class='ocrx_word' id='word_1_182' title='bbox 584 2464 633 2514; x_wconf 93' lang='lat' dir='ltr'><strong>du·</strong></span> <span class='ocrx_word' id='word_1_183' title='bbox 668 2463 749 2526; x_wconf 72' lang='grc'><strong>64444</strong></span> <span class='ocrx_word' id='word_1_184' title='bbox 766 2477 799 2512; x_wconf 88' lang='lat' dir='ltr'><strong>ex</strong></span> <span class='ocrx_word' id='word_1_185' title='bbox 815 2461 936 2512; x_wconf 79' lang='lat' dir='ltr'><strong>Rbsrcd.</strong></span> 
     </span>
     <span class='ocr_line' id='line_1_23' title="bbox 104 2535 1190 2603; baseline 0 -15"><span class='ocrx_word' id='word_1_186' title='bbox 104 2537 200 2602; x_wconf 83' lang='lat' dir='ltr'><strong>plicem</strong></span> <span class='ocrx_word' id='word_1_187' title='bbox 217 2541 338 2590; x_wconf 67' lang='lat' dir='ltr'><strong>staterem</strong></span> <span class='ocrx_word' id='word_1_188' title='bbox 360 2543 461 2590; x_wconf 85' lang='lat' dir='ltr'><strong>constr.</strong></span> <span class='ocrx_word' id='word_1_189' title='bbox 485 2553 510 2589; x_wconf 92' lang='lat' dir='ltr'><strong>v.</strong></span> <span class='ocrx_word' id='word_1_190' title='bbox 534 2541 632 2603; x_wconf 74' lang='grc'><strong>[4444444</strong></span> <span class='ocrx_word' id='word_1_191' title='bbox 700 2538 740 2586; x_wconf 89' lang='grc'><strong>48.</strong></span> <span class='ocrx_word' id='word_1_192' title='bbox 768 2537 871 2587; x_wconf 82' lang='lat' dir='ltr'><strong>celerem</strong></span> <span class='ocrx_word' id='word_1_193' title='bbox 889 2537 965 2600; x_wconf 73' lang='grc'><strong>44444]</strong></span> <span class='ocrx_word' id='word_1_194' title='bbox 990 2535 1190 2600; x_wconf 56' lang='grc'><strong>1144444474</strong></span> 
     </span>
     <span class='ocr_line' id='line_1_24' title="bbox 103 2607 1195 2678; baseline 0.004 -17"><span class='ocrx_word' id='word_1_195' title='bbox 103 2619 178 2676; x_wconf 72' lang='lat' dir='ltr'><strong>prata</strong></span> <span class='ocrx_word' id='word_1_196' title='bbox 194 2616 224 2662; x_wconf 92' lang='lat' dir='ltr'><strong>et</strong></span> <span class='ocrx_word' id='word_1_197' title='bbox 239 2615 336 2663; x_wconf 71' lang='lat' dir='ltr'><strong>divides</strong></span> <span class='ocrx_word' id='word_1_198' title='bbox 349 2615 456 2677; x_wconf 72' lang='lat' dir='ltr'><strong>fornicis,</strong></span> <span class='ocrx_word' id='word_1_199' title='bbox 473 2613 523 2664; x_wconf 88' lang='lat' dir='ltr'><strong>alio</strong></span> <span class='ocrx_word' id='word_1_200' title='bbox 541 2617 631 2665; x_wconf 89' lang='lat' dir='ltr'><strong>tamen</strong></span> <span class='ocrx_word' id='word_1_201' title='bbox 664 2607 781 2678; x_wconf 80' lang='grc' dir='ltr'><em>Ὀϊλῆος</em></span> <span class='ocrx_word' id='word_1_202' title='bbox 792 2607 882 2674; x_wconf 77' lang='grc' dir='ltr'><strong><em>ταχὺς</em></strong></span> <span class='ocrx_word' id='word_1_203' title='bbox 899 2609 977 2675; x_wconf 77' lang='grc' dir='ltr'><strong><em>Αἴας.</em></strong></span> <span class='ocrx_word' id='word_1_204' title='bbox 1004 2615 1136 2678; x_wconf 87' lang='lat' dir='ltr'><strong>imprimis</strong></span> <span class='ocrx_word' id='word_1_205' title='bbox 1149 2629 1195 2666; x_wconf 86' lang='lat' dir='ltr'><strong>eu·</strong></span> 
     </span>
     <span class='ocr_line' id='line_1_25' title="bbox 105 2686 1191 2753; baseline 0.003 -15"><span class='ocrx_word' id='word_1_206' title='bbox 105 2701 183 2738; x_wconf 81' lang='lat' dir='ltr'><strong>sensu</strong></span> <span class='ocrx_word' id='word_1_207' title='bbox 200 2701 286 2752; x_wconf 83' lang='lat' dir='ltr'><strong>quam</strong></span> <span class='ocrx_word' id='word_1_208' title='bbox 297 2686 351 2749; x_wconf 90' lang='lat' dir='ltr'><strong>illo,</strong></span> <span class='ocrx_word' id='word_1_209' title='bbox 372 2703 453 2753; x_wconf 86' lang='lat' dir='ltr'><strong>quem</strong></span> <span class='ocrx_word' id='word_1_210' title='bbox 469 2701 551 2753; x_wconf 86' lang='lat' dir='ltr'><strong>supra</strong></span> <span class='ocrx_word' id='word_1_211' title='bbox 564 2691 633 2740; x_wconf 87' lang='lat' dir='ltr'><strong>rete·</strong></span> <span class='ocrx_word' id='word_1_212' title='bbox 668 2691 722 2740; x_wconf 90' lang='lat' dir='ltr'><strong>tem</strong></span> <span class='ocrx_word' id='word_1_213' title='bbox 735 2689 778 2737; x_wconf 89' lang='lat' dir='ltr'><strong>hie</strong></span> <span class='ocrx_word' id='word_1_214' title='bbox 791 2689 847 2738; x_wconf 92' lang='lat' dir='ltr'><strong>eius</strong></span> <span class='ocrx_word' id='word_1_215' title='bbox 861 2690 960 2738; x_wconf 90' lang='lat' dir='ltr'><strong>mentio</strong></span> <span class='ocrx_word' id='word_1_216' title='bbox 972 2687 1086 2751; x_wconf 85' lang='lat' dir='ltr'><strong>quadrat</strong></span> <span class='ocrx_word' id='word_1_217' title='bbox 1097 2692 1191 2753; x_wconf 84' lang='lat' dir='ltr'><strong>postv.</strong></span> 
     </span>
     <span class='ocr_line' id='line_1_26' title="bbox 106 2762 1190 2828; baseline 0.003 -16"><span class='ocrx_word' id='word_1_218' title='bbox 106 2765 203 2813; x_wconf 72' lang='lat' dir='ltr'><strong>umus:</strong></span> <span class='ocrx_word' id='word_1_219' title='bbox 229 2763 339 2825; x_wconf 80' lang='lat' dir='ltr'><strong>«lyram</strong></span> <span class='ocrx_word' id='word_1_220' title='bbox 361 2762 480 2826; x_wconf 82' lang='lat' dir='ltr'><strong>pulsabis</strong></span> <span class='ocrx_word' id='word_1_221' title='bbox 499 2763 631 2828; x_wconf 86' lang='lat' dir='ltr'><strong>simulque</strong></span> <span class='ocrx_word' id='word_1_222' title='bbox 667 2763 761 2824; x_wconf 74' lang='grc'><strong>444444,</strong></span> <span class='ocrx_word' id='word_1_223' title='bbox 772 2763 871 2812; x_wconf 88' lang='lat' dir='ltr'><strong>etenim</strong></span> <span class='ocrx_word' id='word_1_224' title='bbox 883 2763 1014 2814; x_wconf 87' lang='lat' dir='ltr'><strong>Homerus</strong></span> <span class='ocrx_word' id='word_1_225' title='bbox 1024 2762 1120 2814; x_wconf 74' lang='lat' dir='ltr'><strong>ibide.</strong></span> <span class='ocrx_word' id='word_1_226' title='bbox 1129 2765 1190 2815; x_wconf 79' lang='lat'>530:</span> 
     </span>
     <span class='ocr_line' id='line_1_27' title="bbox 107 2835 1193 2906; baseline 0.002 -19"><span class='ocrx_word' id='word_1_227' title='bbox 107 2838 234 2899; x_wconf 80' lang='lat' dir='ltr'><strong>cantabis,</strong></span> <span class='ocrx_word' id='word_1_228' title='bbox 253 2839 290 2887; x_wconf 87' lang='lat' dir='ltr'><strong>itu</strong></span> <span class='ocrx_word' id='word_1_229' title='bbox 306 2839 337 2887; x_wconf 92' lang='lat' dir='ltr'><strong>ut</strong></span> <span class='ocrx_word' id='word_1_230' title='bbox 348 2851 411 2889; x_wconf 89' lang='lat' dir='ltr'><strong>cum</strong></span> <span class='ocrx_word' id='word_1_231' title='bbox 423 2838 524 2888; x_wconf 86' lang='lat' dir='ltr'><strong>Helena</strong></span> <span class='ocrx_word' id='word_1_232' title='bbox 536 2853 631 2890; x_wconf 79' lang='lat' dir='ltr'><strong>omnes</strong></span> <span class='ocrx_word' id='word_1_233' title='bbox 667 2836 764 2906; x_wconf 76' lang='grc' dir='ltr'>ἐγχείῃ</span> <span class='ocrx_word' id='word_1_234' title='bbox 781 2835 805 2886; x_wconf 87' lang='lat' dir='ltr'><strong>d&#39;</strong></span> <span class='ocrx_word' id='word_1_235' title='bbox 826 2837 975 2888; x_wconf 77' lang='grc' dir='ltr'><strong><em>ἐκέκαστο.</em></strong></span> <span class='ocrx_word' id='word_1_236' title='bbox 1001 2837 1050 2888; x_wconf 78' lang='lat' dir='ltr'><strong>Alii</strong></span> <span class='ocrx_word' id='word_1_237' title='bbox 1068 2837 1193 2890; x_wconf 77' lang='grc'><strong>(14444444</strong></span> 
     </span>
     <span class='ocr_line' id='line_1_28' title="bbox 108 2911 1194 2978; baseline 0.001 -16"><span class='ocrx_word' id='word_1_238' title='bbox 108 2917 163 2963; x_wconf 86' lang='lat' dir='ltr'><strong>tuae</strong></span> <span class='ocrx_word' id='word_1_239' title='bbox 178 2925 291 2964; x_wconf 81' lang='lat' dir='ltr'><strong>sorores</strong></span> <span class='ocrx_word' id='word_1_240' title='bbox 307 2915 389 2976; x_wconf 88' lang='lat' dir='ltr'><strong>atque</strong></span> <span class='ocrx_word' id='word_1_241' title='bbox 407 2914 519 2964; x_wconf 82' lang='lat' dir='ltr'><strong>fratrum</strong></span> <span class='ocrx_word' id='word_1_242' title='bbox 536 2913 632 2965; x_wconf 91' lang='lat' dir='ltr'><strong>mulie·</strong></span> <span class='ocrx_word' id='word_1_243' title='bbox 668 2914 779 2973; x_wconf 89' lang='lat' dir='ltr'><strong>maiore,</strong></span> <span class='ocrx_word' id='word_1_244' title='bbox 799 2911 948 2962; x_wconf 83' lang='lat' dir='ltr'><strong>Telamonis</strong></span> <span class='ocrx_word' id='word_1_245' title='bbox 969 2911 1036 2972; x_wconf 87' lang='grc'><strong>44144,</strong></span> <span class='ocrx_word' id='word_1_246' title='bbox 1062 2914 1194 2978; x_wconf 87' lang='lat' dir='ltr'><strong>interpre-</strong></span> 
     </span>
     <span class='ocr_line' id='line_1_29' title="bbox 107 2987 1194 3052; baseline -0.001 -14"><span class='ocrx_word' id='word_1_247' title='bbox 107 3001 147 3038; x_wconf 76' lang='lat' dir='ltr'><strong>res</strong></span> <span class='ocrx_word' id='word_1_248' title='bbox 160 2987 272 3038; x_wconf 80' lang='lat' dir='ltr'><strong>dulcem</strong></span> <span class='ocrx_word' id='word_1_249' title='bbox 285 3001 383 3038; x_wconf 79' lang='lat' dir='ltr'><strong>sonum</strong></span> <span class='ocrx_word' id='word_1_250' title='bbox 394 2989 568 3052; x_wconf 79' lang='lat' dir='ltr'><strong>percipiant.»</strong></span> <span class='ocrx_word' id='word_1_251' title='bbox 586 2989 633 3039; x_wconf 89' lang='grc'><strong>144-</strong></span> <span class='ocrx_word' id='word_1_252' title='bbox 668 2989 771 3046; x_wconf 65' lang='lat' dir='ltr'><strong>tantum</strong></span> <span class='ocrx_word' id='word_1_253' title='bbox 795 2989 840 3051; x_wconf 89' lang='lat' dir='ltr'><strong>qui</strong></span> <span class='ocrx_word' id='word_1_254' title='bbox 866 3000 930 3037; x_wconf 89' lang='lat' dir='ltr'><strong>sane</strong></span> <span class='ocrx_word' id='word_1_255' title='bbox 952 2987 1022 3050; x_wconf 86' lang='lat' dir='ltr'><strong>apud</strong></span> <span class='ocrx_word' id='word_1_256' title='bbox 1048 2988 1194 3038; x_wconf 83' lang='lat' dir='ltr'><strong>Homerum</strong></span> 
     </span>
     <span class='ocr_line' id='line_1_30' title="bbox 108 3059 1194 3126; baseline -0.002 -13"><span class='ocrx_word' id='word_1_257' title='bbox 108 3075 153 3113; x_wconf 83' lang='lat' dir='ltr'><strong>nus</strong></span> <span class='ocrx_word' id='word_1_258' title='bbox 168 3065 297 3112; x_wconf 84' lang='lat' dir='ltr'><strong>accurate</strong></span> <span class='ocrx_word' id='word_1_259' title='bbox 309 3061 444 3126; x_wconf 82' lang='lat' dir='ltr'><strong>explicant</strong></span> <span class='ocrx_word' id='word_1_260' title='bbox 454 3065 513 3112; x_wconf 91' lang='lat' dir='ltr'><strong>aut:</strong></span> <span class='ocrx_word' id='word_1_261' title='bbox 534 3062 633 3112; x_wconf 80' lang='lat' dir='ltr'><strong>«alter-</strong></span> <span class='ocrx_word' id='word_1_262' title='bbox 668 3065 710 3112; x_wconf 89' lang='lat' dir='ltr'><strong>est</strong></span> <span class='ocrx_word' id='word_1_263' title='bbox 725 3061 813 3124; x_wconf 89' lang='lat' dir='ltr'><strong>potius</strong></span> <span class='ocrx_word' id='word_1_264' title='bbox 829 3061 951 3112; x_wconf 86' lang='lat' dir='ltr'><strong>statarius</strong></span> <span class='ocrx_word' id='word_1_265' title='bbox 969 3059 1094 3122; x_wconf 84' lang='lat' dir='ltr'><strong>bellator,</strong></span> <span class='ocrx_word' id='word_1_266' title='bbox 1113 3075 1194 3126; x_wconf 83' lang='lat' dir='ltr'><strong>pree-</strong></span> 
     </span>
     <span class='ocr_line' id='line_1_31' title="bbox 109 3134 1194 3199; baseline -0.002 -11"><span class='ocrx_word' id='word_1_267' title='bbox 109 3138 180 3188; x_wconf 80' lang='lat' dir='ltr'><strong>nabis</strong></span> <span class='ocrx_word' id='word_1_268' title='bbox 205 3137 328 3186; x_wconf 89' lang='lat' dir='ltr'><strong>carmina</strong></span> <span class='ocrx_word' id='word_1_269' title='bbox 351 3149 419 3186; x_wconf 85' lang='lat' dir='ltr'><strong>voce</strong></span> <span class='ocrx_word' id='word_1_270' title='bbox 444 3149 503 3188; x_wconf 81' lang='grc'><strong>4444</strong></span> <span class='ocrx_word' id='word_1_271' title='bbox 526 3139 631 3187; x_wconf 86' lang='lat' dir='ltr'><strong>cantata</strong></span> <span class='ocrx_word' id='word_1_272' title='bbox 668 3136 761 3187; x_wconf 83' lang='lat' dir='ltr'><strong>sertim</strong></span> <span class='ocrx_word' id='word_1_273' title='bbox 777 3135 822 3184; x_wconf 88' lang='lat' dir='ltr'><strong>ubi</strong></span> <span class='ocrx_word' id='word_1_274' title='bbox 844 3134 989 3184; x_wconf 81' lang='lat' dir='ltr'><strong>lentissime</strong></span> <span class='ocrx_word' id='word_1_275' title='bbox 1008 3149 1023 3184; x_wconf 91' lang='lat' dir='ltr'><strong>e</strong></span> <span class='ocrx_word' id='word_1_276' title='bbox 1041 3149 1128 3199; x_wconf 79' lang='lat' dir='ltr'><strong>pugna</strong></span> <span class='ocrx_word' id='word_1_277' title='bbox 1148 3149 1194 3186; x_wconf 89' lang='lat' dir='ltr'><strong>re-</strong></span> 
     </span>
     <span class='ocr_line' id='line_1_32' title="bbox 108 3208 1191 3273; baseline -0.004 -11"><span class='ocrx_word' id='word_1_278' title='bbox 108 3214 191 3262; x_wconf 76' lang='grc'><strong>444444</strong></span> <span class='ocrx_word' id='word_1_279' title='bbox 215 3213 371 3271; x_wconf 80' lang='lat' dir='ltr'><strong>citharae»;</strong></span> <span class='ocrx_word' id='word_1_280' title='bbox 401 3213 460 3261; x_wconf 83' lang='lat' dir='ltr'><strong>aut:</strong></span> <span class='ocrx_word' id='word_1_281' title='bbox 492 3212 631 3262; x_wconf 70' lang='lat' dir='ltr'><strong>«earmina</strong></span> <span class='ocrx_word' id='word_1_282' title='bbox 668 3211 769 3260; x_wconf 86' lang='lat' dir='ltr'><strong>cedens</strong></span> <span class='ocrx_word' id='word_1_283' title='bbox 779 3221 841 3258; x_wconf 88' lang='lat' dir='ltr'><strong>curn</strong></span> <span class='ocrx_word' id='word_1_284' title='bbox 851 3210 925 3258; x_wconf 88' lang='lat' dir='ltr'><strong>asino</strong></span> <span class='ocrx_word' id='word_1_285' title='bbox 938 3213 1111 3273; x_wconf 84' lang='lat' dir='ltr'><strong>eomparatur</strong></span> <span class='ocrx_word' id='word_1_286' title='bbox 1119 3208 1191 3258; x_wconf 84' lang='lat' dir='ltr'><strong>Iliad.</strong></span> 
     </span>
     <span class='ocr_line' id='line_1_33' title="bbox 108 3284 773 3347; baseline -0.003 -12"><span class='ocrx_word' id='word_1_287' title='bbox 108 3289 222 3337; x_wconf 85' lang='lat' dir='ltr'><strong>numeris</strong></span> <span class='ocrx_word' id='word_1_288' title='bbox 245 3288 303 3336; x_wconf 81' lang='lat' dir='ltr'><strong>suis</strong></span> <span class='ocrx_word' id='word_1_289' title='bbox 324 3285 505 3345; x_wconf 74' lang='grc'><strong>(1444444444,</strong></span> <span class='ocrx_word' id='word_1_290' title='bbox 531 3287 631 3336; x_wconf 87' lang='lat' dir='ltr'><strong>etenim</strong></span> <span class='ocrx_word' id='word_1_291' title='bbox 669 3284 693 3347; x_wconf 81' lang='grc'><strong>1,</strong></span> <span class='ocrx_word' id='word_1_292' title='bbox 715 3285 773 3335; x_wconf 83' lang='lat'><strong>558.</strong></span> 
     </span>
     <span class='ocr_line' id='line_1_34' title="bbox 109 3358 1195 3426; baseline -0.006 -15"><span class='ocrx_word' id='word_1_293' title='bbox 109 3365 158 3411; x_wconf 84' lang='lat' dir='ltr'><strong>tam</strong></span> <span class='ocrx_word' id='word_1_294' title='bbox 180 3360 235 3412; x_wconf 83' lang='lat' dir='ltr'><strong>lete</strong></span> <span class='ocrx_word' id='word_1_295' title='bbox 262 3375 317 3412; x_wconf 91' lang='lat' dir='ltr'><strong>non</strong></span> <span class='ocrx_word' id='word_1_296' title='bbox 335 3365 410 3426; x_wconf 86' lang='lat' dir='ltr'><strong>putet</strong></span> <span class='ocrx_word' id='word_1_297' title='bbox 424 3361 501 3412; x_wconf 83' lang='lat' dir='ltr'><strong>verbi</strong></span> <span class='ocrx_word' id='word_1_298' title='bbox 523 3362 632 3411; x_wconf 79' lang='lat' dir='ltr'><strong>diuidere</strong></span> <span class='ocrx_word' id='word_1_299' title='bbox 700 3361 740 3410; x_wconf 78' lang='lat' dir='ltr'><strong>to.</strong></span> <span class='ocrx_word' id='word_1_300' title='bbox 777 3359 867 3422; x_wconf 84' lang='lat' dir='ltr'><strong>tameo]</strong></span> <span class='ocrx_word' id='word_1_301' title='bbox 893 3375 905 3401; x_wconf 81' lang='grc'><strong>4</strong></span> <span class='ocrx_word' id='word_1_302' title='bbox 914 3358 967 3408; x_wconf 88' lang='lat' dir='ltr'><strong>Etsi</strong></span> <span class='ocrx_word' id='word_1_303' title='bbox 985 3358 1096 3406; x_wconf 86' lang='lat' dir='ltr'><strong>Veneris</strong></span> <span class='ocrx_word' id='word_1_304' title='bbox 1118 3369 1195 3419; x_wconf 85' lang='lat' dir='ltr'><strong>prae-</strong></span> 
     </span>
     <span class='ocr_line' id='line_1_35' title="bbox 109 3429 1191 3500; baseline -0.006 -14"><span class='ocrx_word' id='word_1_305' title='bbox 109 3437 270 3500; x_wconf 79' lang='lat' dir='ltr'><strong>significatio.</strong></span> <span class='ocrx_word' id='word_1_306' title='bbox 666 3436 734 3486; x_wconf 90' lang='lat' dir='ltr'><strong>sidio</strong></span> <span class='ocrx_word' id='word_1_307' title='bbox 762 3437 846 3485; x_wconf 83' lang='lat' dir='ltr'><strong>fretus</strong></span> <span class='ocrx_word' id='word_1_308' title='bbox 871 3433 916 3482; x_wconf 91' lang='lat' dir='ltr'><strong>diu</strong></span> <span class='ocrx_word' id='word_1_309' title='bbox 945 3433 1060 3482; x_wconf 86' lang='lat' dir='ltr'><strong>mortem</strong></span> <span class='ocrx_word' id='word_1_310' title='bbox 1087 3429 1191 3490; x_wconf 77' lang='grc'><strong>44441444,</strong></span> 
     </span>
     <span class='ocr_line' id='line_1_36' title="bbox 138 3505 1194 3575; baseline -0.007 -14"><span class='ocrx_word' id='word_1_311' title='bbox 138 3513 177 3561; x_wconf 77' lang='lat' dir='ltr'><strong>to.</strong></span> <span class='ocrx_word' id='word_1_312' title='bbox 201 3511 322 3575; x_wconf 77' lang='grc'><strong>44414444]</strong></span> <span class='ocrx_word' id='word_1_313' title='bbox 338 3513 439 3562; x_wconf 83' lang='lat' dir='ltr'><strong>Rursus</strong></span> <span class='ocrx_word' id='word_1_314' title='bbox 455 3511 630 3575; x_wconf 88' lang='lat' dir='ltr'><strong>contemptim</strong></span> <span class='ocrx_word' id='word_1_315' title='bbox 666 3515 757 3560; x_wconf 86' lang='lat' dir='ltr'><strong>tamen</strong></span> <span class='ocrx_word' id='word_1_316' title='bbox 778 3507 920 3572; x_wconf 84' lang='lat' dir='ltr'><strong>aliquando</strong></span> <span class='ocrx_word' id='word_1_317' title='bbox 944 3505 1047 3566; x_wconf 84' lang='lat' dir='ltr'><strong>(decem</strong></span> <span class='ocrx_word' id='word_1_318' title='bbox 1068 3507 1128 3568; x_wconf 89' lang='lat' dir='ltr'><strong>post</strong></span> <span class='ocrx_word' id='word_1_319' title='bbox 1145 3517 1194 3554; x_wconf 88' lang='grc'><strong>44-</strong></span> 
     </span>
     <span class='ocr_line' id='line_1_37' title="bbox 110 3577 1189 3646; baseline -0.005 -11"><span class='ocrx_word' id='word_1_320' title='bbox 110 3585 140 3635; x_wconf 89' lang='lat' dir='ltr'><strong>de</strong></span> <span class='ocrx_word' id='word_1_321' title='bbox 172 3587 283 3636; x_wconf 87' lang='lat' dir='ltr'><strong>homine</strong></span> <span class='ocrx_word' id='word_1_322' title='bbox 310 3586 463 3636; x_wconf 78' lang='lat' dir='ltr'><strong>effeminato</strong></span> <span class='ocrx_word' id='word_1_323' title='bbox 488 3584 539 3635; x_wconf 89' lang='lat' dir='ltr'><strong>illic</strong></span> <span class='ocrx_word' id='word_1_324' title='bbox 567 3598 630 3634; x_wconf 89' lang='lat' dir='ltr'><strong>eum</strong></span> <span class='ocrx_word' id='word_1_325' title='bbox 666 3585 738 3646; x_wconf 79' lang='lat' dir='ltr'><strong>nos),</strong></span> <span class='ocrx_word' id='word_1_326' title='bbox 761 3582 877 3640; x_wconf 82' lang='lat' dir='ltr'><strong>adulter,</strong></span> <span class='ocrx_word' id='word_1_327' title='bbox 903 3579 1035 3630; x_wconf 69' lang='lat' dir='ltr'><strong>occides.»</strong></span> <span class='ocrx_word' id='word_1_328' title='bbox 1061 3605 1088 3614; x_wconf 33' lang='grc' dir='ltr'>ῃ</span> <span class='ocrx_word' id='word_1_329' title='bbox 1111 3577 1189 3642; x_wconf 76' lang='lat' dir='ltr'><strong>sonu]</strong></span> 
     </span>
     <span class='ocr_line' id='line_1_38' title="bbox 109 3655 1187 3720; baseline -0.007 -9"><span class='ocrx_word' id='word_1_330' title='bbox 109 3660 223 3711; x_wconf 78' lang='grc'><strong>4414414444</strong></span> <span class='ocrx_word' id='word_1_331' title='bbox 248 3674 279 3711; x_wconf 81' lang='lat' dir='ltr'><strong>se</strong></span> <span class='ocrx_word' id='word_1_332' title='bbox 304 3659 496 3710; x_wconf 82' lang='lat' dir='ltr'><strong>abscondente.</strong></span> <span class='ocrx_word' id='word_1_333' title='bbox 540 3659 630 3708; x_wconf 88' lang='lat' dir='ltr'><strong>Venus</strong></span> <span class='ocrx_word' id='word_1_334' title='bbox 665 3660 800 3710; x_wconf 77' lang='lat' dir='ltr'><strong>Adiectivu</strong></span> <span class='ocrx_word' id='word_1_335' title='bbox 836 3655 991 3720; x_wconf 86' lang='lat' dir='ltr'><strong>temporalia</strong></span> <span class='ocrx_word' id='word_1_336' title='bbox 1024 3669 1105 3719; x_wconf 88' lang='lat' dir='ltr'><strong>saepe</strong></span> <span class='ocrx_word' id='word_1_337' title='bbox 1138 3667 1187 3718; x_wconf 91' lang='lat' dir='ltr'><strong>pro</strong></span> 
     </span>
     <span class='ocr_line' id='line_1_39' title="bbox 110 3725 1191 3801; baseline -0.007 -15"><span class='ocrx_word' id='word_1_338' title='bbox 110 3737 227 3786; x_wconf 81' lang='lat' dir='ltr'><strong>Paridem</strong></span> <span class='ocrx_word' id='word_1_339' title='bbox 251 3735 325 3785; x_wconf 86' lang='lat' dir='ltr'><strong>iliud.</strong></span> <span class='ocrx_word' id='word_1_340' title='bbox 351 3751 378 3801; x_wconf 82' lang='grc' dir='ltr'><strong>γ,</strong></span> <span class='ocrx_word' id='word_1_341' title='bbox 408 3735 470 3785; x_wconf 84' lang='grc'><strong>384;</strong></span> <span class='ocrx_word' id='word_1_342' title='bbox 499 3730 629 3797; x_wconf 79' lang='grc' dir='ltr'><strong><em>ἐκάλυψε</em></strong></span> <span class='ocrx_word' id='word_1_343' title='bbox 666 3733 807 3783; x_wconf 85' lang='lat' dir='ltr'><strong>adverbiis.</strong></span> <span class='ocrx_word' id='word_1_344' title='bbox 849 3731 922 3782; x_wconf 86' lang='lat' dir='ltr'><strong>iliud.</strong></span> <span class='ocrx_word' id='word_1_345' title='bbox 944 3745 976 3791; x_wconf 90' lang='grc' dir='ltr'><strong>α,</strong></span> <span class='ocrx_word' id='word_1_346' title='bbox 1000 3729 1063 3781; x_wconf 76' lang='lat' dir='ltr'><strong>iil:</strong></span> <span class='ocrx_word' id='word_1_347' title='bbox 1090 3725 1191 3791; x_wconf 81' lang='grc' dir='ltr'><strong><em>χθιζὸς</em></strong></span> 
     </span>
     <span class='ocr_line' id='line_1_40' title="bbox 109 3802 1191 3880; baseline -0.006 -22"><span class='ocrx_word' id='word_1_348' title='bbox 109 3809 129 3858; x_wconf 76' lang='lat' dir='ltr'><strong>d</strong></span> <span class='ocrx_word' id='word_1_349' title='bbox 145 3803 189 3880; x_wconf 83' lang='grc' dir='ltr'><strong>ἆρ’</strong></span> <span class='ocrx_word' id='word_1_350' title='bbox 210 3804 275 3879; x_wconf 78' lang='grc' dir='ltr'><strong><em>ἠέρι</em></strong></span> <span class='ocrx_word' id='word_1_351' title='bbox 298 3803 389 3880; x_wconf 75' lang='grc' dir='ltr'><strong>4444λῄ</strong></span> <span class='ocrx_word' id='word_1_352' title='bbox 406 3805 467 3860; x_wconf 81' lang='lat' dir='ltr'><strong>Kdd</strong></span> <span class='ocrx_word' id='word_1_353' title='bbox 483 3807 507 3858; x_wconf 81' lang='grc' dir='ltr'><strong>δ’</strong></span> <span class='ocrx_word' id='word_1_354' title='bbox 526 3802 577 3859; x_wconf 71' lang='lat' dir='ltr'><strong>elo‘</strong></span> <span class='ocrx_word' id='word_1_355' title='bbox 598 3807 629 3859; x_wconf 82' lang='grc' dir='ltr'><strong>ἐν</strong></span> <span class='ocrx_word' id='word_1_356' title='bbox 665 3802 730 3873; x_wconf 76' lang='grc' dir='ltr'>ἔβη.</span> <span class='ocrx_word' id='word_1_357' title='bbox 754 3807 838 3871; x_wconf 91' lang='lat' dir='ltr'><strong>Epod.</strong></span> <span class='ocrx_word' id='word_1_358' title='bbox 854 3807 897 3866; x_wconf 91' lang='grc'><strong>46,</strong></span> <span class='ocrx_word' id='word_1_359' title='bbox 917 3807 957 3856; x_wconf 82' lang='lat' dir='ltr'><strong>itt:</strong></span> <span class='ocrx_word' id='word_1_360' title='bbox 974 3805 1127 3866; x_wconf 72' lang='lat' dir='ltr'><strong>vespertinus</strong></span> <span class='ocrx_word' id='word_1_361' title='bbox 1142 3817 1191 3852; x_wconf 84' lang='lat' dir='ltr'><strong>ur-</strong></span> 
     </span>
     <span class='ocr_line' id='line_1_41' title="bbox 109 3879 1192 3951; baseline -0.006 -16"><span class='ocrx_word' id='word_1_362' title='bbox 109 3879 226 3951; x_wconf 76' lang='grc' dir='ltr'><strong>4αλαμῷ</strong></span> <span class='ocrx_word' id='word_1_363' title='bbox 248 3879 357 3946; x_wconf 74' lang='grc' dir='ltr'><strong>εὐώδεϊ,</strong></span> <span class='ocrx_word' id='word_1_364' title='bbox 373 3880 504 3950; x_wconf 75' lang='grc' dir='ltr'><strong>κηώεντι.</strong></span> <span class='ocrx_word' id='word_1_365' title='bbox 525 3911 552 3920; x_wconf 90' lang='grc'><strong>-</strong></span> <span class='ocrx_word' id='word_1_366' title='bbox 569 3899 631 3948; x_wconf 79' lang='lat' dir='ltr'><strong>pro-</strong></span> <span class='ocrx_word' id='word_1_367' title='bbox 665 3898 715 3933; x_wconf 81' lang='lat' dir='ltr'><strong>rus.</strong></span> <span class='ocrx_word' id='word_1_368' title='bbox 748 3883 813 3946; x_wconf 87' lang='lat' dir='ltr'><strong>Epp.</strong></span> <span class='ocrx_word' id='word_1_369' title='bbox 834 3884 864 3942; x_wconf 77' lang='grc'><strong>4,</strong></span> <span class='ocrx_word' id='word_1_370' title='bbox 889 3883 918 3942; x_wconf 87' lang='grc'><strong>4,</strong></span> <span class='ocrx_word' id='word_1_371' title='bbox 944 3881 1005 3930; x_wconf 88' lang='lat' dir='ltr'><strong>t6-t:</strong></span> <span class='ocrx_word' id='word_1_372' title='bbox 1033 3882 1109 3930; x_wconf 77' lang='lat' dir='ltr'><strong>Serto</strong></span> <span class='ocrx_word' id='word_1_373' title='bbox 1125 3879 1192 3928; x_wconf 81' lang='lat' dir='ltr'><strong>enim</strong></span> 
     </span>
     <span class='ocr_line' id='line_1_42' title="bbox 108 3953 1187 4026; baseline -0.007 -16"><span class='ocrx_word' id='word_1_374' title='bbox 108 3963 152 4026; x_wconf 80' lang='lat' dir='ltr'><strong>ces]</strong></span> <span class='ocrx_word' id='word_1_375' title='bbox 170 3960 384 4024; x_wconf 73' lang='lat' dir='ltr'><strong>aponderosas;»</strong></span> <span class='ocrx_word' id='word_1_376' title='bbox 399 3961 451 4010; x_wconf 88' lang='lat' dir='ltr'><strong>boc</strong></span> <span class='ocrx_word' id='word_1_377' title='bbox 466 3960 550 4021; x_wconf 78' lang='lat' dir='ltr'><strong>magu</strong></span> <span class='ocrx_word' id='word_1_378' title='bbox 565 3965 631 4024; x_wconf 74' lang='lat' dir='ltr'><strong>poe-</strong></span> <span class='ocrx_word' id='word_1_379' title='bbox 666 3958 768 4008; x_wconf 78' lang='lat' dir='ltr'><strong>Graecis</strong></span> <span class='ocrx_word' id='word_1_380' title='bbox 801 3957 911 4006; x_wconf 85' lang='lat' dir='ltr'><strong>admouit</strong></span> <span class='ocrx_word' id='word_1_381' title='bbox 940 3957 1059 4005; x_wconf 82' lang='grc'><strong>44444444</strong></span> <span class='ocrx_word' id='word_1_382' title='bbox 1086 3953 1187 4003; x_wconf 76' lang='lat' dir='ltr'><strong>coortis.</strong></span> 
     </span>
     <span class='ocr_line' id='line_1_43' title="bbox 109 4030 1190 4098; baseline -0.008 -13"><span class='ocrx_word' id='word_1_383' title='bbox 109 4037 186 4085; x_wconf 87' lang='lat' dir='ltr'><strong>ticum</strong></span> <span class='ocrx_word' id='word_1_384' title='bbox 202 4039 247 4085; x_wconf 83' lang='lat' dir='ltr'><strong>est</strong></span> <span class='ocrx_word' id='word_1_385' title='bbox 262 4047 361 4098; x_wconf 65' lang='lat' dir='ltr'><strong>quam²</strong></span> <span class='ocrx_word' id='word_1_386' title='bbox 379 4037 410 4084; x_wconf 90' lang='lat' dir='ltr'><strong>ut</strong></span> <span class='ocrx_word' id='word_1_387' title='bbox 425 4033 468 4084; x_wconf 86' lang='lat' dir='ltr'><strong>alii</strong></span> <span class='ocrx_word' id='word_1_388' title='bbox 483 4036 627 4097; x_wconf 84' lang='lat' dir='ltr'><strong>exponunt,</strong></span> <span class='ocrx_word' id='word_1_389' title='bbox 665 4033 735 4096; x_wconf 70' lang='lat' dir='ltr'><strong>Virgl</strong></span> <span class='ocrx_word' id='word_1_390' title='bbox 755 4031 886 4094; x_wconf 47' lang='lat' dir='ltr'><strong>Eulogat,</strong></span> <span class='ocrx_word' id='word_1_391' title='bbox 909 4030 955 4080; x_wconf 68' lang='lat'><strong>28:</strong></span> <span class='ocrx_word' id='word_1_392' title='bbox 982 4031 1103 4088; x_wconf 82' lang='lat' dir='ltr'><strong>Libertus,</strong></span> <span class='ocrx_word' id='word_1_393' title='bbox 1125 4039 1190 4089; x_wconf 78' lang='grc'><strong>4444</strong></span> 
     </span>
     <span class='ocr_line' id='line_1_44' title="bbox 110 4101 1186 4172; baseline -0.004 -16"><span class='ocrx_word' id='word_1_394' title='bbox 110 4111 268 4172; x_wconf 74' lang='grc'><strong>4444444444,</strong></span> <span class='ocrx_word' id='word_1_395' title='bbox 306 4113 423 4160; x_wconf 88' lang='lat' dir='ltr'><strong>mortem</strong></span> <span class='ocrx_word' id='word_1_396' title='bbox 454 4109 627 4158; x_wconf 73' lang='lat' dir='ltr'><strong>atterentes.»</strong></span> <span class='ocrx_word' id='word_1_397' title='bbox 664 4122 730 4169; x_wconf 82' lang='lat' dir='ltr'><strong>scra,</strong></span> <span class='ocrx_word' id='word_1_398' title='bbox 755 4113 837 4157; x_wconf 86' lang='lat' dir='ltr'><strong>tameo</strong></span> <span class='ocrx_word' id='word_1_399' title='bbox 859 4107 968 4168; x_wconf 79' lang='lat' dir='ltr'><strong>roepenit</strong></span> <span class='ocrx_word' id='word_1_400' title='bbox 983 4107 1094 4154; x_wconf 82' lang='lat' dir='ltr'><strong>inertem.</strong></span> <span class='ocrx_word' id='word_1_401' title='bbox 1129 4101 1186 4152; x_wconf 87' lang='lat' dir='ltr'><strong>Tib.</strong></span> 
     </span>
     <span class='ocr_line' id='line_1_45' title="bbox 110 4175 1189 4254; baseline -0.009 -19"><span class='ocrx_word' id='word_1_402' title='bbox 110 4184 255 4236; x_wconf 73' lang='lat' dir='ltr'><strong>Recordare</strong></span> <span class='ocrx_word' id='word_1_403' title='bbox 283 4184 393 4235; x_wconf 85' lang='lat' dir='ltr'><strong>Homeri</strong></span> <span class='ocrx_word' id='word_1_404' title='bbox 417 4175 504 4251; x_wconf 73' lang='grc' dir='ltr'><em>ἔγχος</em></span> <span class='ocrx_word' id='word_1_405' title='bbox 530 4180 628 4254; x_wconf 80' lang='grc' dir='ltr'><strong><em>βριθύ,</em></strong></span> <span class='ocrx_word' id='word_1_406' title='bbox 666 4183 690 4243; x_wconf 88' lang='grc'><strong>4,</strong></span> <span class='ocrx_word' id='word_1_407' title='bbox 711 4181 757 4232; x_wconf 76' lang='lat' dir='ltr'><strong>ot:</strong></span> <span class='ocrx_word' id='word_1_408' title='bbox 791 4181 872 4242; x_wconf 81' lang='lat' dir='ltr'><strong>Seru,</strong></span> <span class='ocrx_word' id='word_1_409' title='bbox 898 4185 981 4230; x_wconf 80' lang='grc'><strong>444444</strong></span> <span class='ocrx_word' id='word_1_410' title='bbox 1003 4179 1085 4228; x_wconf 70' lang='lat' dir='ltr'><strong>muts</strong></span> <span class='ocrx_word' id='word_1_411' title='bbox 1105 4190 1189 4239; x_wconf 79' lang='lat' dir='ltr'><strong>poeno</strong></span> 
     </span>
     <span class='ocr_line' id='line_1_46' title="bbox 109 4251 1185 4329; baseline -0.01 -19"><span class='ocrx_word' id='word_1_412' title='bbox 109 4262 186 4325; x_wconf 73' lang='grc' dir='ltr'><strong>μέγα,</strong></span> <span class='ocrx_word' id='word_1_413' title='bbox 208 4255 352 4329; x_wconf 82' lang='grc' dir='ltr'><strong><em>στιβαρόν</em></strong></span> <span class='ocrx_word' id='word_1_414' title='bbox 372 4261 400 4309; x_wconf 87' lang='grc'><strong>44</strong></span> <span class='ocrx_word' id='word_1_415' title='bbox 421 4257 493 4308; x_wconf 89' lang='lat' dir='ltr'><strong>iliad.</strong></span> <span class='ocrx_word' id='word_1_416' title='bbox 515 4260 538 4320; x_wconf 88' lang='grc' dir='ltr'><strong>ζ,</strong></span> <span class='ocrx_word' id='word_1_417' title='bbox 563 4258 626 4308; x_wconf 84' lang='grc'><strong>348;</strong></span> <span class='ocrx_word' id='word_1_418' title='bbox 663 4258 731 4308; x_wconf 82' lang='lat' dir='ltr'><strong>uenit</strong></span> <span class='ocrx_word' id='word_1_419' title='bbox 745 4255 856 4318; x_wconf 81' lang='lat' dir='ltr'><strong>peditus.</strong></span> <span class='ocrx_word' id='word_1_420' title='bbox 891 4255 1010 4318; x_wconf 85' lang='lat' dir='ltr'><strong>Propert.</strong></span> <span class='ocrx_word' id='word_1_421' title='bbox 1036 4253 1060 4314; x_wconf 88' lang='grc'><strong>3,</strong></span> <span class='ocrx_word' id='word_1_422' title='bbox 1080 4252 1120 4312; x_wconf 79' lang='grc'><strong>45,</strong></span> <span class='ocrx_word' id='word_1_423' title='bbox 1140 4251 1185 4300; x_wconf 81' lang='lat'><strong>35:</strong></span> 
     </span>
    </p>
   </div>
   <div class='ocr_carea' id='block_1_6' title="bbox 187 4344 1017 4398">
    <p class='ocr_par' dir='ltr' id='par_1_6' title="bbox 187 4344 1017 4398">
     <span class='ocr_line' id='line_1_47' title="bbox 187 4344 1017 4398; baseline -0.011 -2"><span class='ocrx_word' id='word_1_424' title='bbox 187 4353 281 4398; x_wconf 84' lang='grc'><strong>114444,</strong></span> <span class='ocrx_word' id='word_1_425' title='bbox 300 4363 354 4396; x_wconf 84' lang='lat' dir='ltr'><strong>ror..</strong></span> <span class='ocrx_word' id='word_1_426' title='bbox 370 4351 385 4395; x_wconf 88' lang='lat' dir='ltr'><strong>t.</strong></span> <span class='ocrx_word' id='word_1_427' title='bbox 415 4362 454 4398; x_wconf 79' lang='grc'><strong>44.</strong></span> <span class='ocrx_word' id='word_1_428' title='bbox 470 4359 548 4395; x_wconf 70' lang='lat' dir='ltr'><strong>aaron</strong></span> <span class='ocrx_word' id='word_1_429' title='bbox 563 4348 597 4392; x_wconf 91' lang='grc'><strong>444.</strong></span> <span class='ocrx_word' id='word_1_430' title='bbox 1003 4344 1017 4387; x_wconf 87' lang='grc'><strong>7</strong></span> 
     </span>
    </p>
   </div>
   <div class='ocr_carea' id='block_1_7' title="bbox 0 0 1476 4884">
    <p class='ocr_par' dir='ltr' id='par_1_7' title="bbox 0 0 1476 4884">
     <span class='ocr_line' id='line_1_48' title="bbox 0 0 1476 4884; baseline 0 0"><span class='ocrx_word' id='word_1_431' title='bbox 0 0 1476 4884; x_wconf 95' lang='lat' dir='ltr'><strong> </strong></span> 
     </span>
    </p>
   </div>
  </div>
 </body>
</html>
