2934 4884
524 374 582 423 tiu.
602 374 632 423 li.
669 376 698 423 (1.
719 376 749 424 ii.

298 529 411 615 Crispe
435 526 568 598 Salusti.
592 530 652 594 nisi
677 542 855 618 temperato

466 650 642 737 Splendeat
665 672 735 717 usu.

298 810 387 875 Vivet
408 821 537 876 extento
559 810 749 877 Proculeius
772 832 870 881 ueto.

295 932 395 995 Notus
418 932 449 995 in
472 932 586 997 iratres
608 933 704 997 animi
728 934 870 1021 paterni;

298 1050 390 1117 lllum
412 1065 486 1140 aget
506 1073 613 1141 penna
634 1064 797 1121 metuente
822 1054 901 1121 solvi

469 1176 565 1241 Fama
587 1186 762 1263 superstes.

189 1374 214 1422 3.
233 1373 341 1423 &idisti
355 1373 413 1423 arc
430 1375 458 1421 et
468 1372 533 1423 Edd.
554 1374 594 1435 (ot
609 1386 668 1434 nos,
687 1374 761 1435 bSd.)
784 1402 809 1411 -
826 1376 850 1425 7.
865 1377 919 1439 opit
938 1374 1045 1441 Sciiyz.
1061 1379 1100 1439 (ut
1118 1392 1174 1438 nus,

156 1446 244 1507 Bde,
264 1448 381 1497 Pettierii
397 1448 477 1507 octo.)
497 1474 525 1483 -
540 1448 624 1509 pinno
640 1450 668 1499 u.

120 1640 180 1688 opes
194 1638 384 1688 recopnoseere,
402 1626 650 1687 montosaque
686 1626 834 1687 Caepionem
849 1654 874 1661 -
887 1630 914 1676 et
926 1628 1091 1683 Murenamn,
1109 1628 1209 1679 addunt

119 1701 259 1760 mae,
279 1702 314 1749 ud
333 1714 398 1762 qaas
416 1700 541 1761 epidico
561 1705 650 1749 metro
685 1702 773 1751 Acron
790 1702 817 1749 ei
834 1702 938 1751 Comm.
956 1704 1045 1765 Cruq.)
1065 1704 1119 1763 init,
1139 1704 1208 1753 odeo

120 1776 224 1838 σῶμα.
253 1774 364 1836 (Eadem
381 1776 528 1825 contractio
545 1775 649 1838 reperi-
685 1777 716 1823 ut
731 1775 803 1825 hona
825 1788 874 1825 sua
892 1788 953 1826 cum
971 1777 1001 1825 iis
1018 1779 1110 1841 aequis
1127 1782 1208 1841 parti-

121 1851 248 1913 turapnd
259 1848 460 1908 Vai.Flacc.t,
478 1850 539 1899 ⁴23:
558 1849 649 1913 praeiit
685 1848 737 1900 bus
760 1850 891 1909 diviserit,
920 1850 1016 1913 quihus
1040 1852 1071 1901 iiii
1095 1854 1121 1902 in
1139 1853 1207 1903 balio

120 1925 255 1973 &minere
278 1924 387 1987 harno.)
411 1950 438 1959 —
462 1924 548 1981 «Hoc,
575 1925 648 1987 quod
685 1922 753 1973 civili
767 1928 843 1975 erant
854 1923 982 1987 spoliati.»
1007 1928 1128 1976 Poenum.
1149 1930 1208 1978 Erat

120 1998 191 2058 dico
203 1998 540 2060 vemmessetuniuqnit,
551 2011 648 2061 «agno-
684 1999 753 2048 inter
770 2012 817 2047 eos
836 2000 939 2061 equites
951 2000 1092 2059 Romanoa,
1111 2001 1208 2065 quihus

122 2074 182 2127 seis.
201 2074 297 2136 Crispe
315 2072 418 2133 salusti,
437 2073 482 2135 qui
499 2073 571 2123 nihiii
583 2074 647 2124 iacis
684 2072 711 2121 in
728 2074 927 2121 matrimonium
939 2073 1003 2123 dare
1021 2074 1110 2124 lutiam
1123 2080 1209 2137 augar-

122 2145 258 2206 taminam,
277 2147 328 2197 nisi
345 2148 648 2209 inquantumhnmants
685 2150 742 2196 stus
766 2148 900 2208 cogitarat.
922 2148 1003 2196 Tacit.
1027 2152 1093 2197 ann.
1113 2148 1140 2209 4,
1165 2149 1205 2200 tu.

121 2220 215 2271 umbus
227 2223 265 2283 (et
281 2221 313 2271 iis
325 2221 434 2284 quidem
445 2222 580 2285 sapienter
591 2236 648 2274 mo-
685 2221 739 2271 Cir.
753 2222 800 2270 Dio
812 2220 853 2279 st,
867 2221 894 2269 3:
915 2218 1064 2286 Μαικήνας
1075 2224 1124 2271 καὶ
1135 2222 1208 2291 Προ-

121 2295 229 2355 demus,
248 2296 359 2345 animio
375 2295 438 2345 luxu
453 2294 552 2357 alienis)
565 2298 649 2347 inser-
684 2290 802 2356 κούλιος
819 2295 849 2356 ἐς
866 2290 901 2343 τὰ
918 2293 1016 2366 πρῶτα
1033 2292 1090 2347 ὑπὸ
1101 2292 1208 2363 Αὐγού-

121 2370 199 2419 nata
224 2372 319 2419 Burro.
343 2371 527 2421 Rectaautem
538 2371 648 2423 Bentleii
684 2384 757 2419 στου
775 2364 940 2433 τιμώμενοι,
975 2372 1046 2420 lntar
1063 2370 1207 2421 litterarum

122 2445 298 2494 coostmctio:
311 2445 648 2507 inimieeianrnoe(massas
686 2443 802 2494 fautores
828 2457 891 2495 euro
920 2449 1052 2495 memorat
1079 2445 1207 2497 luvenalis

121 2518 261 2569 dumtaxat
285 2518 385 2569 metalli
410 2521 521 2583 pretiosi
544 2534 595 2585 par
617 2535 647 2573 se
684 2519 714 2579 T,
732 2518 777 2569 et:
798 2518 913 2581 Quietiti
923 2521 1065 2581 Maecenas,
1078 2522 1208 2582 menone

121 2594 278 2656 spectatae),
295 2594 346 2641 nisi
357 2591 446 2643 lamna
457 2596 585 2657 spendeot
595 2599 646 2646 cet.
685 2594 742 2655 erit,
760 2598 805 2641 ortt
821 2594 981 2645 horesius?
999 2596 1135 2659 (Proculeii
1150 2596 1208 2646 eifl-

121 2666 168 2717 aiii
185 2681 220 2716 ex
230 2682 257 2716 v.
273 2670 296 2716 4.
310 2666 418 2717 eliciunt
433 2670 580 2732 monstrem
598 2670 648 2720 sed
685 2668 742 2729 gies
759 2670 800 2717 est
817 2668 842 2717 in
860 2680 971 2719 nummo
988 2669 1059 2733 apud
1074 2670 1160 2719 Riccio
1171 2668 1205 2717 Μ.

121 2741 457 2793 voctmoedeflmtione
469 2742 648 2807 qualicunque
685 2743 714 2791 F.
732 2744 761 2791 a.
780 2755 806 2805 p.
832 2742 904 2805 iti.)
932 2744 1067 2793 Drumann
1094 2744 1124 2793 G.
1143 2746 1170 2793 u.
1188 2744 1205 2791 Ι.

120 2828 214 2865 carere
231 2830 287 2865 non
305 2818 409 2879 potest,
435 2830 498 2867 cum
514 2820 579 2868 satis
595 2820 648 2869 iam
685 2818 711 2865 S.
731 2816 788 2866 495.

121 2890 262 2941 definitam
278 2890 314 2939 sit
329 2897 470 2954 arpentum
719 2892 743 2940 6.
762 2894 943 2957 Notus-enini]
958 2894 983 2943 in
995 2898 1061 2943 orat.
1075 2894 1205 2957 pedestri:

152 2965 178 3015 (t.
191 2966 279 3026 Crispa
289 2964 393 3029 suero]
403 2967 475 3016 iiaec
487 2968 601 3018 inversio
612 2968 649 3031 (ut
686 2968 784 3016 «notus
801 2970 911 3029 propter
927 2968 1077 3017 animum.»
1112 2968 1158 3017 0d.
1178 2967 1205 3026 4,

120 3040 211 3098 ode,
224 3040 252 3088 44
265 3078 270 3098 ,
283 3040 313 3088 2:
330 3040 437 3101 Hirpine
452 3042 649 3106 Qattut,)raris-
686 3040 725 3100 ta,
745 3040 785 3089 Ti:
804 3042 1021 3091 norw-ortium.
1040 3042 1103 3091 Stoi.
1123 3040 1205 3091 Theb.

120 3114 188 3163 sisne
206 3113 278 3177 apud
291 3114 463 3175 Ciceronem,
482 3118 510 3165 et
523 3114 610 3167 seium
622 3118 647 3167 in
684 3115 716 3174 2,
735 3113 794 3163 ait:
813 3115 914 3175 notique
930 3128 1033 3177 operum
1051 3116 1178 3165 Telchines.

49 3232 54 3243 ,
121 3187 258 3251 Epistola,
276 3187 433 3251 frequenter
445 3190 516 3253 apud
528 3192 647 3243 Tacitum
718 3189 742 3236 7.
761 3186 826 3251 opat]
846 3190 941 3237 «Fama
955 3202 1017 3239 eum
1028 3190 1116 3249 vehet,
1135 3188 1207 3239 tollet

120 3263 262 3325 reperitur.
310 3263 437 3313 Primaria
463 3278 544 3315 causa
569 3266 648 3317 huius
685 3261 733 3313 elis
750 3264 805 3312 suis
822 3274 872 3325 per
887 3262 1026 3326 populos.»
1053 3264 1122 3325 Virg.
1141 3268 1205 3313 Aen.

120 3337 268 3387 verborum
279 3337 382 3388 ordinis
393 3351 425 3388 ea
442 3339 498 3399 tuit,
517 3340 589 3403 quod
609 3340 648 3390 ia·
684 3339 713 3398 9,
732 3338 795 3389 tta:
819 3338 929 3399 pinnato
947 3350 995 3399 per
1011 3337 1097 3387 wien
1113 3338 1208 3386 Nuntio

121 3409 220 3461 miiiam
237 3412 284 3469 iis,
303 3424 370 3474 qnos
387 3412 568 3477 appellabant,
587 3428 649 3479 pro-
684 3414 766 3461 Fonra
782 3413 841 3461 mit.
861 3414 981 3474 Propera.
1001 3411 1032 3471 3,
1052 3412 1079 3469 4,
1098 3411 1128 3459 9:
1155 3413 1208 3471 Qiio

122 3484 224 3546 piorem
238 3485 428 3549 carioremque
444 3500 525 3551 qoam
540 3491 647 3551 gentem
684 3501 724 3536 me
746 3488 826 3537 Fama
847 3486 912 3535 levat
934 3491 1004 3535 terro
1026 3484 1136 3535 munia
1155 3488 1205 3533 oet.

121 3558 275 3610 iudicabant
302 3562 446 3625 praecipue
474 3562 648 3625 epistolarum
685 3563 783 3611 Notum
796 3561 942 3610 Ennianum
955 3558 1030 3609 iliud:
1053 3560 1131 3607 Volito
1140 3561 1206 3609 uinn'

120 3635 276 3697 emptores.
681 3649 729 3696 per
745 3649 793 3684 ore
808 3636 899 3685 virum.
935 3634 996 3699 Aput
1010 3632 1208 3684 autemciarius

153 3710 179 3757 5.
197 3709 311 3772 misam]
339 3708 466 3773 «longum
495 3711 523 3761 in
550 3724 647 3761 aevum
684 3722 766 3773 quam
784 3711 837 3773 opit
853 3709 1208 3773 significatduraturamper

121 3782 280 3844 produeto,·
298 3786 329 3832 ut
344 3785 414 3847 virg.
433 3788 497 3835 Aen.
518 3786 563 3846 40,
582 3785 645 3837 468ε
683 3796 764 3835 omne
796 3785 913 3833 futurum
945 3786 1051 3848 tempus
1079 3782 1208 3833 Proculeii

121 3856 218 3917 [mon
241 3860 374 3907 sciendae
393 3860 475 3922 sactis.
501 3888 528 3896 -
552 3862 647 3909 Proco-
684 3860 837 3917 ctiamtunc,
856 3860 886 3907 ut
897 3858 1012 3916 videtur,
1032 3858 1142 3908 niventis
1154 3857 1209 3908 iau·

122 3930 191 3994 tenu]
206 3932 253 3981 «C.
266 3931 420 3983 Proculeius
431 3934 515 3983 Varro
527 3935 645 3993 Murena,
684 3931 760 3989 dem;
780 3944 812 3981 ac
829 3935 968 3993 praeterea
991 3931 1077 3981 tuturo
1095 3931 1165 3983 iavet
1180 3946 1204 3979 v.

125 4016 208 4066 eques
230 4006 365 4056 Romanus
382 4007 473 4069 (imter
490 4008 580 4057 Licinii
596 4008 644 4057 ud.
682 4006 756 4055 vaiet.
784 4032 810 4041 -
834 4010 956 4055 menenio
971 4006 1041 4071 solui]
1059 4003 1207 4069 πεφυλαγ-

125 4077 151 4137 2,
168 4080 208 4138 tn,
227 4080 251 4127 t.
271 4083 299 4130 et
315 4082 454 4131 Terentiae
465 4082 644 4143 Maecenatis),
683 4083 756 4151 μένῃ
765 4076 895 4141 λύεσθαι,
906 4080 1205 4142 caventelanguescere;

127 4153 226 4203 amicus
242 4156 361 4217 augusti,
380 4155 530 4207 rarissimae
541 4157 646 4220 pietatis
684 4156 775 4206 acuius
792 4154 862 4205 nulia
879 4168 997 4220 unquam
1015 4150 1152 4204 dissolutio
1166 4157 1207 4204 est

128 4239 188 4288 erga
199 4228 294 4279 tratres
304 4243 368 4281 suos
379 4230 645 4294 (Scipionem-iege
683 4231 795 4281 futura.»
830 4230 878 4281 Od.
897 4232 921 4291 3,
942 4232 984 4287 44,
1005 4231 1048 4277 to:
1072 4230 1207 4291 mittitque
