2934 4884
687 357 816 408 iioniiii
833 355 961 408 Eronos

398 513 436 578 Et
462 510 617 599 Esquilini
643 511 784 598 pontifex
810 511 945 578 venefici

399 634 533 720 impune
552 641 587 696 ut
612 630 731 699 Urbem
755 632 884 700 nomine
907 629 1051 719 impleris
1076 633 1173 697 meo?

397 753 483 832 Ouid
508 751 662 837 proderat
682 752 804 819 ditasse
827 751 975 838 Pelignus
996 771 1095 823 anus,

397 873 587 941 Velociusve
608 872 780 940 miscuisse
808 871 974 939 toxicum?

397 993 462 1060 Sed
485 993 627 1060 tardiora
649 993 712 1059 lata
732 1003 765 1060 te
789 993 872 1059 votis
895 1003 1041 1060 manent:

398 1116 524 1204 ingrata
545 1114 665 1181 misero
687 1113 751 1178 vita
774 1111 923 1179 ducenda
946 1124 996 1183 est
1022 1113 1054 1178 in
1077 1112 1155 1186 hoc,

396 1236 495 1302 Novis
516 1245 679 1322 utusque
704 1243 860 1320 suppetas
882 1231 1057 1299 laboribus.

397 1358 496 1444 Optat
521 1354 665 1442 quietem
686 1352 816 1441 Pelopis
836 1351 925 1419 inlidi
951 1363 1060 1440 pater,
1317 1357 1354 1418 oti

335 1527 375 1579 58.
394 1525 526 1588 seoretius·
542 1527 568 1576 F.
585 1551 611 1561 -
630 1525 671 1576 59.
688 1525 785 1586 Inpiittt
798 1523 826 1572 Τ.
843 1550 869 1558 -
888 1523 929 1573 60.
944 1523 1059 1586 proderit
1069 1521 1122 1583 bT,
1141 1525 1208 1574 Pott.
1227 1537 1321 1574 omnes

302 1603 410 1666 praeter
426 1601 548 1660 tertium,
567 1599 647 1650 ectr.
668 1599 707 1661 (ut
723 1609 786 1654 nos,
806 1597 856 1656 Be,
874 1613 922 1663 yv,
941 1609 981 1660 pr.
999 1599 1036 1662 κ.)
1057 1623 1083 1635 -
1103 1597 1144 1648 62.
1163 1599 1191 1647 Si
1208 1600 1322 1648 tardiora

300 1677 358 1738 sato
374 1679 398 1724 to
412 1675 476 1724 uotis
499 1674 603 1736 (devotis
618 1687 688 1724 corr.
706 1674 734 1734 Τ)
751 1669 876 1740 monem?
899 1670 950 1731 bT,
970 1672 1084 1720 Pottierii
1102 1685 1198 1722 omnes
1216 1677 1321 1736 praeter

303 1749 423 1809 sextum,
449 1748 529 1798 icti.
560 1749 600 1812 (ut
621 1759 686 1808 nos,
709 1748 760 1806 Be,
777 1760 820 1811 pr.
838 1761 869 1806 κ,
888 1745 950 1808 alil.)
975 1771 1002 1782 -
1031 1745 1071 1796 si.
1089 1746 1218 1796 dolotibao
1232 1749 1321 1806 inci.

304 1823 343 1884 (tlt
358 1834 421 1881 nos,
439 1820 511 1881 libe,
523 1823 560 1888 y.)
575 1845 603 1858 -
621 1821 662 1871 65.
681 1822 773 1886 lapidus
789 1835 842 1882 νχ,
861 1834 930 1872 corr.
950 1819 1001 1880 κλ,
1020 1822 1077 1872 Lii'.
1097 1822 1135 1884 iili
1152 1835 1214 1886 nos,
1233 1822 1321 1883 iich,

303 1896 386 1946 ceteri
403 1893 528 1955 Bentleii,
546 1896 593 1959 qui
608 1896 737 1955 restituit,
756 1896 800 1956 ii.)

269 2047 327 2095 tom
343 2047 486 2108 praesente
497 2043 650 2105 sacerdote¹
669 2045 696 2094 ln
712 2046 797 2095 bono-
830 2055 890 2095 esse
913 2057 1018 2095 venena
1041 2043 1172 2096 miscendi
1202 2043 1350 2096 efficacissi-

270 2130 330 2169 rem
346 2118 429 2179 deae,
459 2130 542 2182 quam
558 2119 685 2170 Thraciae
701 2121 795 2182 gentes
829 2130 875 2168 ma
892 2119 920 2168 et
934 2119 1098 2182 praesentia,
1118 2131 1188 2182 quae
1206 2121 1293 2170 statim
1309 2118 1349 2170 uei

270 2193 357 2256 Cotyn
395 2191 437 2244 vel
477 2194 585 2256 cotytto
616 2191 794 2258 appellanti»
831 2191 995 2242 dementiam
1012 2189 1055 2242 vel
1072 2195 1188 2242 mortem
1209 2193 1348 2244 afferenti»

270 2266 324 2317 Cir.
342 2267 485 2317 Buttmann
508 2265 617 2329 liutbol.
636 2268 667 2317 ii.
689 2280 717 2331 p.
736 2267 792 2317 ⁴59.
830 2265 929 2328 Peligni
946 2267 1039 2316 Mensis
1055 2266 1133 2315 ricini
1148 2266 1265 2331 ideoque
1276 2280 1351 2318 uene-

270 2339 377 2390 Lobeck
395 2338 520 2404 Aglaopb.
540 2353 567 2404 p.
586 2341 659 2390 toti.
681 2341 793 2391 etloi'i.
831 2337 875 2388 fici
891 2342 919 2390 et
935 2339 984 2403 ipsi
1002 2339 1092 2390 habiti.
1113 2367 1141 2376 -
1163 2341 1283 2405 Velocius]
1308 2353 1349 2390 so·

271 2415 397 2467 lianetho
422 2413 453 2475 l,
480 2414 529 2464 oe:
552 2407 605 2464 Ἦν
628 2412 660 2465 di
684 2411 795 2485 Κύπρις
829 2409 884 2462 lito.
908 2439 937 2448 -
955 2413 1080 2477 ιοωιοιιιιι]
1109 2412 1181 2464 italis
1207 2421 1286 2477 waso,
1310 2427 1347 2479 pr.

269 2485 411 2558 μερόπων
426 2483 585 2558 ὦροσκόπα
601 2490 710 2556 φέγγεα
730 2485 795 2540 lsai-
830 2499 966 2538 venenum
974 2484 1072 2552 τόξοις
1082 2487 1183 2540 illitum.
1195 2515 1225 2526 -
1236 2487 1347 2552 sedeat]

269 2557 495 2633 σῃ--Τοότοις
517 2561 643 2629 θηλειῶν
664 2559 795 2614 amorie-
832 2561 1038 2612 «Verumtamen
1060 2561 1158 2612 diutius
1181 2565 1256 2614 vives
1272 2575 1346 2628 pum

268 2649 317 2685 ται
339 2630 426 2707 ὄργια
446 2633 568 2708 κρυπτά·
581 2631 719 2688 --Ἕνιια
737 2653 795 2699 φυ-
831 2636 887 2685 lule
913 2648 984 2685 nune
1008 2637 1097 2699 oplas;
1124 2638 1205 2700 atque
1231 2638 1282 2688 uita
1305 2636 1347 2687 tibi

268 2713 424 2781 γαρσενιης
439 2708 586 2783 μυστήρια
602 2707 795 2773 vespermien·
831 2709 929 2758 misera
953 2709 1128 2773 producenda
1153 2712 1196 2760 est
1220 2710 1256 2761 ad
1284 2712 1346 2761 hune

269 2799 335 2835 ota.
359 2809 387 2822 —
416 2785 502 2849 tiberi]
536 2788 625 2836 «omni
652 2787 794 2850 pudicitiae
832 2781 927 2844 finem,
961 2786 993 2833 ιιι
1022 2795 1132 2846 semper
1156 2786 1194 2834 sis
1220 2787 1346 2850 expositus

269 2858 328 2922 lege
339 2857 417 2909 soluti
429 2872 462 2909 ao
471 2859 699 2922 petulantissimi.»
831 2857 906 2907 novis
923 2857 1085 2908 eruciatibus
1102 2858 1189 2921 iisque
1206 2860 1348 2924 perpetien-

302 2933 344 2982 58.
373 2932 414 2982 os.
439 2933 569 2998 pontisa]
599 2935 630 2986 Ut
653 2935 794 2998 pontifices
831 2929 873 2981 dis
898 2931 1040 2982 sufficias.»
1068 2959 1096 2967 -
1123 2930 1243 2982 niteram
1264 2932 1348 2984 lectio-

268 3005 407 3070 praesides
437 3007 518 3069 atque
554 3006 647 3058 arbitri
675 3011 795 3059 omnium
831 3016 906 3065 nem,
933 3005 1025 3068 utique
1043 3003 1127 3056 mulio
1150 3004 1346 3069 languidiorem.

268 3079 346 3128 erant
362 3077 534 3142 religionum,
553 3081 588 3131 ita
605 3081 735 3134 invidiose
747 3085 797 3133 Ca·
831 3079 880 3129 etsi
898 3091 913 3128 a
930 3077 1131 3143 Diilenburgero
1147 3078 1307 3143 praelatam,
1323 3081 1347 3130 si

268 3151 340 3203 nidia
355 3153 505 3215 inimicum,
524 3155 570 3218 qui
589 3155 690 3207 arbiter
707 3157 796 3208 linerat
831 3154 947 3203 ιιινιιιονιι
962 3153 1002 3204 sie
1020 3151 1153 3216 explicant
1164 3153 1220 3203 aiii:
1240 3154 1346 3214 «Quodsi

267 3227 390 3279 ueneficii
411 3229 446 3278 ab
468 3242 500 3278 ea
515 3229 542 3279 in
555 3229 678 3294 Esquiliis
693 3243 795 3296 perpe·
830 3225 929 3277 diutius
953 3228 1035 3277 uitam
1061 3228 1176 3278 extrahis
1202 3240 1284 3291 quam
1305 3229 1346 3279 tibi

268 3302 330 3352 trad
356 3301 417 3364 (Cir.
445 3301 529 3366 Epod.
553 3304 578 3354 b.
606 3305 658 3354 Set.
683 3305 716 3365 ι,
739 3303 792 3366 8.),
830 3301 880 3365 lpsi
897 3313 991 3352 earum
1008 3302 1063 3362 est¹
1090 3301 1151 3351 ideo
1173 3301 1217 3362 lit,
1245 3305 1274 3354 ut
1288 3317 1346 3368 sup-

268 3375 392 3426 eiusdem
414 3377 491 3438 quasi
509 3378 652 3441 ροιιιιμοιιι
668 3377 791 3441 appellat,
830 3376 907 3438 petas
918 3377 988 3426 oet.»
1005 3373 1053 3424 iiiii
1071 3375 1183 3438 iungunt
1199 3389 1262 3428 cum
1277 3389 1346 3441 prae·

267 3450 297 3498 ut
314 3449 368 3500 Cic.
387 3461 437 3514 pro
454 3450 539 3500 Sestio
557 3451 597 3500 ti.
622 3453 651 3502 P.
670 3450 792 3502 Clodium
830 3449 926 3500 cedd:
963 3449 1047 3509 «Quid
1071 3449 1199 3513 proderat
1225 3455 1293 3513 oet,
1323 3451 1343 3502 si

267 3527 413 3585 aserenan
444 3525 598 3574 merdotem
633 3525 669 3575 ob
702 3526 792 3576 Ronae
830 3523 930 3574 tardius
955 3523 1077 3574 morieris
1102 3523 1171 3574 votis
1193 3525 1300 3574 meisi·
1318 3549 1342 3561 -

267 3597 340 3647 Deae
351 3611 428 3648 sacra
439 3596 539 3663 polluta
549 3601 636 3649 vocat.
655 3601 686 3650 in
696 3600 793 3665 Esqui-
831 3599 874 3648 «ln
889 3599 949 3658 boe,
975 3599 1002 3647 ιιι
1018 3599 1056 3659 ιιι,
1082 3597 1109 3646 in
1125 3599 1187 3660 pisid
1203 3599 1343 3662 significant

266 3667 308 3720 liis
324 3673 415 3722 autem
431 3674 509 3722 antea
520 3671 719 3737 sepeliebantur
728 3686 794 3737 pau·
829 3685 901 3734 rem,
928 3674 1141 3737 propterquam
1163 3671 1263 3737 aliquid
1279 3674 1341 3724 ilat.-

267 3755 348 3807 peres
365 3758 397 3796 ao
414 3747 493 3797 servi.
514 3774 542 3784 -
568 3747 667 3798 omnine
682 3747 794 3810 impleris
830 3747 902 3798 ilino
929 3747 1005 3796 Ture.
1031 3747 1074 3796 iii.
1105 3759 1165 3811 pag.
1196 3747 1271 3808 m,
1303 3747 1342 3798 ubi

266 3818 331 3880 meo]
349 3819 526 3871 «carminibus
538 3817 595 3872 'tuis
612 3821 747 3872 famosis.»
829 3819 1014 3885 exemplorum
1030 3819 1139 3871 affatim.
1158 3820 1204 3872 Est
1222 3820 1342 3872 «annum

300 3892 388 3944 dil-til.
403 3894 792 3960 OuidprodorotJ«Siteuleisoi
828 3896 1010 3960 potissimum,
1038 3895 1120 3944 immo
1142 3907 1225 3944 unum
1243 3895 1340 3952 tinem.-

267 3977 322 4015 non
330 3979 455 4030 possum,
469 3967 536 4031 quid
545 3968 656 4032 prodest
667 3969 731 4018 mibi
743 3967 794 4019 lar·
829 3969 965 4020 efficacius
983 3967 1115 4033 eliquanto
1129 3981 1211 4032 qaam
1229 3969 1342 4034 «propter

268 4051 300 4101 ga
312 4041 439 4092 mercede
450 4040 626 4093 obtinuisses
641 4043 711 4106 sagis
723 4042 793 4093 Peli·
828 4042 916 4104 hoc»,
938 4047 968 4094 ιιι
990 4043 1122 4107 explicant
1138 4043 1219 4092 etiam
1235 4041 1341 4092 Scholia-

268 4112 339 4172 gnis,
362 4115 394 4164 ut
409 4115 560 4167 reconditas
576 4127 640 4168 suas
657 4119 729 4167 artes
746 4129 791 4166 me
829 4119 895 4167 stae.
917 4144 944 4153 -
962 4115 1096 4181 tuberibus]
1117 4117 1275 4176 “aerumnis
1292 4116 1341 4179 qui·

268 4183 414 4248 docerent;
437 4186 502 4252 quid
526 4189 598 4241 iuvat
614 4201 659 4240 me
676 4191 790 4254 peritam
829 4189 880 4242 bos
892 4191 959 4242 meis
972 4189 1073 4242 artibus
1086 4191 1195 4254 magieis
1207 4189 1339 4241 efficiere.»
