2934 4884
454 829 683 935 oriolum
700 830 856 923 matti

348 1038 984 1219 hropei

564 1309 774 1375 LIBER.

443 1651 888 1713 radnorensium.

190 1794 339 1853 conantum
357 1806 388 1843 ex
402 1793 447 1853 iia,
466 1805 535 1856 quae
548 1792 582 1843 ad
596 1806 644 1843 nos
655 1797 845 1857 pervenerunt,
863 1794 981 1859 reliquiis
993 1794 1103 1847 iudicari
1114 1800 1212 1861 potest,

120 1876 306 1939 antiquissima
333 1878 494 1927 Graecorum
520 1876 638 1927 carmina
663 1890 697 1926 ex
722 1876 846 1928 versibus
874 1880 952 1929 unius
977 1881 1098 1941 generis,
1128 1881 1212 1945 iisque

120 1974 176 2010 non
203 1960 278 2009 nexis
304 1960 486 2010 constiterunt.
527 1958 579 2009 Sed
606 1971 668 2009 cum
693 1962 782 2023 poesis
808 1973 841 2009 ex
867 1962 935 2025 epici
961 1962 1085 2012 canninis
1110 1964 1214 2026 magni-

122 2044 215 2093 tudine
238 2045 265 2092 ei
289 2044 417 2106 gravitate
439 2043 473 2093 ad
499 2043 623 2093 breviora
640 2044 668 2093 et
691 2044 813 2094 tenuiora
830 2047 986 2107 argumenta
1007 2044 1213 2107 transferretur,

120 2138 251 2177 numeros
275 2139 382 2190 quoque
406 2128 468 2191 apta
491 2124 578 2190 aliqua
599 2123 784 2189 complexione
801 2126 923 2178 concludi
939 2128 1089 2192 oportebat.
1118 2130 1156 2179 lia
1172 2130 1215 2179 in-

121 2211 195 2261 venti
218 2212 280 2260 suni
302 2210 396 2274 epodi,
423 2223 538 2274 quorum
561 2208 776 2273 antiquissimum
798 2223 883 2273 genus
903 2212 993 2261 vereui
1017 2212 1127 2262 heroico
1147 2210 1214 2263 eub-

121 2295 224 2345 iccium
240 2293 333 2344 hebuit
350 2296 548 2358 pentametrum
566 2306 600 2344 ex
617 2293 722 2345 duabus
740 2294 841 2344 heroici
858 2294 979 2357 partibus
997 2294 1109 2355 tactum
1128 2307 1215 2358 eaque

121 2378 286 2429 consociatio
310 2390 407 2429 nomon
432 2381 509 2427 nacta
533 2380 575 2428 est
597 2378 721 2428 carminis
739 2376 857 2441 elegiaci.
892 2377 1013 2428 Excoluit
1029 2378 1098 2427 hanc
1112 2378 1216 2442 epodo-

121 2474 185 2511 rum
202 2462 333 2511 rationem
352 2462 467 2512 maxime
484 2460 673 2521 Archilochus,
700 2474 772 2512 nuuc
789 2462 857 2512 duos
879 2461 1013 2526 simplices
1035 2472 1132 2511 versus
1149 2474 1216 2511 con-

121 2544 244 2600 socians.
265 2548 307 2595 ut:
326 2541 422 2615 Πάτερ
439 2541 594 2609 Λνκάμβα,
613 2550 699 2595 κοῖον
716 2546 836 2617 ἑφράσω
853 2542 935 2605 uida,-
953 2546 1003 2609 Τίς
1014 2542 1069 2607 σὰς
1080 2541 1217 2615 παρήειρε

121 2628 249 2697 φρένας
269 2642 340 2678 nunc
357 2630 475 2692 priorem
492 2642 596 2693 ponens
609 2633 808 2692 aayuartetum,
827 2633 868 2682 ot:
889 2632 974 2693 Τοΐος
990 2625 1045 2701 γὰρ
1057 2626 1214 2695 φιλότητος

121 2706 198 2781 ἴρινς
224 2704 281 2763 ὑπὸ
304 2710 423 2783 καρδίην
445 2712 577 2777 ἐλυσθεὶς
600 2711 717 2780 Πολλὴν
742 2715 803 2766 κατ’
819 2708 912 2775 ἀχλὺν
933 2707 1074 2780 ὀμμάτων
1097 2706 1215 2773 ἔχευεν,

122 2808 197 2847 nunc
214 2796 402 2859 posteriorem,
427 2799 456 2848 ut
473 2800 515 2849 esi
531 2798 557 2848 in
574 2799 626 2850 hoc
644 2800 746 2850 lioratii
765 2800 856 2866 (Epod.
876 2800 942 2861 tas:
960 2800 1072 2849 Humido
1088 2802 1218 2861 toroneam

123 2880 224 2929 cedern
240 2881 384 2941 contrarii,
410 2886 433 2930 et
458 2882 548 2933 ideireo
564 2883 688 2945 Nivesque
709 2886 834 2935 dodum
857 2886 953 2943 lovem
978 2894 1220 2934 hononorem

121 2964 217 3023 ιίίναν,
235 2974 306 3012 nunc
324 2964 481 3027 utrumque,
500 2966 522 3015 si
540 2966 650 3028 quidem
666 2966 693 3016 ld
711 2968 765 3017 iam
782 2968 971 3027 Archilochus,
990 2972 1018 3018 et
1034 2980 1088 3017 non
1102 2964 1219 3031 aliipoet

122 3060 188 3097 eum
206 3046 383 3098 instituerunt.
414 3049 451 3097 lta
469 3048 495 3097 in
513 3048 565 3097 hoo
583 3048 739 3099 Simonidis:
765 3047 895 3100 ilchicha
911 3046 947 3114 δὴ
965 3047 1062 3116 φυλῆς
1075 3044 1216 3114 'Anapus-

123 3128 205 3192 τίόος
222 3129 253 3179 ἐν
269 3132 404 3199 χοροῖσιν
424 3118 511 3201 Ὧραι
525 3125 718 3195 Ἀνωλόλνξαν
740 3129 935 3202 κιοοοφόροις
950 3131 998 3182 ἐπὶ
1014 3129 1216 3202 διθυράμβοις.

123 3216 156 3265 Et
172 3216 203 3263 ut
220 3214 307 3263 minor
323 3226 418 3264 versus
435 3214 621 3279 praecederet,
640 3216 685 3278 qui
697 3214 792 3280 proodi
804 3216 892 3279 potius
908 3218 1051 3275 vocantur,
1070 3215 1153 3279 Epod.
1168 3217 1212 3265 li:

122 3298 201 3357 Pelii,
229 3297 291 3346 nihii
315 3310 355 3346 me
379 3298 442 3347 aiem
467 3304 542 3349 ανιια
567 3300 638 3348 iuvat
655 3298 769 3349 &diere
789 3298 937 3359 verendos,
964 3310 1051 3347 oreore
1072 3311 1218 3359 ρονινιινοι

122 3382 226 3447 provi.»
262 3382 413 3431 deauratas
439 3380 521 3432 Elem.
541 3381 626 3431 doctr,
646 3384 723 3431 metr.
743 3395 770 3446 p.
792 3382 849 3431 oto.

191 3465 304 3515 Maxima
327 3478 390 3529 pars
413 3466 511 3515 horum
533 3465 689 3530 Epodornm
706 3464 799 3514 reterri
817 3463 900 3514 debet
915 3465 951 3515 ad
973 3476 1059 3527 genus
1076 3463 1155 3526 illud,
1182 3464 1217 3515 de

122 3563 179 3615 quo
198 3549 255 3613 ipse
272 3549 338 3599 dixit
360 3548 426 3612 Epp.
446 3551 473 3609 4,
494 3550 540 3610 49,
558 3549 604 3599 23:
632 3550 720 3598 Parios
736 3561 781 3612 epo
802 3550 902 3610 mmm
917 3548 1219 3599 nemorosorum
1296 3584 1299 3587 -

124 3646 243 3683 nummos
259 3632 404 3693 animosque
421 3637 517 3682 serenas
533 3632 684 3693 Archilochi,
702 3646 754 3682 oon
768 3645 809 3682 ree
820 3638 843 3682 et
859 3633 962 3696 spendo
974 3630 1052 3681 uerbo
1068 3632 1216 3693 temore.

125 3716 273 3780 Compositi
290 3717 381 3765 entem
399 3718 461 3765 sunt
478 3715 538 3765 inde
556 3716 590 3765 eh
609 3730 632 3765 a.
652 3730 678 3765 u.
699 3730 722 3766 c.
738 3716 795 3765 443.
827 3716 910 3779 (Epod
928 3716 978 3777 46.)
995 3728 1083 3779 usque
1100 3715 1135 3765 ad
1152 3729 1176 3764 a.
1189 3726 1216 3763 n.

126 3816 150 3851 c.
170 3799 228 3850 724.
249 3800 304 3863 (Ep.
323 3800 347 3848 Ξ.
367 3800 407 3847 l'i.
423 3800 523 3849 i'ranlae
540 3812 566 3864 p.
580 3800 647 3863 eat.)
683 3801 719 3850 Ex
733 3800 824 3850 verbis
840 3800 906 3864 Epp.
922 3802 949 3860 4,
964 3799 1007 3860 49,
1020 3799 1060 3848 23.
1079 3799 1153 3862 patet
1169 3798 1218 3847 has

125 3884 233 3947 eclogas
250 3886 314 3933 satie
326 3883 430 3932 mature
443 3882 477 3931 ab
495 3884 551 3946 ipso
562 3886 641 3946 poeta
654 3885 753 3944 editae,
772 3897 825 3933 non
837 3884 948 3933 demum
959 3885 1021 3946 poet
1032 3882 1089 3932 eius
1103 3883 1219 3933 mortem

125 3982 139 4018 e
157 3967 333 4031 grammatico
357 3964 444 4029 aliquo
467 3965 592 4017 collectas
613 3980 689 4026 esse,
716 3970 745 4016 ut
763 3966 871 4031 quidam
889 3967 939 4015 rati
962 3968 1039 4021 sunt;
1066 3977 1127 4013 nam
1146 3966 1220 4029 quod

125 4052 219 4102 dicunt
237 4048 361 4099 nonnullo
378 4051 497 4100 carmina
515 4048 646 4101 liberioris
664 4050 771 4114 spiritus
789 4050 844 4114 (Ep.
859 4050 882 4098 7.
898 4052 924 4099 et
942 4049 992 4111 46.)
1021 4062 1054 4099 ac
1070 4047 1113 4098 vel
1130 4048 1219 4111 ipsum

127 4136 243 4185 Carmen
261 4132 285 4183 9.
304 4136 414 4197 propter
438 4134 546 4183 nimiam
569 4134 725 4185 lismoaii
750 4133 972 4197 vituperationem
990 4133 1045 4193 (cir.
1065 4132 1099 4183 ud
1118 4132 1167 4183 Od.
1187 4134 1218 4195 4,

126 4219 177 4278 m.)
196 4215 338 4280 displicere
364 4216 491 4267 debuisse
514 4221 631 4279 Augusto
654 4219 681 4265 et
703 4216 860 4274 Maecenati,
888 4228 942 4265 non
967 4220 1009 4266 est
1033 4216 1153 4279 protecto
1171 4228 1220 4265 cur
