2934 4884
467 416 526 467 nin.
544 416 586 467 144.
621 418 650 467 C.
670 414 721 467 KV.

199 574 277 649 Non,
302 572 329 639 si
352 570 432 660 quid
452 570 594 638 Pholoen
616 573 707 648 satis,

239 694 277 759 Et
299 705 344 771 te,
370 692 493 771 Chlori,
517 691 630 760 decet:
653 692 717 759 iiiia
740 695 859 760 rectius

201 835 365 921 Expugnat
385 834 537 899 iuvenum
559 834 686 909 domos

238 954 335 1021 Pulso
360 954 478 1043 Thyias
500 956 545 1021 nti
567 956 690 1021 concita
713 965 874 1045 tympano.

199 1076 286 1144 tilam
307 1078 393 1165 cogit
414 1098 505 1144 amor
523 1076 617 1143 Nothi

238 1200 391 1267 Lascivae
414 1198 550 1267 similem
571 1197 684 1267 ludere
706 1220 861 1287 capreae:

201 1340 243 1406 Te
265 1338 357 1406 ianae
380 1360 483 1427 prope
508 1338 648 1407 nobilem

240 1462 363 1528 Tonsae
387 1460 571 1539 Luceriam,
595 1482 659 1527 non
681 1459 823 1528 citharae
845 1461 962 1530 decent

199 1584 263 1649 Neo
284 1581 344 1648 iios
365 1604 550 1671 purpureus
572 1603 667 1649 rosae

239 1705 305 1770 Nec
325 1704 391 1791 poti
414 1702 553 1769 vetulam
575 1703 664 1770 iaece
687 1714 780 1771 tenus
803 1706 885 1773 cadi.

147 1844 184 1895 16.
203 1845 268 1895 titos
284 1846 312 1895 7.
333 1872 360 1883 -
389 1845 429 1895 46.
447 1844 536 1909 Nepoti
551 1842 579 1895 T.
608 1871 636 1882 -
661 1848 746 1897 444444
762 1844 904 1915 BbSTcsty
921 1851 947 1899 et
964 1861 1004 1913 pr.
1022 1864 1049 1911 κ,
1068 1849 1122 1901 duo

111 1920 228 1984 Cmqnii,
247 1922 354 1985 septem
369 1921 493 1971 Pettierii.

81 2036 192 2091 δάσκιον
207 2033 271 2111 ὕλῃ.
307 2042 435 2092 Pacuvius
453 2042 480 2092 in
491 2042 592 2092 Teucro
629 2042 991 2105 dehonorationis&
1004 2044 1046 2097 48.
1063 2046 1151 2110 Epigr

81 2126 132 2177 pag.
154 2115 208 2167 443.
230 2116 328 2167 Bothe:
358 2117 507 2167 8744444444
527 2121 593 2166 44444-
629 2118 655 2166 in
680 2118 758 2167 Anth
785 2117 839 2168 Pal.
858 2120 878 2168 1
897 2130 957 2182 pag
976 2120 1042 2171 278:
1068 2115 1151 2171 ’14τό

82 2202 149 2249 4444444
178 2190 308 2253 4444444444
332 2196 377 2241 444
400 2191 492 2241 Boeoti
515 2191 595 2240 444444
629 2184 876 2261 πρ1ναῦχήσαοα
897 2190 1092 2263 πολυχρύσοις
1107 2195 1151 2245 ἐπ’

83 2262 226 2314 1344444444-
237 2264 397 2325 -4441444444
407 2265 594 2326 4444444444-
629 2266 777 2354 ἐρασταῖς,
790 2261 827 2317 H
833 2268 959 2333 Νέμεσιν
971 2265 1068 2334 βιινην
1084 2264 1153 2331 οὐκὶ

80 2338 173 2401 rotoma
192 2340 271 2402 seror.
310 2338 350 2389 id
370 2337 454 2389 solam
478 2337 593 2390 Pholoen
628 2337 747 2392 κύουσα
761 2338 851 2403 θεόν,
880 2343 991 2393 Μίσβιοι
1007 2340 1058 2395 νῦν
1074 2359 1151 2395 οια-

83 2416 220 2478 respexisse
238 2417 346 2479 poitam
358 2414 473 2465 arbitror
489 2428 539 2465 neo
551 2428 595 2465 co-
628 2414 705 2479 βίοις
713 2410 859 2502 πένιχροϊς
867 2419 1034 2484 πηνίσματα
1040 2433 1149 2489 κρουει.

82 2489 168 2549 gitesse
186 2490 221 2541 de
239 2488 363 2541 Chloride
381 2492 426 2539 ant
438 2492 541 2575 Graeco
550 2488 593 2539 illo
626 2483 732 2558 ’Ooiy’
742 2485 951 2558 ’.4844414864
951 2491 1149 2565 ρι.νέληίσατο

82 2564 226 2624 proverbio:
254 2558 342 2634 γραῦς
365 2557 496 2631 nasos,
523 2557 593 2613 ἀνα-
629 2564 721 2616 Tihnil
750 2568 778 2627 4,
804 2568 833 2629 6,
857 2569 917 2617 77.:
957 2569 1026 2618 44444
1054 2574 1152 2619 44444444

83 2636 271 2699 βωιχεύει.-
300 2639 431 2703 mono]
456 2640 593 2703 Tympana
628 2641 704 2697 Ducit
726 2642 799 2704 444444
822 2605 931 2692 4444444414
950 2643 1060 2693 4444444444
1083 2649 1151 2695 tinto

83 2714 233 2778 etcymhala
251 2714 437 2778 frequentius
431 2728 458 2764 in
469 2714 593 2765 Romanis
628 2728 714 2765 44444.

82 2790 104 2835 at
116 2791 199 2853 poetis
221 2790 249 2839 44
268 2782 447 2855 ἀναγλόφοις
464 2800 545 2852 quam
565 2789 592 2838 in
661 2791 701 2839 411.
719 2791 771 2841 Nes
784 2790 843 2855 4444]
861 2790 908 2840 Od.
926 2790 955 2851 4,
968 2792 1012 2852 tt),
1025 2791 1056 2842 t:
1070 2792 1150 2854 444444-

82 2862 175 2915 Graecis
187 2861 266 2913 obvia
283 2866 358 2924 sunt,
377 2863 426 2914 nisi
438 2862 510 2927 quod
522 2874 594 2913 oom-
627 2876 686 2913 οισι
700 2866 763 2929 floro
777 2878 858 2915 roone.
878 2866 1065 2917 conviviorum
1081 2866 1150 2917 duas

82 2942 162 2997 4444444
178 2937 315 2989 interdum
332 2939 413 2988 etiam
425 2939 450 2988 in
462 2937 532 2987 vasis
544 2950 593 3001 per
627 2939 716 3002 partes
741 2940 885 2999 memorat,
915 2952 1028 2990 coronas
1054 2954 1149 2993 roseas

82 3010 191 3075 44444444
204 3014 341 3063 Graeciam
359 3013 444 3077 pictis.
465 3009 593 3075 (Gerhard
628 3014 655 3062 at
671 3013 903 3075 compotationem.

86 3082 214 3151 4444444444.
233 3098 294 3150 pag.
313 3086 380 3149 448.)
414 3088 446 3137 Et
461 3086 592 3149 Diogenes
660 3086 699 3135 46.
717 3086 787 3147 saeos
796 3086 875 3150 444444]
893 3099 979 3150 usqua
995 3086 1030 3137 ad
1047 3088 1150 3140 fascem
1212 3122 1217 3129 ·

83 3158 183 3223 ragiens
200 3160 273 3225 opud
290 3162 383 3211 Athen
403 3160 442 3210 44.
455 3172 514 3224 pag.
528 3158 590 3209 636:
626 3161 736 3224 propter
756 3158 917 3209 4446444444.
937 3159 1085 3211 Archssoch
1105 3165 1146 3213 Fr.

83 3230 170 3286 Kotroc
186 3231 266 3286 κλύω
284 3234 339 3300 μὲν
356 3229 485 3297 Ἀσιάδος
494 3248 593 3303 μιτρη-
627 3235 659 3285 44
688 3226 769 3304 ἄγρει
792 3232 816 3283 6
840 3228 920 3283 οἶνον
944 3230 1067 3321 ἐρυθρὸν
1089 3230 1149 3286 ἀπὸ

82 3304 181 3395 446ρους
199 3306 330 3372 Κυβέλας
346 3314 500 3376 γυναῦισς,
525 3312 591 3359 παι·-
626 3304 738 3378 τρυγός.
762 3309 914 3367 7144οο4.7,
933 3309 981 3357 70:
1004 3302 1149 3360 ,Αὖναῐσιν

82 3378 123 3444 βας
137 3378 245 3447 ὀλβίων
270 3382 404 3455 Φρυγῶν,
434 3380 591 3435 Τυποὶνσισι
626 3381 776 3433 κυλίκεσσι
801 3383 852 3434 καὶ
879 3380 909 3445 ἐς
935 3378 1025 3452 τρύγα
1052 3382 1148 3448 χεῖλος

82 3459 121 3507 sot
141 3457 282 3529 ῥόμβοισι
310 3460 359 3509 καὶ
384 3455 591 3520 χαλκοκιυπων
626 3455 749 3530 ἐρείδων.
776 3457 867 3517 044.,4
880 3456 927 3518 34,
939 3458 988 3507 864
1007 3459 1150 3509 4464444444

83 3528 200 3599 Βόμβοις
237 3530 418 3623 βριμρυσας
444 3529 591 3592 ἀντέχει
624 3534 693 3598 saeco
708 3533 856 3583 44444444.-
875 3532 1148 3595 04444444141444414·

83 3606 226 3673 κυμβάλων
243 3605 345 3674 Σοφήν
361 3602 474 3659 θεῶν’
459 3623 515 3672 υμν
556 3603 590 3658 ὸν
625 3610 703 3672 gunt,
734 3609 891 3671 eomparant
916 3606 1009 3659 Catuli.
1036 3609 1082 3670 87,
1113 3611 1145 3659 4.

84 3680 166 3753 ἰατρόν
182 3676 250 3734 491”
229 3700 302 3749 αμα.
623 3684 738 3733 Minister
760 3684 838 3732 444414
861 3696 926 3745 pstor
949 3684 1059 3734 44444444.
1093 3684 1147 3734 ssd

108 3760 142 3809 48
169 3759 291 3823 capreoe]
316 3759 424 3820 Dionys
447 3760 505 3808 Per
524 3756 587 3808 8434
625 3758 813 3821 significantior
821 3756 942 3821 volgatae
959 3757 1146 3821 indignationi

82 3828 245 3904 antmsot
269 3831 420 3898 νεοθηλέες
440 3826 519 3882 οἷοίτε
543 3845 589 3881 va·
625 3844 706 3881 anum
727 3844 810 3895 qnam
833 3833 885 3882 hoc
908 3833 989 3883 faecis
1014 3831 1147 3883 ἐπίθετον

83 3902 137 3975 Boot
152 3910 330 3979 σκαίρουσιν
624 3906 849 3969 ingratissimum,
871 3909 899 3956 et
915 3906 1085 3956 manifestum
1105 3908 1147 3956 444

108 3982 143 4032 43.
162 3984 192 4035 To
208 3980 512 4048 tostos11701amnmoe
527 3978 591 4031 iani·
624 3978 800 4044 plurimorum
824 3983 916 4045 ntique
942 3980 1026 4032 Codd.
1052 3979 1146 4031 iectio-

83 4052 159 4108 icium
168 4059 274 4109 decet.
300 4057 340 4108 Ad
351 4057 504 4117 Luceriam
517 4058 590 4119 Apu·
625 4066 687 4104 neni
709 4056 796 4104 ortam
816 4066 877 4104 esse
902 4051 1146 4103 essecommoda-

83 4123 124 4178 tioa
139 4132 281 4197 oppidum,
305 4132 421 4195 optimae
438 4129 514 4181 ianae
528 4131 589 4179 ton·
624 4130 695 4179 tione
713 4129 748 4179 nd
763 4129 913 4192 proximum
929 4125 1096 4177 voeabnum.
1164 4118 1170 4127 “

156 4372 245 4421 Honor.
263 4384 318 4419 vor..
336 4374 352 4419 Ι.
383 4384 421 4418 sn.
439 4382 515 4419 4444ο4
532 4371 566 4419 444.
920 4370 947 4413 88
