2934 4884
484 384 542 432 Llll.
564 385 581 434 l.
618 387 646 434 C.
666 386 729 435 vlit.

173 537 258 600 inter
283 535 437 623 aequales
460 538 596 624 equitat,
621 538 741 606 Gallica
764 562 823 606 nec
846 540 961 628 lupatis

323 659 493 745 Temperat
516 679 574 726 ora
596 660 718 726 irenis?

173 779 238 844 Cur
260 779 350 843 timet
371 777 490 847 ssavum
513 782 652 848 Tiberim
674 783 831 868 tangere?
854 783 919 850 Cur
940 783 1059 852 olivum

320 939 482 1026 Sanguine
503 939 649 1028 viperino
933 991 947 1026 ,

170 1059 303 1124 Cautius
326 1061 404 1124 vitat
426 1081 532 1147 neque
556 1061 619 1126 iam
641 1061 739 1128 livida
761 1075 864 1150 gestat
885 1067 983 1132 armis
1132 1067 1173 1131 to

319 1179 470 1258 Brachia,
493 1201 592 1269 saepe
615 1182 721 1260 disco,

169 1300 276 1388 Saepe
298 1311 387 1367 trans
409 1301 507 1368 linem
528 1303 633 1369 iaculo
657 1303 774 1370 nobilis
798 1305 973 1393 expedito?

319 1459 404 1538 Quid
427 1459 516 1534 latet,
539 1471 575 1525 ut
596 1461 739 1528 marinae

170 1579 286 1646 Filium
309 1579 420 1646 dicunt
442 1579 582 1647 Thetidis
604 1582 666 1648 sub
687 1580 860 1650 lacrimosa
882 1585 995 1652 Troiae

150 1769 205 1818 tat
222 1769 247 1818 Ἰ.
267 1770 411 1830 aaudiatn
424 1769 548 1831 Teuparat
559 1767 723 1828 obsoleta.
761 1769 942 1831 (indicativum
959 1773 1067 1825 firmant
1086 1775 1134 1835 Τβ,

125 1868 145 1875 -
164 1844 227 1894 i’ott.
246 1843 273 1904 i,
294 1844 320 1904 Ἰ,
340 1844 381 1904 ti,
401 1843 431 1894 li
450 1843 550 1893 habent
566 1845 673 1906 equitat,
692 1847 761 1895 unus
778 1846 810 1895 23
827 1847 966 1910 temperat)

96 1999 158 2049 irist.
176 2001 200 2059 l,
219 2001 296 2072 ti‚¹3:
319 2001 518 2064 Tanporsporot
535 2015 613 2064 aquia
648 2001 761 2063 brando,
782 2017 798 2052 a
820 2001 992 2054 iaculando‘l»
1021 2034 1048 2042 -
1074 2007 1171 2072 nobaia]

96 2073 154 2124 tantia
176 2077 308 2124 animosam
331 2076 433 2125 bahanis
456 2077 488 2125 Et
509 2075 612 2138 placido
649 2089 750 2139 «saepe
776 2080 855 2127 antea
884 2077 1035 2130 calebmtus
1063 2084 1173 2145 propter

96 2147 159 2198 darm
173 2151 267 2212 occipit
284 2163 330 2199 oro
346 2151 425 2212 lupos.
648 2150 749 2211 robur,
771 2165 825 2215 quo
842 2152 958 2203 iaculum
976 2153 1043 2203 ultra
1060 2169 1173 2218 scopum

121 2223 142 2270 i.
161 2225 300 2287 Temperat]
320 2224 499 2284 «moderatur,
517 2224 609 2286 ragita
648 2225 821 2275 constitutum
837 2227 930 2277 validis
941 2227 1045 2278 lacertis
1057 2231 1173 2290 aspedia-

97 2293 328 2368 ιΠαθητικωτέρα
349 2297 379 2347 fit
400 2299 497 2358 oratio,
520 2298 611 2361 siper
648 2299 706 2359 bot,
735 2299 900 2349 amittebat.»
935 2302 977 2350 Sic
1002 2315 1097 2351 omnes
1117 2302 1173 2352 iere

96 2369 320 2434 interrogationem
342 2371 505 2434 proteratur,
528 2383 610 2434 quam
648 2373 826 2423 Romanorum
844 2375 1047 2425 exercitationes
1066 2378 1174 2439 praeter

97 2443 114 2490 si
122 2445 224 2506 Lydiam
236 2459 351 2496 narrare
369 2445 436 2494 baec
454 2444 504 2495 sibi
521 2445 611 2494 iubeat
647 2445 742 2510 pilam,
766 2460 835 2509 quae
852 2446 921 2498 lusui
938 2449 1026 2513 potius
1043 2450 1173 2499 inserite·

97 2520 172 2578 madet
187 2546 201 2556 ·
217 2547 232 2556 -
250 2523 397 2580 temperet.»
414 2519 506 2568 Burri.
647 2519 708 2580 bat,
728 2523 876 2570 enumerat.

123 2591 143 2639 8.
162 2595 229 2643 :Cur
247 2593 385 2644 natatione
402 2593 538 2655 Tiberina,
558 2605 611 2655 qua
682 2594 720 2643 43.
741 2595 807 2655 Quid
823 2595 890 2660 tutet]
903 2596 975 2658 apud
986 2597 1031 2646 tet
1048 2597 1173 2646 iiisbaec

97 2661 239 2730 plemmqne
276 2665 422 2716 utebantur
453 2669 514 2731 post
547 2666 611 2717 alias
648 2669 781 2718 immiscet
796 2670 884 2718 Acron
901 2671 1007 2720 Nannii:
1036 2671 1107 2720 dioc
1124 2674 1174 2736 ζη-

98 2743 257 2804 γυμνασὶσς,
280 2739 433 2792 abstinetis
458 2768 485 2776 —
509 2743 610 2806 albion]
648 2739 847 2811 λοτυπῶτερον
863 2744 889 2792 in
907 2743 1017 2793 rivalem
1035 2744 1127 2803 dicitp·
1146 2747 1174 2794 et

98 2815 195 2864 ri’rosae
216 2818 381 2879 scriptorem
402 2817 447 2877 qui
468 2817 537 2866 banc
558 2817 612 2866 ior·
648 2817 734 2866 initio:
763 2817 809 2865 «in
836 2815 947 2878 Lydiam
972 2817 1035 2867 dicit
1059 2817 1173 2880 volgaris

98 2895 159 2937 uiam
170 2889 342 2954 usurpaverit
353 2892 461 2952 praeter
471 2889 612 2953 Apuleium
649 2891 750 2940 iormae
768 2891 908 2941 mulierem
926 2895 953 2942 et
969 2892 1019 2943 sibi
1031 2891 1174 2955 aliquando

99 2959 172 3011 inveni
188 2965 281 3014 adhuc
298 2965 460 3014 neminem«
488 2965 610 3014 Foacam.
649 2963 799 3014 dilectam.»
834 2965 887 3014 Sed
910 2968 951 3016 est
967 2967 1055 3029 potius
1072 2963 1174 3015 mollis·

100 3035 156 3084 =Cur
175 3037 296 3089 abstinet
312 3037 419 3088 lucidis
447 3039 508 3088 anta
530 3051 612 3101 quam
649 3039 709 3090 simi
726 3039 780 3088 iam
791 3039 906 3089 bominis
918 3041 944 3089 et
955 3039 1126 3090 mulierculae
1138 3037 1173 3088 illi

99 3105 147 3157 oleo
162 3110 385 3174 pertricabantur.
406 3113 476 3162 nlioc
488 3114 542 3162 iam
554 3125 613 3161 ma·
648 3125 759 3176 prorsus
771 3111 877 3162 obnoxii
889 3114 979 3163 iocosa
990 3113 1098 3171 derisio,
1117 3114 1173 3162 sive

100 3181 130 3240 ili
145 3185 227 3246 tirnet,
256 3199 342 3248 quam
367 3187 524 3248 sanguinem
541 3187 614 3249 vipc-
649 3187 675 3236 in
692 3186 759 3234 vivis
776 3187 798 3235 is
815 3199 934 3249 unquam
952 3187 1000 3236 iuit
1016 3188 1072 3236 sive
1090 3199 1151 3235 non.

101 3254 173 3314 noum
194 3259 292 3324 (Epod.
312 3259 340 3321 3,
360 3261 389 3308 6:
422 3273 498 3309 auor
517 3261 613 3322 otperi-
684 3259 724 3310 li.
744 3258 796 3309 Cir.
815 3258 940 3310 Welcker
956 3261 1001 3310 Gr.
1023 3258 1175 3322 Tropoedian

99 3331 165 3393 tm),
183 3335 436 3396 praesentissimum
452 3347 612 3384 venenum.»
649 3335 669 3384 i.
689 3347 715 3398 p.
737 3334 792 3382 ⁴93.
811 3333 910 3394 Thetis,
929 3347 962 3382 ne
974 3334 1075 3396 periret
1086 3330 1174 3380 Achil-

101 3417 188 3467 uangue
205 3410 305 3471 peius»
331 3409 357 3456 in
385 3406 470 3458 soluta
494 3409 612 3458 oratione
650 3406 798 3457 lesTroiam
809 3411 1018 3470 oppugnaturus,
1032 3417 1094 3454 eum
1104 3404 1173 3468 apud

101 3477 203 3530 dixisset.
650 3481 846 3543 Lycomedem,
860 3481 936 3542 scyri
953 3478 1054 3529 insulae
1071 3493 1173 3541 regem,

128 3553 161 3602 to.
186 3569 263 3606 armo
288 3555 332 3604 hic
353 3557 416 3606 sunt
441 3557 497 3619 ipse
523 3556 614 3606 discus
651 3557 677 3605 in
695 3553 813 3604 thalamo
834 3555 908 3602 veste
926 3552 1036 3616 puellari
1053 3553 1175 3604 indutum

102 3623 229 3686 plumbeus
250 3627 295 3678 vel
318 3629 420 3679 terreus
443 3633 470 3678 et
489 3629 612 3691 iaculum,
652 3627 810 3686 occidtarat,
837 3627 883 3676 ubi
908 3626 1079 3690 Deidamiae,
1106 3628 1176 3690 regis

103 3711 201 3758 quorum
218 3704 293 3766 gravi
310 3703 430 3766 pondere
445 3703 613 3766 violentoque
653 3702 729 3762 tiliae,
743 3715 835 3751 amore
847 3705 941 3766 captus
953 3706 1007 3762 est;
1029 3716 1100 3764 mox,
1114 3715 1176 3751 cum

104 3784 144 3822 usu
159 3776 247 3827 tisidoe
265 3777 366 3827 vibices
384 3779 410 3826 in
428 3776 544 3828 brachiis
560 3780 614 3828 ori-
651 3776 738 3828 Ulixes
755 3778 911 3827 mercatoris
928 3776 1020 3826 habitu
1032 3778 1101 3826 inter
1113 3774 1177 3824 alias

104 3849 178 3897 untur.
199 3853 342 3902 -Contra
366 3852 533 3902 Latinitatem
554 3855 615 3916 qui·
654 3863 758 3901 merces
776 3863 850 3900 armo
867 3849 961 3914 puellis
981 3850 1174 3913 proposuisset,

104 3918 156 3970 datu
171 3923 247 3974 tivido
264 3938 352 3989 nuper
369 3927 557 3989 interpretatus
575 3930 616 3976 est
653 3922 694 3973 ille
706 3925 748 3975 his
759 3923 855 3989 cupide
867 3925 980 3988 arreptis
992 3923 1113 3973 detectus
1126 3924 1174 3972 est.

106 3993 202 4055 mcliida
231 4001 324 4048 natura
353 4001 433 4062 atque
463 4001 614 4050 enarrata.»
652 3997 779 4048 Fabulam
814 3999 914 4061 ignorat
948 3999 1095 4056 Homerus,
1131 3995 1177 4058 qui

109 4093 129 4100 -
145 4077 219 4130 oestot
233 4100 248 4109 -
264 4073 384 4136 Brachia]
407 4075 436 4121 ut
459 4073 533 4123 Ovid.
552 4075 613 4123 ilict.
653 4075 756 4123 tantum
773 4071 846 4122 iliad.
864 4087 889 4132 τ,
908 4071 965 4122 326.
1000 4068 1092 4119 Achilli
1109 4069 1177 4121 baec

107 4139 189 4196 atta:
207 4161 254 4196 oro
264 4161 361 4211 parere,
372 4146 399 4196 id
411 4151 461 4209 est,
473 4147 615 4198 «babere»
654 4147 757 4196 tribuit:
788 4141 823 4210 ἠὲ
843 4143 912 4206 τόν,
940 4139 974 4207 ὃς
999 4140 1100 4216 Σκύρῳ
1125 4159 1178 4208 μοι

136 4217 168 4266 lt.
198 4221 269 4271 scut·
292 4221 412 4272 abstinet
436 4234 450 4269 a
477 4221 551 4272 disco
577 4222 617 4270 vi·
653 4215 848 4292 inceptorem
863 4219 949 4282 φίλος
969 4215 1041 4281 υἱός.
1071 4219 1178 4269 Fundus
