2934 4884
473 358 574 410 tmen.
610 359 708 410 ctttt.
730 360 761 409 ll.

260 519 321 580 tut
342 514 439 580 amite
461 511 523 580 levi
546 534 620 579 rara
643 512 745 581 tendit
766 516 862 590 retia,

303 634 419 701 Turdis
441 633 598 702 edacibus
621 633 731 711 dolos,

255 754 480 842 Pavidumquc
492 754 640 843 leporem
651 764 684 822 et
695 755 855 823 advenam
867 756 985 845 laqueo
999 781 1112 846 gruem
1135 763 1175 825 35

299 876 445 942 Iucunda
467 885 575 964 captat
594 878 750 964 praemia.

255 997 336 1075 Quis
356 1016 421 1063 non
444 993 618 1072 malarum,
641 1018 725 1085 quas
747 1019 839 1065 amor
861 1020 957 1067 curas
980 1000 1094 1077 habet,

297 1119 386 1184 llaec
408 1117 491 1184 inter
513 1116 741 1185 obliviscitur?

116 1337 158 1387 35.
177 1336 331 1386 Pauidcowc
355 1333 489 1384 Bentleius
515 1335 584 1383 cont.
604 1359 633 1370 —
664 1334 704 1384 36.
726 1335 773 1385 llic
791 1349 816 1384 v.
836 1337 861 1386 in
880 1338 899 1386 Β
916 1335 1024 1387 ultimus
1041 1341 1090 1388 est.
1111 1365 1139 1374 —

116 1411 157 1459 37.
176 1409 305 1459 malensis
320 1421 360 1472 pr.
371 1407 403 1468 b,
422 1408 487 1457 item
498 1405 624 1466 Aldinae,
643 1408 736 1458 Bothe.
758 1411 796 1472 tot
808 1421 870 1470 nos,
890 1409 963 1460 Bscd
981 1413 1007 1461 et
1019 1424 1087 1461 corr.
1102 1412 1140 1473 b.)

85 1606 136 1657 bus
165 1602 322 1668 piscatoriis.
358 1599 443 1663 Plagis
468 1603 560 1652 autem
584 1603 612 1651 et
647 1598 745 1665 leporis
754 1613 863 1652 cursum
873 1601 1025 1654 etvolatum
1033 1604 1105 1668 gruis
1114 1605 1174 1658 imi-

84 1679 208 1730 cassibus
236 1674 380 1726 utebantur
407 1675 434 1724 in
465 1687 609 1739 epronrm,
647 1675 758 1725 tandum
771 1674 892 1726 consulto
904 1675 1000 1728 delecti
1011 1679 1144 1730 videntur.

84 1765 261 1818 caprearum,
288 1761 430 1800 cervorum
455 1750 609 1810 venatione,
679 1749 720 1798 37.
744 1749 785 1800 38.
806 1751 1002 1816 Qudecncetl
1022 1754 1102 1813 :Quis
1120 1768 1172 1806 non

84 1827 187 1879 retibus
209 1826 236 1875 in
258 1824 353 1875 avibus
376 1827 403 1873 et
421 1822 548 1897 ¹piscibus
565 1837 611 1873 ca·
646 1823 787 1884 moluntur,
807 1823 981 1877 molestarum
999 1839 1124 1877 curarum
1141 1841 1174 1878 ac

83 1901 198 1966 piendis.
217 1897 328 1949 liertial.
342 1897 488 1958 3,ee,28:
506 1898 612 1948 Arnim
647 1895 870 1959 sollicitudinum,
906 1911 975 1962 quae
1013 1901 1173 1954 teminorum

81 1978 195 2039 peditum
219 1973 329 2023 cauieris
350 1973 428 2036 refert
451 1975 562 2022 dentem
582 1999 610 2010 -
646 1984 754 2021 amores
767 1971 940 2030 comitantur,
960 1986 1006 2022 rus
1020 1973 1111 2024 colens
1126 1976 1174 2026 ob-

83 2046 543 2113 dolos1mantlestoestappositioad
555 2049 612 2096 ten-
646 2043 807 2095 liviscitur‘t»
842 2047 913 2095 Inter
934 2047 1033 2098 umoris
1053 2048 1172 2098 remedie

84 2125 207 2182 seretis,
227 2135 278 2172 nec
291 2121 422 2184 significat
434 2134 510 2170 escas.
529 2121 610 2172 Turdi
646 2120 728 2168 vitum
745 2119 870 2170 rusticam
890 2122 1099 2171 strenationem
1118 2121 1173 2173 lau·

84 2200 176 2262 (turdi,
194 2211 208 2248 e
224 2197 363 2260 becceflclii)
382 2197 535 2246 etiamnunc
552 2197 609 2246 sine
647 2193 693 2242 dat
700 2194 781 2242 etiam
791 2193 935 2244 Ovidiuslt.
946 2197 977 2244 Α.
989 2208 1031 2244 νν.
1052 2195 1170 2259 teesqq.

83 2273 135 2324 ulla
162 2283 226 2322 esca
251 2271 286 2320 ab
312 2269 382 2320 ltslis
407 2270 486 2321 huius
505 2271 610 2334 aucupii
647 2266 720 2318 Nulla
744 2279 853 2330 prorsus
874 2268 943 2318 inest
965 2267 1105 2319 difficultas
1122 2283 1172 2320 ne-

83 2359 217 2412 perquam
233 2345 359 2396 studiosis
377 2345 517 2408 capiuntur
534 2343 610 2395 illici-
646 2355 698 2404 que
727 2343 752 2391 in
781 2343 986 2392 constructionis
1015 2345 1171 2395 attractione

83 2423 135 2471 bus
146 2421 262 2484 (mette),
281 2419 420 2469 tormidine
433 2418 550 2482 (teucro),
568 2432 611 2468 re·
646 2407 751 2479 (tigeri
770 2416 928 2477 κακίστων,
946 2412 982 2480 ἂς
999 2412 1072 2487 ’ἔρως
1088 2411 1172 2481 ἀνίας

83 2496 172 2552 tibus.
195 2493 305 2557 laqueis.
340 2494 436 2543 Educss
453 2495 545 2544 autem
561 2507 610 2542 vc-
646 2485 722 2550 ἔχει,
741 2487 931 2550 λανθάνεται,·
949 2494 1002 2541 Sat.
1017 2495 1027 2541 t
1042 2531 1047 2552 ‚
1062 2493 1105 2553 to,
1126 2493 1169 2542 te:

83 2574 190 2628 cantur,
218 2569 279 2631 quia
297 2567 399 2617 semina
417 2569 497 2631 atque
516 2567 610 2631 impri-
645 2565 698 2626 Illi,
724 2565 925 2628 scriptitantem
941 2567 1068 2615 comedia
1084 2569 1172 2628 prisca

83 2646 135 2696 mis
153 2642 266 2707 iuniperi
282 2640 364 2692 bacas
375 2643 501 2691 continuo
515 2642 609 2691 rostris
644 2641 708 2689 virts
717 2645 761 2690 cst.
781 2640 870 2703 virgil.
889 2645 954 2691 Aen.
968 2643 997 2701 8,
1018 2641 1101 2703 teet,
1121 2655 1171 2691 ne-

83 2718 222 2782 appetunt.
241 2713 351 2766 tlnrtial.
370 2713 476 2764 ttae:
495 2715 543 2765 Sed
555 2720 610 2764 ten-
646 2715 744 2777 quein
770 2715 861 2765 verbis
886 2717 960 2779 ipsis.
996 2714 1061 2765 lllud
1083 2717 1172 2780 potius

82 2793 120 2842 dit
135 2791 219 2840 widit
233 2794 286 2839 rete
301 2789 431 2838 mbdotrtm
446 2790 534 2839 turdis.
555 2787 611 2838 Pal·
646 2789 758 2838 concedi
776 2791 877 2853 potest,
897 2791 965 2840 lrsnc
978 2789 1003 2840 in
1016 2790 1172 2841 feneratoris

83 2866 171 2916 ladius
195 2862 339 2914 Decembri
362 2863 391 2912 6:
424 2864 540 2924 lencm
564 2863 610 2912 boc
646 2876 692 2913 ore
718 2877 843 2916 amorum
874 2866 1039 2916 mentionem
1070 2862 1172 2915 ridiculi

81 2955 128 3002 per
153 2939 257 2988 tumtur
271 2938 349 2987 silvas
370 2942 394 2986 et
416 2937 483 2986 bocia
502 2937 610 2999 secundo
646 2935 745 3001 aliquid
763 2939 915 3001 continere,
942 2939 990 2990 etsi
1009 2939 1088 3004 ipsis,
1112 2939 1172 3004 qui-

81 3015 198 3078 oiryrrtto
222 3013 257 3062 cd
281 3013 368 3062 turdos
388 3015 412 3060 st
435 3016 530 3060 ceteras
552 3023 610 3059 coes
645 3011 697 3061 bus
718 3014 801 3062 utitur
821 3015 891 3063 vitae
913 3015 1028 3064 rusticae
1050 3014 1173 3077 imagini-

81 3088 219 3150 capiendas
244 3087 347 3148 laqueos
373 3086 492 3147 ammira
519 3097 609 3134 cenwe-
646 3086 697 3136 bus
723 3085 806 3136 Alfius
832 3087 919 3136 virum
945 3086 1086 3137 robustum
1109 3101 1172 3138 sese

81 3164 143 3213 niet.
168 3162 221 3210 Hoc
230 3173 309 3222 usque
324 3160 351 3208 in
367 3160 611 3209 Martiummsnsem
646 3173 706 3210 esse
725 3158 796 3208 clare
815 3159 952 3221 significat.
988 3159 1110 3210 Aldinam
1130 3160 1171 3210 le-

81 3239 198 3287 tendetur
214 3235 358 3297 cucupiteu.
381 3261 407 3269 -
429 3232 560 3295 edum]
580 3245 610 3281 re
646 3235 763 3285 ctionem
776 3235 916 3293 malcrum,
936 3247 1006 3296 quae
1025 3236 1113 3283 tamen
1126 3246 1172 3282 an-

81 3325 184 3375 gencre
201 3309 378 3360 adventicio.»
402 3307 486 3356 Varro
498 3309 527 3357 lt.
542 3309 569 3357 lt.
583 3305 608 3366 3,
645 3309 756 3372 liquitus
778 3308 832 3358 iam
852 3307 969 3356 lautores
986 3305 1113 3356 habuisse
1130 3307 1171 3354 vi-

80 3390 111 3447 5,
130 3387 156 3434 7.
176 3383 240 3436 Pliu.
255 3385 285 3434 ll.
299 3385 329 3433 N.
351 3382 397 3442 lt),
416 3381 461 3441 te,
480 3381 527 3431 30:
547 3381 610 3431 Cer·
646 3381 725 3431 detur
744 3383 812 3431 teste
830 3380 896 3430 Cod.
915 3379 942 3428 b.
962 3392 1035 3444 apr.
1055 3391 1102 3438 m,
1121 3380 1170 3429 nisi

83 3461 166 3510 uelim
177 3460 378 3520 lt'epos--tum
393 3456 510 3505 eniteret
526 3455 612 3504 titrdos
647 3460 737 3506 tamen
770 3455 795 3504 in
829 3454 881 3503 hoc
914 3453 962 3503 luit
995 3465 1072 3502 error
1106 3465 1171 3503 casu

79 3535 170 3598 pondu
186 3539 245 3583 aute
261 3531 496 3594 summouentem,
515 3529 611 3578 addidit
646 3529 807 3579 commissus
819 3531 977 3590 matureque
990 3541 1004 3575 a
1017 3529 1171 3577 correctore

80 3609 195 3659 menius
210 3608 292 3670 meatu
309 3606 413 3668 placere
429 3617 506 3666 quem
521 3616 609 3666 crues,
646 3603 821 3662 emendatus,
840 3603 938 3652 nostris
955 3613 1048 3650 rursus
1067 3603 1173 3664 tempo-

80 3697 141 3733 cum
168 3683 229 3730 iaec
254 3693 321 3730 nunc
345 3680 396 3729 oles
422 3679 489 3728 inter
512 3680 612 3739 primos
645 3677 720 3741 ribus
739 3679 881 3742 patronum
899 3675 1033 3725 invenisse
1051 3675 1093 3723 uix
1111 3686 1172 3723 cre-

80 3760 235 3819 erpetotur,
254 3755 325 3804 illem
340 3767 412 3803 nuno
427 3753 486 3802 uelit
501 3753 611 3814 uttiqirse
646 3750 726 3801 dibile
751 3751 864 3801 videtur.
894 3748 1023 3800 Videlicet
1047 3749 1081 3798 ita
1106 3761 1172 3797 con-

81 3828 228 3893 (nuncltali
240 3830 364 3878 neutram
375 3827 523 3890 attingunt).
542 3824 608 3875 ibid.
645 3826 755 3876 struxit:
783 3825 839 3886 quis
855 3826 920 3874 inter
940 3825 1000 3872 boec
1016 3836 1067 3872 eon
1083 3821 1172 3870 oblivi-

80 3907 129 3955 3l:
158 3905 180 3953 tt
205 3902 341 3967 bacinetto
365 3901 450 3950 venire
475 3899 608 3963 (ciconias)
644 3900 723 3950 retur
747 3913 836 3959 cieras,
863 3910 926 3959 quos
948 3909 1021 3946 amur
1045 3895 1172 3945 melorum

80 3994 134 4029 nun
150 3978 263 4039 dubium,
282 3978 366 4026 eedem
383 3976 609 4038 quonammodo,
645 3973 734 4025 tabet?
747 3975 901 4036 comparato
910 3971 984 4020 Ovid.
996 3971 1057 4022 ldet.
1069 3971 1092 4028 t,
1107 3967 1167 4019 lid:

81 4054 142 4103 ittae
165 4051 265 4114 rimu,
293 4051 339 4100 tor
364 4051 467 4100 amidis
491 4050 609 4099 induem
647 4045 1019 4112 opesirritumentumalerum.
1039 4043 1172 4092 sedemu-

84 4157 113 4176 ,-
124 4127 268 4190 Anapaesti
281 4125 334 4175 duo
342 4125 495 4187 mvidumue
503 4151 514 4160 -
522 4124 611 4186 laqueo
646 4137 700 4173 rem
710 4122 838 4172 malorum
849 4119 901 4169 hoc
914 4129 996 4168 sensu
1004 4117 1094 4167 dicere
1107 4130 1173 4166 nun-

81 4207 111 4252 et
129 4201 281 4264 tribrachys
303 4213 350 4261 qne
369 4201 424 4262 lopo
441 4199 476 4248 ad
493 4197 610 4247 celerem
648 4191 1171 4260 quumpoteratltomtius.-Haecintcr]
