2934 4884
729 353 856 405 uolam!
875 352 1003 404 EPODON

682 860 1058 923 cmxv!-

366 1071 472 1138 litera
494 1071 558 1136 iam
580 1068 693 1135 teritur
713 1067 807 1133 bellis
830 1065 978 1132 civilibus
1001 1077 1106 1140 aetas,

389 1271 455 1320 xvi.
483 1271 565 1319 lnscr.
584 1265 653 1329 vulg.
681 1266 719 1314 Art
740 1265 862 1327 populum
887 1265 1035 1314 Romanum.
1066 1289 1092 1299 -
1121 1263 1292 1327 Reipublicae
1306 1267 1372 1330 deflet

357 1346 488 1408 fortuitum
503 1345 548 1394 Bc.
571 1370 592 1378 -
611 1342 669 1391 0m.
688 1340 716 1389 Τ.

355 1521 421 1571 XVI.
448 1520 558 1570 Videtur
578 1519 630 1568 hoc
647 1529 756 1567 carmen
774 1527 849 1564 com-
886 1511 983 1582 λαγεὶς
1016 1515 1065 1564 καὶ
1100 1511 1234 1580 πολέμων
1266 1511 1397 1568 ἁπάντων.

323 1595 440 1658 positum
457 1592 508 1643 sub
526 1593 629 1641 initium
646 1590 708 1641 belli
729 1590 849 1641 Perusini
887 1592 974 1639 Aaron
991 1588 1026 1639 ad
1047 1602 1073 1638 v.
1091 1588 1137 1640 lt:
1162 1590 1201 1640 aa
1217 1591 1310 1640 iustus
1324 1592 1399 1654 sortu-

324 1681 349 1716 n.
360 1681 387 1716 u.
397 1680 420 1715 c.
435 1665 504 1723 ili„
523 1677 585 1714 cum
598 1666 767 1714 contentione
781 1662 850 1713 civili
886 1668 961 1712 nolus
977 1663 1102 1712 Salustius
1118 1665 1145 1712 iu
1164 1665 1277 1714 Historia
1292 1666 1349 1714 deit
1364 1667 1400 1712 oi-

324 1739 586 1790 interimentum
598 1752 653 1788 cos.
665 1740 692 1788 et
704 1739 849 1788 Caesarem
887 1743 954 1788 otum
964 1739 1069 1788 votuisse
1086 1738 1123 1788 ire
1135 1739 1283 1789 Sertorianis.
1298 1741 1326 1803 (a.
1340 1754 1365 1788 u.
1377 1753 1397 1788 c.

323 1814 495 1864 Octavianum
515 1813 608 1876 paucis
630 1811 769 1862 mensibus
789 1815 850 1876 post
887 1811 955 1872 673..
979 1825 1033 1874 quo
1055 1813 1083 1861 C.
1101 1813 1202 1862 Annius
1225 1814 1323 1864 Luscus
1343 1825 1399 1876 pro

324 1887 456 1938 funestam
467 1886 539 1936 illam
550 1887 636 1938 aciem
652 1885 849 1949 Philippensem
887 1887 1000 1950 scriptos
1018 1888 1045 1935 et
1062 1887 1089 1937 ln
1105 1887 1138 1938 iis
1155 1889 1303 1937 Sertorium
1319 1887 1400 1949 llispa-

323 1962 374 2013 sub
400 1963 465 2026 ipsis
492 1960 567 2012 Urbis
592 1960 734 2011 moenibus
758 1973 849 2010 erum·
886 1961 929 2010 nia
942 1959 1060 2025 expulit.)
1073 1962 1181 2011 Servius
1190 1962 1226 2010 ad
1235 1966 1299 2012 Aen.
1310 1964 1333 2020 5,
1343 1961 1397 2010 735:

322 2040 403 2101 pente
422 2047 513 2085 rerum
531 2036 711 2086 Romanarum
726 2034 848 2084 condicio
887 2031 1105 2106 quaemcunque
1112 2033 1232 2100 νήσους)
1242 2037 1279 2085 att
1287 2037 1399 2085 smusiius

323 2125 387 2161 cum
404 2111 432 2160 in
448 2109 517 2161 Urbe
536 2109 630 2158 lumin
643 2110 696 2157 tota
708 2109 765 2157 lere
777 2106 848 2157 ltalia
886 2109 985 2158 inclitas
998 2122 1049 2159 esse
1059 2111 1160 2159 Horaari
1169 2111 1329 2160 minibus.
1348 2109 1396 2171 lOd.

323 2183 487 2249 deploranda
511 2195 543 2232 ac
565 2181 781 2246 desperatissima
804 2195 848 2232 es·
886 2179 903 2231 a
912 2221 917 2242 ,
935 2183 984 2232 4463
996 2196 1057 2247 sqq.
1080 2185 1141 2236 llas.
1152 2178 1191 2234 Ἐ.
1205 2179 1283 2234 κ.Ἡ.
1299 2187 1397 2247 liusq.)

323 2261 373 2309 set.
405 2257 458 2307 Clr.
478 2257 608 2309 Kirchner
629 2257 737 2315 Quaest.
758 2257 846 2305 llorat.
919 2259 942 2307 4.
956 2259 981 2307 t.
1004 2259 1101 2322 Altera]
1128 2259 1232 2310 «Altera
1258 2261 1311 2310 inm
1334 2262 1399 2308 netas

322 2346 349 2397 p.
363 2333 405 2382 22.
434 2333 513 2381 Certe
534 2330 687 2380 huiusmodi
708 2329 848 2380 consilium
886 2332 947 2380 inde
966 2345 980 2380 a
999 2331 1068 2382 Sulla
1088 2335 1120 2395 (a.
1142 2347 1169 2382 u.
1191 2347 1213 2382 c.
1236 2334 1303 2396 666.)
1324 2336 1399 2396 agitur

323 2407 440 2472 patrium
452 2404 538 2456 solnm
550 2404 718 2468 relinquendi
730 2402 774 2453 tall
786 2416 848 2453 cum
886 2407 955 2456 inter
971 2406 1039 2458 bella
1059 2407 1232 2460 domesticam
1254 2409 1308 2458 Noli
1325 2407 1399 2472 expli-

323 2481 453 2532 libertatls
474 2493 556 2530 sensu
573 2478 728 2530 melioribus
746 2477 848 2527 civibus
886 2495 948 2531 care
966 2495 1028 2532 curn
1047 2483 1153 2533 vossio:
1171 2483 1253 2532 &ton
1269 2484 1399 2533 dossweitr

324 2556 389 2605 dare
405 2557 451 2604 vix
466 2556 584 2618 poterat,
610 2556 754 2617 postquam
775 2554 849 2603 llae-
886 2555 1025 2605 Gcscltaeltt
1051 2557 1118 2604 scirit
1141 2557 1308 2608 cerleert
1330 2557 1397 2606 turcl

322 2630 424 2681 cenatls
441 2631 469 2678 et
485 2629 618 2686 Octauiani
638 2628 770 2677 amicitiae
788 2639 847 2676 sese
885 2629 1137 2693 Blirporbefeltuui193
1156 2643 1219 2680 cum
1236 2645 1261 2680 v.
1275 2630 1398 2682 laureati

322 2703 472 2769 applicavit.
485 2699 848 2763 Maleigituralilreleruntad
886 2703 940 2752 dita
962 2704 1091 2766 temporis
1114 2703 1304 2766 significatione
1323 2703 1397 2756 mole-

322 2778 425 2827 initium
441 2775 525 2824 ultimi
543 2775 612 2822 inter
628 2775 800 2824 Octavianum
822 2776 849 2823 et
885 2780 941 2828 stae
954 2779 1000 2826 eut
1011 2777 1108 2827 trustra
1120 2783 1295 2842 consumptae
1306 2779 1397 2830 diutur-

321 2849 463 2900 Antonium
480 2845 542 2895 belli
560 2860 584 2894 a.
600 2860 626 2895 u.
641 2860 664 2894 c.
678 2847 747 2909 722,
767 2861 848 2910 qnam
885 2853 972 2902 nitatis
989 2851 1127 2902 dumtaxat
1145 2853 1282 2904 notionem
1300 2853 1394 2906 haheat,

321 2921 491 2971 falsissimam
525 2920 677 2982 opinionem
711 2933 799 2984 nuper
832 2935 848 2970 a
885 2939 937 2974 non
961 2926 1117 2976 vastationis
1143 2929 1223 2990 atque
1249 2928 1348 2978 erudi.
1372 2951 1394 2960 -

321 2993 439 3057 quodam
449 2995 584 3043 recoctam
594 2994 701 3057 optimis
708 3007 848 3057 argumen-
885 2999 950 3060 Suis]
962 3001 1080 3063 Propert.
1094 3001 1123 3060 2,
1138 3002 1182 3060 45,
1195 3001 1242 3051 lt:
1261 3003 1312 3052 Noe
1322 3001 1396 3051 alias

322 3068 355 3117 tis
378 3079 444 3116 usus
466 3067 590 3116 refutavit
612 3068 721 3117 Franks.
758 3067 848 3117 Liber·
882 3075 994 3135 propriis
1009 3075 1105 3122 circum
1120 3074 1395 3138 oppiapvtutctn‘umplia

320 3142 389 3192 rima
406 3143 497 3190 autem
518 3141 697 3204 indignatione
715 3154 846 3192 accensus
883 3147 964 3196 Lassa
979 3147 1043 3210 soret
1057 3148 1243 3200 etiamsolum
1253 3151 1393 3200 llootusuos.

320 3218 511 3277 vehementer,
530 3229 564 3265 ne
582 3216 670 3266 dicam
687 3215 844 3277 iuveniliter,
884 3221 912 3282 3,
926 3220 970 3280 43,
989 3221 1033 3270 aa:
1053 3222 1394 3285 Fruopuuripsumisllomu

320 3293 346 3340 ln
374 3289 506 3340 bellorum
532 3290 718 3341 intestinorum
744 3289 846 3340 scelera
883 3293 1079 3356 superbubonis.
1099 3295 1185 3346 llanil.
1200 3298 1228 3358 4,
1248 3299 1308 3347 94οε
1327 3299 1394 3358 lupt-

319 3365 453 3414 invehitur
464 3377 613 3427 eorumque
624 3363 789 3416 calamitates
801 3365 847 3414 de-
882 3370 999 3430 riumquc
1015 3369 1066 3418 sais
1080 3371 1195 3435 confiteo
1209 3372 1308 3422 uiribus
1316 3373 1392 3434 ipsun

318 3437 413 3505 plorat.
453 3439 613 3501 Magnopere
652 3451 717 3488 vero
752 3436 846 3488 lallltur
882 3441 921 3492 ld.
935 3441 964 3502 l,
987 3441 1031 3492 la:
1059 3444 1212 3506 flentumque
1233 3448 1333 3496 satim
1351 3444 1393 3492 Pu-

318 3511 437 3571 liemon,
468 3512 511 3560 cui
539 3514 631 3562 nescio
660 3524 729 3574 quae
755 3525 845 3561 amara
882 3522 1002 3580 poenino
1025 3517 1150 3568 menone
1187 3520 1242 3569 Liv.
1263 3521 1289 3569 ln
1306 3515 1391 3570 Praeti

319 3585 450 3654 εἰρωνεία
466 3598 516 3648 per
533 3588 619 3635 mmm
636 3598 746 3635 carmen
759 3585 846 3636 domi·
884 3592 929 3639 llos
944 3617 958 3627 -
975 3617 989 3626 -
1006 3597 1034 3640 ut
1057 3593 1111 3640 iam
1135 3593 1309 3656 muprtitum
1336 3588 1394 3640 lala-

318 3659 376 3708 nari
392 3660 449 3710 visa
468 3661 517 3709 est.
543 3659 620 3720 Quod
642 3662 733 3710 antem
752 3661 778 3709 in
795 3661 845 3710 hoc
883 3669 921 3714 rst
942 3679 997 3715 sua.
1031 3663 1148 3716 Similem
1174 3669 1294 3717 Senecae
1319 3665 1392 3716 locum

317 3733 437 3783 carmine
459 3733 563 3784 civibus
583 3733 712 3784 libertatis
735 3737 846 3785 amanti·
884 3741 1018 3803 excerpsit
1034 3741 1151 3790 Lactant.
1169 3741 1234 3791 lnst.
1254 3743 1282 3802 l,
1302 3743 1343 3800 lt,
1360 3735 1391 3785 ll.

315 3806 369 3856 bus
384 3806 523 3858 consillum
537 3809 668 3872 impertit,
682 3811 740 3859 elus
757 3823 847 3859 exem·
883 3815 1043 3875 Augustinus
1065 3814 1098 3864 do
1116 3815 1146 3864 C.
1165 3815 1197 3864 D.
1217 3814 1262 3876 48,
1287 3815 1330 3866 la:
1353 3813 1392 3861 llo·

316 3879 375 3945 pler
391 3880 504 3930 tortasse
516 3881 609 3930 habuit
620 3884 653 3931 ll.
667 3883 775 3933 Sertorii
786 3895 847 3946 pro·
882 3899 926 3936 uta
937 3887 987 3936 tate
998 3886 1052 3936 orbi
1062 3893 1192 3937 marma
1202 3889 1331 3951 imperans
1339 3893 1392 3937 tatt-

317 3955 444 4017 positum.
464 3953 597 4005 Plutarch.
610 3956 677 4005 Sert.
692 3957 721 4005 a:
741 3951 769 4020 (ὁ
782 3957 847 4028 Σερ-
883 3973 961 4022 mum
971 3975 997 4011 ss
1013 3963 1094 4023 ipsam
1109 3963 1341 4025 faramodus,
1357 3971 1392 4008 sill

315 4023 430 4098 τώριος)
454 4022 546 4115 ἔρωτα
568 4026 743 4095 θαυμαστὸν
760 4025 846 4090 ἴσχεν
882 4047 907 4083 se
924 4035 1106 4094 quodammodo
1127 4037 1302 4100 manathasim
1325 4037 1391 4098 [repe

317 4100 437 4165 οἰκῆσαι
445 4117 498 4166 τας
508 4101 673 4176 (Μακάρων)
680 4101 790 4170 νήσους
796 4106 845 4155 καὶ
881 4113 933 4158 rut.
949 4137 976 4144 -
990 4107 1047 4158 Noli
1059 4107 1193 4173 explicare
1205 4123 1268 4160 cum
1279 4112 1389 4160 saxum:

316 4170 367 4246 ζῇν
387 4176 418 4226 ἐν
436 4173 547 4246 ἡσυχίᾳ
564 4178 732 4250 τυραννίδος
751 4175 845 4230 unul-
884 4183 932 4232 ulit
953 4183 1009 4245 ipsu
1030 4184 1119 4246 posuit
1135 4183 1169 4234 ad
1187 4185 1342 4248 emphasim
1363 4180 1390 4227 εἰ·

1132 4455 1140 4492 4
