2934 4884
696 349 825 400 llOllA'l'll
842 347 1012 400 carlutium

566 507 660 571 Parte
682 503 822 569 beatum.

484 689 621 756 Abstulit
642 688 764 755 clarum
786 688 848 754 cita
870 709 958 753 mors
980 687 1151 762 Achillem,

420 885 423 894 ,
481 811 589 896 Longa
612 809 782 874 Tithonum
805 809 919 873 minuit
940 820 1108 882 senectus,

480 932 518 995 Et
540 929 616 996 mihi
640 929 765 1003 forsan,
789 929 845 996 tibi
869 929 958 1017 quod
980 929 1123 1015 negarit,
1141 896 1152 916 ⁹

570 1051 716 1137 Porriget
737 1049 826 1115 bora.

481 1237 524 1300 Te
546 1255 663 1321 greges
686 1245 815 1300 centum
838 1233 1034 1321 Siculaeque
1056 1235 1178 1300 circum

344 1592 385 1640 29.
405 1591 445 1640 30.
464 1589 570 1653 chroro]
589 1589 769 1652 «sempiterna
781 1588 839 1651 qui-
874 1592 966 1638 umen
982 1588 1146 1652 Grosphum,
1165 1591 1188 1640 si
1206 1592 1270 1640 mati
1287 1591 1412 1643 faciebat

312 1667 375 1715 dem
393 1663 473 1727 gloria
492 1660 679 1722 excellentem,
706 1662 836 1712 seditem
876 1662 1029 1723 Horatium,
1059 1666 1189 1725 qnantum
1217 1675 1282 1714 sane
1311 1679 1412 1716 mere-

311 1735 515 1804 pavovdcidtov,
542 1729 721 1806 ὠκύμορον..
749 1762 776 1771 -
796 1735 839 1784 Τι’-
875 1735 969 1793 batur,
997 1735 1135 1786 offendere
1156 1751 1209 1787 non
1231 1740 1351 1801 poterat.
1382 1769 1410 1776 —

312 1815 427 1872 dionem
452 1809 637 1860 Laomedontis
655 1808 753 1869 tilium,
772 1822 838 1858 con-
876 1809 941 1859 cod.
961 1809 1072 1871 Fraueq.
1108 1811 1141 1859 lit
1162 1812 1223 1860 milti
1238 1813 1293 1873 sors
1310 1819 1335 1862 οι
1354 1815 1411 1863 titi.

313 1887 428 1950 sumpsit
439 1885 557 1943 senium,
576 1884 638 1946 quie
650 1887 761 1942 Aurora,
775 1895 837 1932 cum
875 1882 947 1932 unde
971 1883 1065 1933 Bosius
1090 1885 1240 1947 suspicatus
1264 1890 1308 1935 est
1332 1889 1413 1949 sonis

312 1963 407 2012 alove
425 1956 839 2020 immortalitatemeiimpetras·
875 1957 933 2016 titi,
957 1959 986 2005 ut
1007 1958 1060 2005 Sat.
1085 1958 1113 2016 l,
1137 1958 1167 2018 6,
1190 1957 1232 2008 te.
1267 1961 1412 2022 Ingratum

312 2037 366 2094 set,
393 2026 570 2102 ἅγηρασιας,
595 2033 720 2080 aeternae
742 2033 838 2080 iuven·
876 2033 966 2080 tamen
978 2043 1075 2080 sonum
1092 2032 1112 2080 it
1128 2032 1147 2080 a·
1158 2032 1252 2096 procul
1263 2033 1353 2084 dubio
1371 2039 1414 2083 ri·

313 2109 384 2169 tutis,
398 2105 582 2170 elllagltandae
595 2103 755 2165 oblineret,
769 2104 838 2154 adeo
876 2106 943 2154 tevit
964 2106 1057 2167 poete,
1084 2109 1111 2154 et
1134 2106 1179 2168 qui
1200 2109 1306 2170 scripsit
1323 2110 1414 2159 codi-

312 2185 353 2242 ut,
375 2179 605 2245 quemadmodum
623 2181 713 2228 narrat
730 2180 838 2228 Servius
876 2191 938 2228 cem
960 2177 1033 2228 illum
1057 2181 1212 2243 ceteroquin
1235 2181 1309 2232 haud
1326 2195 1413 2246 sper-

312 2256 347 2306 ad
363 2258 408 2305 Ge.
423 2258 451 2315 t,
471 2253 539 2316 tlt,
559 2253 666 2302 tandem
679 2254 703 2301 in
718 2253 839 2302 cicadam
876 2252 995 2302 nendum
1012 2253 1103 2301 nescio
1121 2266 1174 2315 quo
1194 2255 1293 2305 mentis
1311 2269 1413 2305 err-ore

313 2329 528 2388 converteretur,
555 2326 629 2389 quod
654 2328 746 2376 nmen
771 2339 840 2375 uon·
875 2327 903 2375 tn
926 2325 1019 2376 taleam
1043 2328 1263 2389 compositionem
1287 2329 1322 2377 st
1348 2331 1414 2378 miti

312 2403 378 2453 dum
400 2404 490 2452 narrat
513 2403 607 2463 Hymu.
629 2401 707 2450 llom.
726 2401 752 2449 in
770 2401 836 2449 Ven.
874 2404 943 2449 --et
960 2399 1004 2449 titt
1020 2400 1118 2450 incidit.
1138 2403 1327 2451 Recentiorum
1349 2417 1415 2454 sen-

311 2477 380 2537 tit,
405 2489 493 2538 neque
518 2475 551 2523 de
576 2473 627 2522 bac
643 2471 839 2543 μεταμορφώ-
876 2487 937 2524 sum
959 2476 1069 2523 secutus
1095 2477 1148 2533 cst,
1176 2477 1221 2537 qui
1246 2480 1412 2538 proposuit:

312 2564 357 2599 oet
374 2549 499 2610 cogitavit
514 2548 645 2597 Horatius.
665 2549 839 2598 Mimnermus
875 2549 909 2597 lit
924 2547 969 2596 titt
991 2548 1093 2610 forsan,
1117 2549 1179 2597 miti
1195 2551 1246 2598 oet.
1265 2550 1411 2614 interpre-

312 2623 396 2684 Bergk
414 2636 440 2684 p.
460 2622 523 2670 stt:
551 2617 669 2686 Τιθωνῷ
692 2621 747 2684 μὲν
769 2616 840 2671 ἔδω-
877 2624 961 2671 tatus:
992 2623 1135 2672 «Fortasse
1160 2625 1187 2671 te
1212 2621 1328 2685 longior,
1367 2641 1414 2676 me

311 2710 361 2746 κεν
378 2688 455 2753 ἔχειν
475 2689 568 2742 κακὸν
590 2687 717 2754 ἄφθιτον
735 2689 751 2743 ὁ
769 2692 840 2757 Ζεὺς
877 2696 985 2745 brevior
1000 2695 1054 2744 vita
1071 2698 1188 2745 manet.-
1208 2698 1323 2761 -botml
1338 2702 1416 2750 «stn-

312 2767 422 2839 Γῆρας,
460 2763 477 2816 ὃ
509 2769 559 2816 καὶ
586 2763 717 2818 θανάτου
747 2764 839 2837 ῥίγιον
856 2811 859 2824 .
877 2768 953 2832 gulae
978 2770 1146 2831 occasiones,
1176 2773 1255 2832 prout
1280 2773 1414 2835 ternpore

312 2840 464 2916 ἀργαλέου.
499 2843 625 2892 Ceterum
648 2841 706 2904 lege
729 2846 839 2894 omnino
856 2838 859 2943 l
877 2843 1039 2907 procedente
1068 2855 1130 2892 sese
1157 2855 1208 2906 per
1233 2845 1310 2894 vices
1337 2847 1415 2898 olic-

316 2920 435 2980 Propert.
449 2918 478 2974 Ξ,
492 2916 538 2976 48,
556 2917 580 2964 7.
596 2941 623 2952 -
636 2917 740 2966 Tithoni
750 2918 838 2982 imago
876 2920 962 2966 nint.»
997 2919 1047 2966 Pro
1065 2917 1300 2986 προσωποποιίᾳ,
1320 2925 1358 2969 ut
1380 2924 1415 2973 sit

313 2995 354 3042 est
370 2993 396 3039 in
418 2991 483 3039 Ano.
502 2989 557 3038 delt'
580 2991 639 3038 lost.
658 2991 728 3040 orclt.
764 2994 792 3042 T.
811 2994 836 3043 8.
876 2990 918 3041 vel
930 2993 1000 3042 Hora
1017 2989 1068 3040 dea
1079 2990 1121 3041 vel
1133 2991 1211 3042 latim
1225 2993 1323 3053 etiam,
1346 2996 1418 3045 For·

312 3078 371 3128 pag.
391 3065 448 3114 tto,
470 3089 497 3100 -
515 3062 556 3113 Ab
571 3064 622 3113 hoo
634 3076 744 3127 quoque
756 3065 838 3115 heroe
855 3094 858 3131 t
877 3070 948 3125 tuna,
968 3064 1094 3127 equidem
1111 3065 1212 3115 babere
1229 3066 1321 3116 nolim.
1367 3072 1416 3120 Est

313 3141 462 3204 praemium
491 3139 559 3186 vitae
594 3136 778 3201 longissimae,
812 3142 858 3219 et¹
877 3140 906 3188 ut
915 3137 987 3202 apud
998 3138 1129 3188 Senecam
1141 3141 1248 3201 Thyest.
1260 3141 1324 3190 5⁹8:
1354 3146 1414 3193 Ima

313 3225 394 3276 mam
411 3225 522 3276 semper
532 3215 655 3274 vegetam
668 3213 723 3262 iore
736 3216 837 3264 Aurora
872 3216 1002 3274 pennotct
1017 3212 1077 3260 tetis
1086 3212 1271 3261 borasanmria.
1303 3215 1414 3268 contra

313 3285 408 3336 frustra
418 3289 582 3349 speraverat,
595 3287 740 3335 senectutis
750 3287 838 3349 ipsum
877 3286 911 3335 de
933 3286 1010 3336 Horis
1027 3284 1131 3336 deabus
1151 3287 1200 3336 Dio
1217 3287 1366 3348 chrysost.
1388 3294 1414 3342 in

313 3359 383 3410 lente
406 3359 514 3410 tandem
534 3361 716 3410 consumentis
734 3361 839 3410 incom-
878 3359 1037 3411 Charidemo
1070 3359 1110 3409 3⁴.
1146 3374 1172 3424 p.
1206 3360 1264 3410 att.
1309 3363 1412 3430 Emp.:

312 3434 400 3484 modis
430 3434 559 3484 luendum
588 3434 669 3484 inisse
698 3434 837 3497 signlticat,
877 3433 1077 3484 διακονεῖσθαι
1092 3439 1153 3496 τοῖς
1169 3428 1339 3505 ἀνθρώποις
1360 3437 1415 3502 τὸς

314 3511 343 3557 ut
359 3509 520 3558 sententiam
541 3506 613 3557 illam
633 3507 697 3556 avril
718 3511 770 3558 cet.
790 3508 841 3558 de-
872 3502 977 3579 ‘ingo-c,
1004 3502 1052 3557 ola
1072 3503 1108 3572 δὴ
1137 3505 1281 3571 νεωτάτας
1312 3505 1415 3576 οὔσας

313 3579 405 3630 claret.
878 3582 934 3632 τῶν
951 3581 1035 3642 θεῶν,
1053 3573 1086 3632 st]
1107 3582 1162 3647 μὲν
1184 3579 1412 3650 ἀμπεχομνας,

347 3653 387 3702 at.
401 3655 441 3703 32.
455 3655 487 3702 Et
497 3655 566 3717 milti]
576 3655 703 3714 Tertium,
717 3657 747 3704 ut
757 3657 792 3704 ita
802 3655 841 3704 di-
879 3652 969 3718 καλὰς
993 3655 1024 3706 δὲ
1042 3653 1124 3715 ἰδεῖν,
1147 3649 1211 3708 οὔτι
1227 3673 1283 3707 που
1303 3661 1413 3730 χρυσῷ

313 3739 383 3788 cam,
394 3727 546 3791 exemplum
558 3731 683 3792 proponit
691 3732 840 3780 sententiae
879 3733 1108 3797 κεκοσμημένας,
1120 3725 1194 3781 ἀλλὰ
1203 3736 1355 3784 παντοίων
1364 3734 1415 3786 niv-

313 3801 382 3852 illius
393 3815 418 3851 v.
429 3803 480 3862 tt..
493 3803 607 3866 petitum
618 3817 633 3852 a
645 3807 733 3855 semet
743 3805 802 3868 ipso
815 3809 842 3855 et
858 3790 861 3809 '
879 3803 941 3855 θῶν
957 3802 1122 3869 στεφάνοις.

313 3890 328 3926 a
349 3877 484 3940 Grospho,
508 3871 637 3927 ἀπὸτοῦ
655 3875 790 3928 δυνατοῦ.
812 3907 839 3915 -

315 3951 396 4000 nl'ieri
420 3953 522 4014 potest,
550 3953 578 4000 ut
604 3951 706 4002 bonum
732 3951 840 4015 aliquod
911 3954 951 4003 33.
970 3952 1010 4004 dl.
1033 3955 1414 4020 preges1·i'ecircumbalant

315 4023 409 4074 trustra
434 4039 449 4074 a
467 4029 493 4075 te
518 4028 637 4088 optatum
663 4027 727 4074 mihi
750 4027 841 4090 inspe·
879 4041 973 4091 greges
991 4030 1111 4087 or·inm»;
1131 4027 1156 4078 id
1174 4029 1246 4091 quod
1261 4043 1415 4086 assumen-

316 4101 383 4146 ranti
405 4097 550 4161 obtingat.»
585 4101 613 4149 ln
637 4103 691 4148 tota
715 4100 840 4150 carminis
879 4102 944 4151 dum
953 4116 986 4152 ex
994 4115 1070 4166 seqq.
1089 4103 1176 4154 Nolim
1187 4105 1258 4154 euim
1270 4107 1414 4170 explicare

317 4168 432 4221 clausula
449 4172 515 4224 lenis
533 4175 601 4223 inest
613 4173 751 4242 ripuaria,
770 4186 839 4235 quae
881 4187 989 4238 ngreges
1013 4175 1159 4228 Sicularum
1182 4191 1363 4231 vaccarum..
1388 4213 1412 4220 -
