2934 4884
679 333 808 384 lionam
826 332 994 383 cinnamum

523 489 708 553 Nequidquam
725 489 793 540 deus
810 487 925 538 abscidit

555 572 675 623 Prudens
692 573 797 622 Oceano
815 570 975 622 dissociabili

523 657 632 716 Terras,
650 657 673 705 si
690 657 781 705 tamen
798 655 895 717 impiae

556 740 613 789 Non
631 739 763 802 tangenda
781 740 853 790 rates
870 735 1018 788 transiliunt
1034 737 1111 787 vada.

522 821 561 872 llil
579 821 736 874 mortalibus
753 821 867 871 arduum
885 823 934 871 est.

557 905 667 956 Caelum
684 907 773 969 ipsum
790 906 906 968 petimus
922 902 1044 963 stultitia,
1063 916 1152 966 neque
1351 902 1383 949 ib

524 991 575 1038 Per
591 993 713 1038 nostrum
729 989 847 1052 patimur
863 986 951 1038 scelus

555 1071 685 1120 iracunda
702 1072 794 1120 Iovem
811 1083 913 1134 ponere
931 1068 1048 1119 fulmina.

345 1155 443 1215 Quodsi
462 1155 531 1204 bunc
549 1155 699 1211 Horatium,
723 1167 817 1203 verum
838 1152 951 1214 scilicet,
974 1153 1056 1202 edere
1081 1150 1187 1210 liceret,
1210 1154 1277 1214 quot
1295 1163 1383 1214 quau-

296 1239 381 1302 tisque
403 1236 539 1288 laboribus
561 1238 587 1286 in
602 1240 748 1302 ⁴posterum
770 1237 947 1301 supersedere
968 1237 1124 1299 possemusl
1159 1235 1263 1285 Etenim
1284 1235 1311 1284 iu
1329 1247 1383 1284 uno

296 1322 346 1370 boc
372 1322 490 1370 camnine
514 1321 631 1383 (migratu
654 1319 714 1370 licet
739 1320 798 1382 lege
826 1320 954 1371 lieineliia
975 1319 1010 1368 de
1037 1321 1228 1382 quaternorum
1252 1330 1383 1368 versuum

295 1405 419 1468 strophis)
437 1405 524 1454 livill.
542 1403 688 1454 versiculos
705 1403 740 1453 ab
758 1404 853 1467 ineptis
870 1403 1055 1454 Grammaticis
1072 1399 1217 1451 inculcatos
1234 1413 1332 1451 securo
1344 1401 1382 1449 si-

296 1486 377 1536 lentio
395 1489 578 1538 transiremus.

765 1674 906 1684 -ι

612 1835 977 1896 EXCURSUS
1016 1839 1060 1895 ΙΙ.

763 1968 911 2018 nocui.

344 2091 445 2143 Ceteris
464 2103 495 2139 ex
513 2089 591 2150 lociS,
610 2089 656 2140 ubi
673 2088 772 2153 Virm'lii
789 2092 884 2153 poetae
904 2089 1066 2139 mentionem
1084 2087 1158 2148 iacit,
1182 2089 1311 2151 imprimis
1332 2088 1378 2139 Od.

295 2175 319 2234 l,
331 2171 378 2224 il.
414 2175 466 2224 Sat.
486 2174 510 2234 l,
530 2175 553 2235 5,
573 2173 628 2234 iu,
648 2172 738 2224 multis
754 2172 817 2222 inde
835 2185 850 2221 a
867 2171 964 2222 seculis
981 2171 1176 2222 ardentioribus
1193 2173 1322 2235 ingeniis,
1340 2173 1381 2222 ui-

294 2257 349 2306 mio
365 2257 477 2308 tortasse
495 2259 631 2320 utriusque
650 2269 741 2306 amore
760 2256 895 2320 abreptis,
915 2255 949 2304 ad
965 2254 1039 2305 illum
1056 2267 1165 2304 carmen
1182 2256 1234 2304 boc
1245 2257 1379 2320 pertinere

293 2353 343 2404 pro
368 2342 442 2390 certo
468 2353 627 2405 persuasum
650 2343 720 2400 erat,
745 2340 806 2390 ideo
828 2340 957 2398 maxime,
980 2339 1053 2401 quod
1070 2340 1174 2389 sincera
1191 2342 1271 2402 atque
1289 2341 1380 2388 intima

295 2437 341 2474 eos
359 2425 472 2473 amicitia
495 2425 649 2474 coniunctos
671 2423 752 2473 luisse
776 2421 930 2485 simpliciter
950 2421 1099 2472 crederent.
1134 2424 1252 2472 atvero
1273 2425 1381 2486 sapien-

295 2508 374 2557 tiores
391 2505 515 2556 videlicet
532 2507 619 2556 Critici
637 2507 706 2556 hanc
724 2507 792 2554 inter
809 2504 866 2555 illos
883 2505 1107 2555 uecessitudinem
1124 2503 1282 2555 addubitare
1294 2517 1381 2570 nuper

294 2591 454 2652 coeperunl;
477 2603 546 2652 quae
569 2602 636 2638 nova
658 2590 786 2652 sapientia
804 2589 866 2639 huic
888 2589 1015 2638 iuventuti
1035 2585 1250 2658 σκεπτικωτάτῃ
1267 2602 1379 2652 magno-

294 2685 359 2736 pere
376 2675 405 2721 ut
421 2671 540 2736 placeret
557 2675 766 2723 consentaneum
784 2674 849 2722 erat.
880 2673 947 2722 Cum
959 2673 1037 2734 igitur
1047 2673 1170 2734 egregius
1182 2671 1223 2722 ille
1242 2674 1378 2722 Fastorum

295 2756 497 2806 lloretinnorum
518 2755 650 2815 conditor,
673 2768 736 2806 suas
758 2757 869 2819 propter
890 2756 1018 2814 rationes,
1042 2756 1194 2804 coniectura
1216 2754 1275 2818 plus
1297 2769 1379 2819 quam

295 2839 520 2900 Cuuingbamiaua
538 2852 562 2887 v.
584 2839 715 2901 Virgilium
731 2839 758 2888 in
777 2840 924 2900 Quintiliana
946 2837 1001 2901 (od.
1026 2839 1049 2898 l,
1068 2837 1120 2899 al.)
1139 2839 1296 2888 mutandum
1314 2853 1379 2890 cen-

294 2922 404 2981 suisset,
428 2921 528 2971 scilicet
549 2935 583 2970 ne
606 2924 661 2972 tros
682 2923 785 2985 priores
803 2923 956 2973 Carmiuum
978 2920 1038 2970 libri
1055 2934 1079 2969 a.
1098 2933 1126 2970 u.
1145 2934 1169 2971 c.
1188 2922 1245 2971 736.
1263 2922 1314 2972 sed
1331 2921 1379 2972 ali-

294 3006 359 3067 quot
375 3006 436 3054 aute
454 3006 529 3056 anuis
547 3004 609 3054 editi
626 3005 794 3065 viderentur,
816 3006 937 3068 sagacius
959 3007 1040 3055 etiam
1062 3004 1185 3056 Lueblrer
1205 3006 1329 3067 cogitavit
1345 3005 1378 3055 de

293 3087 376 3139 altero
393 3087 436 3138 illo
453 3087 567 3151 Virgilio,
587 3089 703 3138 iwanum
719 3091 841 3139 nobiliaco
852 3091 935 3140 climti
947 3089 998 3150 vel,
1016 3093 1047 3140 ul
1063 3088 1224 3139 Scholiastae
1242 3089 1377 3139 bominem

291 3173 396 3233 vocant,
414 3174 591 3236 cementario,
610 3171 657 3224 od.
677 3173 702 3234 l,
722 3175 762 3223 li.
1328 3238 1330 3241 Ι

341 3257 397 3306 lloc
414 3269 478 3306 vero
497 3257 560 3306 mibi
577 3270 687 3320 prorsus
703 3256 859 3307 incredibile
877 3257 982 3308 videtur
1000 3259 1070 3308 inter
1085 3258 1281 3316 Maecenatem,
1308 3257 1376 3306 Cae-

292 3352 382 3390 sarem
399 3340 571 3389 Octavianum
589 3342 617 3389 et
633 3341 748 3391 Sestium
765 3340 800 3390 ab
818 3342 925 3392 Horatio
942 3343 1072 3392 intrusum
1090 3355 1150 3391 esse
1162 3341 1287 3389 iuvenem
1303 3342 1377 3388 cete-

291 3424 387 3486 roquin
408 3423 539 3485 ignotum,
564 3436 699 3488 quemque
722 3423 767 3475 diu
790 3427 897 3487 postea,
926 3423 952 3474 id
977 3427 1031 3484 est,
1059 3424 1170 3473 demum
1191 3426 1253 3472 ante
1276 3422 1377 3472 editum

292 3505 401 3554 Librum
423 3509 560 3567 quartum,
584 3509 610 3556 in
632 3519 710 3558 suam
732 3507 935 3558 familiaritatem
959 3508 1100 3558 admisisse
1121 3506 1234 3556 videtur.
1275 3507 1376 3565 Quanto

292 3588 378 3651 aptius
395 3590 454 3636 erat
470 3586 504 3636 ab
517 3591 629 3652 utroque
638 3595 739 3652 potente
749 3592 830 3640 amico
842 3591 967 3640 continuo
979 3591 1064 3654 excipi
1076 3591 1202 3651 amicum,
1221 3588 1374 3644 Maecenati,

292 3669 413 3728 Caesari,
432 3671 481 3733 ipsi
500 3673 665 3722 carissimum
678 3673 781 3737 illisque
793 3673 990 3736 dignissimum,
1009 3673 1139 3736 subsequi
1150 3673 1278 3736 deinceps
1289 3672 1375 3721 virum

291 3751 486 3816 amplissimum
503 3766 535 3802 ac
551 3756 660 3817 propter
675 3757 802 3807 virtutem
819 3757 994 3806 animi‘omni
1010 3755 1179 3806 observantia
1201 3756 1322 3819 dignum,
1346 3755 1373 3803 L.

291 3835 419 3886 Sestiuml
449 3837 515 3886 Nam
538 3849 602 3886 casu
624 3838 713 3887 nescio
737 3853 790 3902 quo
811 3841 941 3905 permixta
963 3855 1016 3891 non
1039 3843 1102 3891 sunt
1123 3842 1223 3890 lloretii
1248 3841 1372 3893 carmina.

291 3920 339 3969 sed
357 3921 430 3969 certa
448 3919 566 3983 quodam
583 3920 691 3970 consilio
708 3922 837 3973 ordinata.

339 4005 372 4052 At
388 4002 460 4065 quod
482 4003 573 4052 dicunt
594 4004 731 4068 avirgiiio
749 4019 886 4070 nunquam
907 4006 1061 4069 laudatum,
1084 4021 1117 4057 ue
1136 4009 1372 4058 commemoratum

291 4083 400 4147 quidem
418 4099 477 4136 esse
496 4087 646 4147 Horatium,
670 4089 741 4138 bunc
763 4092 853 4139 autem
870 4091 922 4139 hoc
939 4093 1058 4142 carmine
1076 4103 1209 4155 nusquam
1226 4091 1371 4153 siguificare

290 4168 422 4229 poeticam
439 4169 516 4218 amici
535 4169 699 4230 lacultatem,
719 4172 747 4221 id
764 4185 829 4221 vero
845 4172 1012 4235 perfacilem,
1035 4176 1142 4240 opinor,
1165 4173 1249 4224 babet
1265 4174 1373 4224 solutio-
