2934 4884
689 372 817 423 llOllA'lll
836 370 1005 422 cattllmlill

660 751 1046 815 cmm

479 923 598 989 Martiis
621 921 752 990 caelebs
774 920 853 1008 quid
876 940 969 1008 agam
992 918 1161 994 Kalendis,

479 1044 565 1125 Quid
587 1042 687 1111 velint
708 1041 808 1109 liores
829 1051 863 1109 et
884 1061 997 1108 acerra
1018 1039 1121 1107 thuris

481 1164 594 1241 Plena,
621 1163 764 1239 miraris,
788 1162 980 1251 positusque
1001 1161 1101 1229 carbo
1123 1161 1155 1225 in

648 1285 799 1372 Caespite
822 1285 916 1361 vivo,

374 1469 439 1518 v111.
459 1468 541 1517 lnscr.
560 1464 628 1528 volg.
663 1464 701 1514 Ad
716 1465 906 1525 Maecenatem,
925 1466 953 1513 et
968 1464 1008 1513 sle
1024 1462 1127 1512 llbs'l'e.
1149 1488 1176 1499 ·-
1205 1464 1229 1512 l.
1247 1464 1364 1515 Kalendis

342 1542 437 1603 lle,t:
456 1540 675 1601 Colmdis'l'e‚l,‚
693 1536 795 1600 Benll„
814 1538 924 1590 Fut-
943 1539 968 1588 i.
987 1538 1053 1588 turis
1070 1537 1098 1586 Τ.
1119 1564 1147 1573 -
1166 1536 1191 1587 3.
1210 1537 1362 1589 isemlle.

343 1616 456 1678 (liabent
475 1614 551 1676 bsr.)

343 1775 406 1825 Vlll.
434 1774 616 1826 Maecenatem
641 1772 675 1823 sd
700 1772 773 1822 diem
794 1772 836 1822 le-
873 1770 976 1821 Comm.
1004 1770 1096 1833 Cruql
1124 1798 1151 1806 -
1179 1770 1283 1837 caelebs]
1309 1772 1394 1821 «Cum

309 1852 380 1900 stum
406 1846 584 1899 Kalendarum
609 1848 763 1899 Martiarum
790 1860 835 1897 se-
873 1847 910 1904 tu‚
929 1843 1008 1894 docte
1025 1844 1125 1904 amice,
1143 1843 1229 1908 probe
1247 1843 1345 1895 calleas
1359 1846 1396 1894 ri-

309 1936 372 1973 cum
389 1920 580 1973 celebrandum
597 1920 832 1979 invitatlloratlus,
871 1921 915 1969 tus
941 1920 1021 1982 atque
1047 1919 1224 1971 caerimonias
1248 1921 1394 1977 Romanas,

308 1996 350 2047 vel
373 1998 454 2048 etlam
471 1998 582 2047 invitare
601 2008 630 2045 se
649 1993 834 2045 tantummodo
871 1993 984 2043 tortasse
1001 1991 1152 2055 miraberis,
1171 2006 1301 2057 uorago,
1320 1992 1396 2044 caeli

309 2072 394 2136 lingit,
422 2070 449 2121 ld
472 2070 544 2134 quod
566 2070 629 2119 mihi
650 2068 760 2133 quidem
777 2068 834 2117 veri
871 2066 938 2117 bum
964 2079 1026 2117 cnm
1052 2063 1140 2116 nullae
1163 2068 1191 2117 in
1206 2066 1395 2118 ileu-onallbus

310 2144 422 2196 similius
447 2144 561 2195 videtur.
597 2144 683 2194 Scene
709 2142 835 2192 carminis
872 2142 925 2192 slnt
941 2144 1046 2205 partes,
1072 2142 1173 2206 quippe
1198 2154 1269 2205 qnue
1286 2142 1322 2192 ad
1339 2156 1396 2193 ma-

309 2220 344 2271 ile
362 2222 403 2271 est
420 2220 587 2284 comparatu,
607 2218 681 2281 quasi
694 2218 836 2268 blaecenu-
872 2218 963 2266 tronum
988 2214 1127 2266 dumtaxat
1148 2218 1176 2266 et
1198 2216 1309 2267 maritos
1334 2231 1396 2281 per-

309 2298 365 2344 tem
390 2294 497 2343 lamiam
520 2292 605 2355 epulis
629 2292 755 2355 excipiat,
783 2292 835 2340 mi·
872 2291 985 2351 tineam,
1013 2303 1045 2340 ea
1069 2288 1240 2341 nihilominus
1264 2292 1301 2341 lta
1325 2290 1397 2342 cele·

308 2370 426 2429 rentem,
454 2382 503 2418 eur
525 2367 633 2417 caelebs
657 2368 760 2417 amicus
783 2368 835 2415 hoe
871 2365 968 2415 bremt
992 2364 1106 2424 Verum,
1129 2365 1179 2415 etsi
1196 2377 1247 2428 ego
1263 2378 1315 2429 pro
1333 2380 1396 2416 con-

309 2441 390 2493 modo
402 2440 553 2493 llatronolio
567 2440 694 2492 celebret.
710 2442 749 2491 De
761 2452 835 2491 com·
872 2440 939 2502 iugis
956 2440 1160 2489 conservatione
1176 2441 1239 2488 vota
1258 2440 1396 2504 suscipere

309 2517 446 2580 positionis
470 2518 591 2579 tempore
615 2514 724 2566 consule
747 2514 835 2565 Laeb-
871 2526 984 2576 remque
1016 2513 1134 2563 divinum
1159 2512 1248 2563 lacere
1271 2526 1395 2577 nequeo,

309 2603 437 2641 mannum
454 2590 481 2639 in
499 2592 626 2641 Ereursu.
870 2589 982 2652 propter
1004 2585 1083 2637 uliam
1106 2589 1197 2637 mmen
1215 2600 1330 2638 eausam
1347 2588 1395 2638 boc

343 2665 366 2713 l.
386 2665 629 2728 Martiis-Kalendis]
647 2666 685 2715 lie
703 2666 835 2715 lintrem-
870 2660 1000 2713 sollemne
1017 2660 1115 2711 obeo.»

309 2736 413 2788 nulibus
423 2738 589 2788 inhonorem
601 2738 707 2788 lunonis
717 2739 832 2788 Lucinae
902 2735 973 2786 a-l.
1001 2734 1085 2800 flores]
1113 2738 1185 2786 serta
1213 2738 1242 2786 el
1269 2750 1394 2788 coronae.

308 2810 451 2862 celebratis
473 2812 521 2861 cir.
545 2812 619 2862 ovid.
644 2814 713 2863 Fast.
731 2813 761 2873 3,
783 2813 832 2864 233
869 2809 944 2860 ovid.
963 2810 1032 2859 Fast.
1050 2809 1078 2870 3,
1091 2809 1149 2860 25³.
1168 2811 1239 2862 blara
1255 2810 1291 2860 (le
1308 2816 1395 2862 matre

308 2898 350 2947 sq.
365 2883 518 2936 Pseudolib.
535 2886 564 2945 3,
586 2888 613 2945 l,
633 2886 660 2935 l:
680 2888 832 2938 ilar-ttrite-
869 2896 930 2943 sua,
949 2883 1050 2933 lunone
1068 2884 1180 2945 Lucina,
1207 2884 1243 2933 ita
1260 2887 1396 2937 matronas

221 2966 224 2975 ’
307 2960 378 3009 moni
398 2960 475 3021 festos
497 2972 586 3009 venere
612 2960 741 3011 Kalendae
765 2962 833 3025 (Ex-
869 2956 1025 3021 alloquitur:
1044 2958 1115 3007 Ferte
1126 2959 1288 3022 dsoeilorm
1303 2962 1397 3023 peuda

308 3034 391 3083 oiim
409 3034 500 3085 metris
521 3034 560 3083 tic
581 3034 630 3096 licit
646 3048 728 3085 annm
744 3037 830 3099 aeis),
867 3032 1251 3097 flermbmmrbisflaeeuau:
1268 3035 1396 3085 &mero

307 3109 341 3159 lit
355 3120 424 3172 usqu
439 3122 505 3157 nunc
520 3114 591 3158 certo
606 3109 834 3161 circummuniti-
868 3107 960 3170 cinola
968 3108 1032 3170 flore
1042 3112 1126 3169 caput.
1139 3134 1168 3143 -
1180 3108 1281 3173 uem]
1293 3108 1398 3175 θυμια-

308 3196 457 3247 qnepompo
467 3184 561 3245 Perque
576 3184 631 3233 cius
647 3184 716 3234 urbis
724 3200 833 3237 minuero
867 3178 982 3251 τήριον,
995 3178 1177 3251 λιβανωτρὶς,
1189 3194 1252 3232 arca
1264 3184 1395 3242 murana,

309 3258 432 3321 (strenae)
454 3271 550 3320 perque
571 3260 663 3309 mutos:
686 3260 778 3311 iuven.
801 3261 829 3320 9,
869 3270 922 3307 non
931 3254 1105 3307 thuribulum.
1119 3256 1218 3307 Veram
1226 3271 1340 3309 acerrae
1349 3260 1397 3310 lor·

307 3332 348 3381 53.
367 3335 445 3383 vocat
454 3334 574 3395 fenim
591 3334 725 3384 Kalendas.
761 3336 832 3384 llar-
869 3344 941 3382 mam
957 3331 1088 3381 monstrat
1098 3333 1164 3381 litu
1174 3332 1249 3381 liert.
1260 3333 1302 3382 lll.
1314 3334 1346 3384 T.
1357 3334 1394 3384 56.

308 3406 375 3457 tialis
392 3406 426 3456 ad
443 3406 584 3469 Gallamli.
603 3408 648 3469 al,
667 3409 695 3458 9:
715 3409 833 3458 Setscer·
871 3432 898 3441 -
919 3404 1007 3469 muns]
1023 3408 1063 3455 De
1080 3406 1213 3469 scriptura
1228 3406 1283 3457 vid.
1300 3408 1337 3457 ad
1350 3408 1394 3458 od.

307 3486 344 3543 ts,
365 3486 442 3543 pulo,
464 3487 550 3531 vestra
570 3482 723 3532 iamoenire
739 3483 833 3532 Sutur-
870 3478 948 3540 mil,
967 3478 1395 3545 ll.-Camptlevt'vo]quoaram

307 3554 390 3616 uoltu,
416 3557 525 3605 llurtios
547 3556 681 3605 Kalendas.
712 3554 829 3606 Macrob.
869 3555 1060 3617 temporariam
1096 3557 1272 3605 exstruxerat.
1320 3555 1394 3622 Apul.

307 3630 360 3678 Sal.
381 3630 409 3688 l,
429 3628 474 3677 tt:
500 3630 533 3678 lit
551 3630 628 3679 aesia
644 3642 735 3679 coenos
750 3643 832 3693 oppo-
869 3628 1396 3690 liet.‘l‚l0:oromcuespiteoiretlillurti

306 3702 397 3751 neberti
417 3707 558 3751 matronas.
595 3701 750 3755 celebratas
771 3717 832 3755 esse
869 3706 1029 3769 deoseeimt.
1052 3704 1394 3770 Cl.0d.l‚49,l3.calp.

306 3788 393 3839 usque
416 3774 450 3825 ad
473 3788 497 3826 a.
521 3776 579 3827 ott,
598 3776 649 3827 sub
675 3780 830 3838 iustiniano,
869 3778 923 3831 Ecl.
938 3780 1021 3840 Mt:
1036 3778 1286 3840 eosapiteoiecl’ons
1302 3780 1394 3841 foersn.

307 3854 370 3901 lunc
387 3850 831 3916 interdictaseumaliisgentilium
902 3855 926 3904 t.
956 3855 1033 3904 Docte
1053 3852 1185 3917 musone]
1207 3852 1308 3916 Exigua
1334 3866 1396 3905 saue

306 3924 494 3988 sollemnibus,
513 3928 650 3978 annotavit
660 3926 761 3978 Preller
770 3928 832 3977 Phi-
870 3927 928 3978 lans
945 3926 1027 3987 lorel,
1046 3928 1069 3977 sl
1086 3927 1139 3977 hoe
1155 3930 1260 3979 tantum
1278 3928 1395 3978 diceret:

306 3999 349 4051 lol.
369 4002 388 4051 l.
407 4015 434 4066 p.
448 4000 504 4052 att.
524 4016 556 4052 ex
570 4002 655 4053 Photll
677 4002 752 4065 Synt.
766 4004 830 4052 Can.
872 4003 938 4062 «Τιι,
960 4002 1005 4064 qui
1023 4002 1123 4066 optime
1140 4002 1168 4051 el
1185 4002 1288 4051 Graece
1306 4006 1337 4052 et
1355 4006 1398 4054 ln·

306 4074 334 4123 Τ.
358 4075 397 4125 43.
420 4077 449 4127 C.
470 4076 511 4126 tl.
549 4073 730 4139 (auauonaita
757 4076 832 4125 dice-
870 4078 924 4127 tine
941 4077 1020 4133 scis=;
1040 4089 1109 4140 quae
1126 4078 1191 4126 tnnc
1205 4077 1266 4125 erat
1276 4080 1396 4127 omnium

307 4144 404 4199 bantur
425 4163 470 4211 eo,
498 4150 570 4214 quod
594 4150 681 4201 mariti
697 4162 748 4214 pro
771 4164 834 4201 eon·
869 4150 1010 4201 bominum
1027 4163 1080 4201 non
1098 4162 1209 4215 prorsus
1226 4150 1340 4203 mulum
1352 4152 1397 4202 sci

307 4224 457 4274 servatione
484 4226 598 4289 coniugii
622 4223 832 4290 supplicabant.»
869 4227 947 4276 enfin.
984 4224 1083 4275 Verum
1106 4225 1159 4275 boc
1180 4224 1245 4275 dicit
1268 4238 1325 4277 non
1343 4228 1395 4277 sine
