2934 4884
668 393 796 444 ΗΟΒΑΤΙΙ
813 393 983 444 statumen

495 549 647 634 integer?
669 547 724 612 ttto
748 546 819 611 dies
840 556 1013 632 utramque

406 711 511 774 Ducet
533 707 667 770 ruinam.
712 706 781 768 Non
804 723 865 788 ego
886 701 1047 789 pertidum

404 829 476 892 Dixi
499 835 750 892 sacramentum:
774 822 908 899 ibimus,
932 822 1068 898 ibimus,

447 949 614 1034 Utcunque
637 943 837 1032 praecedes,
861 963 1050 1030 supremum

490 1068 632 1153 Carpere
654 1065 716 1131 iter
738 1064 872 1130 comites
894 1064 1006 1151 parati.

344 1295 367 1344 8.
387 1293 434 1341 illa
451 1291 534 1342 Codd.
554 1289 615 1352 aliq.
636 1289 730 1352 (uestri
752 1302 819 1346 nou;
849 1290 972 1338 neutram
993 1286 1054 1338 lect.
1074 1291 1228 1338 memorant
1249 1290 1336 1340 Bentl.

311 1371 338 1418 et
354 1367 430 1428 Pott.)
453 1391 479 1401 —
499 1365 522 1414 4.
541 1377 586 1414 uec
602 1377 648 1428 epa
665 1363 691 1412 S.
1111 1396 1115 1406 .

277 1563 321 1612 29:
349 1561 377 1610 st
396 1560 500 1622 patriae
514 1559 641 1617 uoluam,
667 1557 689 1605 si
712 1556 805 1605 uatis
838 1555 939 1605 Horatii
954 1555 990 1604 acl
1004 1556 1144 1619 dopmnus
1159 1558 1187 1605 44
1202 1563 1283 1608 marte
1297 1561 1371 1610 4444-

276 1637 360 1685 aloem
380 1635 443 1683 cari.
480 1631 528 1682 Alii
550 1645 582 1681 ex
599 1645 625 1680 4.
644 1631 668 1679 2.
688 1630 742 1680 huo
759 1644 804 1679 ar·
840 1631 941 1680 ematis.
957 1631 1091 1693 Augustae
1103 1632 1280 1682 taurinorum
1293 1634 1368 1683 tcta.

278 1710 386 1759 cessant
410 1707 449 1756 444
473 1719 563 1766 cartu,
595 1703 667 1767 quod
693 1705 803 1756 torsitan
841 1703 866 1755 4.
893 1730 922 1740 -
943 1705 1067 1768 perfidem
1086 1705 1151 1754 Dici
1173 1709 1371 1772 sacraremus]

278 1781 385 1833 delendi
408 1780 493 1844 possit
516 1793 548 1828 ex
570 1779 619 1828 Od.
644 1780 672 1840 4,
692 1779 738 1840 34,
757 1778 801 1828 ta:
841 1777 1004 1840 «peterent»
1042 1779 1151 1841 Proprie
1183 1777 1288 1830 loculus
1318 1785 1369 1830 est.

277 1857 324 1906 Dis
340 1867 417 1904 carus
432 1855 505 1916 ipsis;
525 1853 573 1902 sed
591 1851 667 1915 louge
685 1855 804 1916 praestat
841 1851 941 1900 Caesar
952 1853 980 1901 B.
991 1851 1020 1900 C.
1037 1852 1121 1910 4,43;
1136 1853 1228 1902 Milites
1238 1853 1370 1904 Domitia-

277 1931 350 1994 prior
361 1929 441 1988 ratio,
460 1929 490 1977 ut
501 1927 572 1978 dicat
584 1940 629 1977 «se
641 1927 804 1978 amissurum
839 1939 886 1974 aas
896 1927 1159 1987 mcrmneuteauapud
1167 1927 1283 1976 sedicere
1294 1928 1371 1978 tutet.

279 2017 388 2054 omnem
398 2003 523 2067 proprias
531 2003 601 2051 vitae
611 2000 803 2050 iucunditatem
875 2000 915 2048 44.
953 1999 1093 2063 duaeque]
1126 2001 1371 2066 «Quandocumque

278 2091 310 2129 ac
339 2078 481 2127 fructum.»
512 2101 540 2113 -
570 2075 699 2138 superstes]
729 2075 804 2122 «Nec
841 2075 870 2122 tu
881 2075 997 2122 mortem
1008 2072 1111 2133 abibis,
1130 2073 1227 2124 eodem
1238 2079 1372 2140 temporis

278 2165 338 2204 sum
347 2153 429 2200 vitam
437 2150 577 2200 habiturus
585 2149 715 2211 integram
728 2150 803 2211 parte
840 2149 940 2210 puncto
950 2160 1000 2209 ego
1009 2160 1117 2210 quoque
1129 2148 1192 2198 hinc
1202 2149 1371 2200 decedam.-

278 2227 330 2277 mei
349 2223 431 2275 altera
448 2225 474 2274 in
492 2227 518 2273 te
534 2223 691 2273 exstincta.»
709 2222 801 2271 Sauos.
844 2248 872 2257 -
896 2233 1040 2282 4444444444
1060 2222 1116 2286 iter]
1139 2223 1262 2286 Sophoci.
1280 2227 1371 2288 Aulig.

278 2299 382 2352 anthol.
401 2299 502 2361 Meyari
519 2297 606 2360 Epigr.
622 2295 683 2346 lati:
702 2295 805 2344 Ablatm
841 2295 903 2346 stt:
922 2290 975 2344 τὰν
991 2291 1096 2346 νεάταν
1113 2291 1193 2347 ὁδόν.

276 2375 337 2425 milri
355 2373 457 2434 Crispus
473 2376 522 2432 est,
541 2370 630 2429 amici;
651 2371 700 2420 Pro
718 2371 805 2431 quasi
876 2371 914 2419 42.
937 2371 1046 2432 Carpere
1062 2371 1118 2436 iter]
1136 2372 1246 2421 Locutio
1263 2374 1373 2435 poetica

274 2449 385 2512 pretium
403 2447 462 2496 dari
479 2445 576 2506 liceret,
595 2445 698 2494 Nostros
709 2445 805 2493 diuide-
843 2443 903 2504 (Sat.
915 2447 939 2504 4,
949 2446 974 2504 5,
984 2445 1045 2506 aa),
1056 2446 1235 2509 quiasingalis
1244 2446 1374 2509 passibus

277 2521 541 2572 retulitmteranuos.
554 2519 806 2580 Nuucparsoptima
842 2515 959 2579 aliquam
983 2519 1063 2569 totius
1087 2519 1188 2568 itineris
1210 2520 1372 2582 particulam

277 2609 316 2644 me
327 2595 376 2644 mei
387 2594 498 2654 reliquit.
522 2593 633 2654 Crispus,
648 2593 806 2654 praesidium
842 2593 918 2653 quasi
929 2591 1083 2642 auferimus.
1098 2593 1280 2644 testinatione
1291 2595 1375 2656 sigui-

280 2681 379 2728 meum,
405 2667 534 2728 voluptas,
560 2666 659 2726 Pectus,
686 2667 804 2722 deliciae;
842 2664 930 2714 ficatio
947 2679 996 2728 per
1012 2679 1042 2716 se
1064 2678 1118 2716 non
1139 2666 1223 2728 inest,
1251 2669 1302 2716 uisi
1324 2667 1374 2717 uhi

280 2741 341 2790 uitii
368 2741 422 2789 sine
449 2739 492 2788 illo
519 2740 624 2788 Laetum
652 2751 721 2787 mem
748 2750 807 2787 mea
843 2739 937 2789 additis
948 2738 1005 2790 aliis
1016 2753 1059 2790 vv.
1073 2742 1242 2804 exprimitur,
1255 2744 1286 2791 ut
1297 2742 1372 2805 virg.

279 2817 332 2864 lam
344 2813 444 2874 putabit
465 2825 522 2862 esse.
558 2811 722 2872 Coruumptus
740 2813 807 2862 male
843 2815 889 2863 Ge.
913 2812 943 2874 3,
967 2812 1028 2864 tta:
1055 2814 1166 2876 carmem
1184 2821 1265 2876 prata
1287 2815 1373 2878 sapiu

280 2887 412 2948 debilisque
428 2887 528 2944 444444,Ι
554 2886 611 2935 Plus
633 2899 710 2948 quam
730 2887 806 2936 dimi-
844 2889 890 2936 Ge.
903 2885 932 2948 4,
945 2887 1007 2935 344;
1026 2890 1091 2936 alra
1101 2894 1223 2950 car-pum,
1237 2887 1373 2944 «volant».

280 2962 349 3011 dium
365 2960 414 3009 atei
431 2959 537 3009 recessit.
844 2961 896 3010 Clr.
907 2961 987 3010 etiam
999 2963 1166 3027 συντέμνειν
1178 2976 1216 3013 sc.
1227 2958 1280 3027 τὴν
1290 2957 1373 3012 ὁδόν.

312 3035 335 3084 9.
357 3034 396 3083 40.
416 3036 494 3084 Docet
505 3031 615 3096 ruinam]
629 3033 671 3081 Sic
682 3031 806 3096 Virgilius
844 3035 924 3099 Soph.
942 3035 1028 3098 Antis.
1049 3036 1122 3086 44443.

281 3108 420 3171 aliquoties
437 3110 509 3170 (Aen.
523 3110 548 3168 2,
561 3107 619 3158 466.
634 3107 695 3170 444.)
707 3109 807 3158 trahere
877 3108 917 3157 43,
942 3109 1095 3174 0444444444]
1119 3107 1189 3159 Talia
1212 3113 1334 3160 monstra
1346 3113 1375 3162 in

280 3183 396 3244 ruinam,
409 3183 471 3245 quia
484 3195 515 3232 ea
527 3195 590 3246 pers
600 3181 722 3243 aedilicii,
736 3195 806 3245 quae
844 3181 917 3230 aditu
934 3182 969 3230 ad
985 3183 1144 3234 umbrarum
1161 3183 1220 3233 loca
1237 3184 1375 3248 uvirgilio

281 3257 367 3321 prima
389 3256 471 3316 cadit,
498 3269 592 3307 secum
618 3255 699 3316 ducit,
729 3257 808 3306 trahit
844 3255 1008 3306 collocantur
1024 3259 1089 3307 Aen.
1108 3258 1137 3318 6,
1156 3259 1218 3308 285:
1241 3259 1377 3322 4444444444

282 3331 363 3380 etiam
390 3333 502 3381 ceteras.
535 3356 561 3366 —
590 3331 731 3392 Superstes
759 3329 808 3379 tuit
840 3335 976 3392 praeterea
1001 3331 1136 3381 corianum
1161 3337 1277 3382 momtra
1300 3335 1376 3396 fera-

282 3405 405 3454 Horatius
422 3406 566 3456 Maecenati
584 3403 716 3467 perbreve
737 3407 808 3454 tem·
843 3419 916 3464 nme,
943 3405 1062 3456 Centauri
1084 3407 1112 3455 iu
1132 3406 1229 3469 [444444
1245 3407 1376 3458 matulam

281 3491 342 3541 pus,
361 3478 493 3540 siquidem
508 3481 621 3540 uterque
634 3481 755 3528 ritortuus
768 3482 808 3529 est
845 3479 990 3540 Smllaeque
1012 3479 1129 3543 biformes
1145 3481 1178 3529 ls't
1193 3485 1376 3544 4444449444-

283 3565 307 3600 4.
332 3564 358 3599 u.
384 3565 407 3600 c.
432 3551 489 3601 rts.
525 3553 664 3603 Maecenas
690 3557 807 3615 Augusto
844 3566 891 3602 uus
906 3553 1028 3603 Briarem
1048 3568 1080 3604 ac
1101 3555 1174 3604 belua
1190 3557 1288 3605 Laruae
1304 3557 1377 3606 Hor-

282 3620 370 3688 paullo
393 3625 454 3672 anta
475 3627 590 3674 mortem
611 3627 728 3690 scripsit:
755 3627 809 3676 Ho-
844 3628 950 3676 rendum
966 3628 1071 3678 stridens
1088 3631 1246 3693 purusque
1268 3638 1376 3682 maala

281 3697 345 3745 ratit
361 3695 445 3744 444444
468 3701 497 3745 ut
512 3699 561 3746 mei
578 3703 628 3747 esta
651 3713 752 3751 memor.
778 3728 805 3737 -
845 3701 985 3751 Chimaera.
1004 3701 1156 3754 Hvs'ouaar
1166 3697 1374 3768 ἀμαιμὼιετον

205 3783 211 3794 ·
283 3771 407 3821 Horatius
425 3771 515 3820 autem
531 3771 647 3820 44444444
657 3777 680 3821 et
696 3775 809 3824 coemitur
845 3771 901 3845 strip
913 3778 991 3825 vocat
1002 3777 1110 3826 Hesiod.
1124 3779 1222 3841 Theog.
1236 3779 1296 3828 349.
1316 3781 1373 3830 Ctr.

283 3849 319 3895 est
335 3845 453 3893 actremis
472 3845 592 3906 Esquiliis
613 3845 689 3896 iusta
708 3850 809 3898 Maece-
845 3850 893 3898 0d.
908 3851 936 3910 t,
954 3849 1000 3909 rt,
1018 3850 1059 3901 st.
1079 3851 1237 3902 Chimaerae
1248 3850 1377 3916 palchen

282 3919 491 3968 satistumulum.
518 3919 624 3968 Sueten.
639 3920 664 3970 in
679 3921 736 3970 Vite
754 3923 809 3971 tto·
845 3924 913 3973 rima
930 3924 1018 3986 imago
1034 3928 1077 3975 est
1092 3926 1119 3974 in
1134 3923 1285 3989 anaglypho
1303 3927 1376 3978 basi-

282 3993 350 4042 ratii.
365 3993 690 4056 Hiucingeniosoacvere
704 3998 808 4058 poetico
846 3995 912 4047 lime
938 3997 1036 4061 Ulpiae.
1075 4001 1161 4050 Museo
1187 4000 1316 4051 Chiorum
1340 4003 1374 4052 11.

283 4064 393 4115 oonsilio
416 4066 504 4129 (modo
526 4068 650 4117 Latinitas
665 4069 697 4128 ,et
714 4081 808 4120 versus
846 4073 875 4121 T.
893 4072 921 4121 L.

283 4141 489 4200 praestantiores
506 4142 603 4204 essent)
621 4141 736 4190 Thomas
747 4141 809 4191 Val·
881 4144 921 4195 44.
945 4145 1071 4210 44444444]
1095 4159 1166 4197 nunc
1182 4149 1334 4211 prostratus
1347 4151 1375 4200 iu

283 4222 366 4273 perga
383 4211 479 4262 Caluso
492 4215 652 4277 composuit:
673 4215 810 4277 Epistulam
846 4219 964 4267 Tartaro.
999 4219 1055 4268 Hoc
1072 4219 1149 4269 dicit:
1177 4221 1300 4271 «Maximi
1317 4224 1376 4271 ter-
