2934 4884
489 387 548 438 tm.
567 389 586 437 l.
621 388 650 438 C.
669 387 757 439 mli.

306 545 437 609 Portare
459 543 577 620 ventis,
600 544 675 633 qnia
696 543 875 612 suhhrcto

345 667 412 731 llex
432 663 558 752 gelidae
579 675 740 732 metuatur
761 687 853 742 orae,

304 821 390 902 Quid
410 821 570 889 Tiridaten
592 833 724 902 terreat,
748 825 842 892 unice

303 945 454 1010 Securus.
498 944 543 1020 0,
567 965 652 1032 quae
674 943 813 1012 lontibus
837 946 967 1034 integris

155 1199 180 1248 3.
199 1195 430 1262 (participati.
451 1225 478 1234 -
497 1200 521 1249 h.
541 1199 691 1262 ipram
713 1201 724 1248 t
743 1213 805 1250 cum
828 1202 855 1250 G.
881 1200 1013 1264 Fabricio,
1038 1203 1140 1254 rorida-

124 1278 172 1322 tam
195 1285 261 1324 cum
286 1273 379 1323 Cassio
404 1273 487 1324 Dione
512 1275 655 1325 Gesnarus.
690 1275 743 1326 Sed
760 1277 867 1326 Lucian.
886 1275 952 1326 Dial.
972 1291 1039 1328 mer.
1063 1279 1087 1338 9,
1110 1279 1138 1328 2:

124 1345 285 1419 Τιριδάταν.
322 1349 378 1410 (Vr.
397 1349 413 1398 5
430 1348 644 1399 etddesuntin
661 1349 700 1410 Β.)

130 1561 155 1612 3.
188 1563 299 1612 Portare
332 1560 420 1625 acatis]
454 1563 616 1626 manenter
652 1565 715 1614 tunc
738 1565 770 1627 (a.
794 1564 850 1613 73⁰.
875 1567 902 1614 et
923 1564 989 1628 tat.)
1016 1566 1171 1628 cotidianus,

93 1637 172 1686 eh‘am
188 1636 263 1701 apud
279 1639 405 1687 Graecos.
433 1635 552 1701 apollon.
564 1637 613 1688 nh.
653 1650 735 1702 quem
753 1639 851 1689 exiam
871 1637 1010 1691 habiturae
1028 1640 1114 1692 lerant
1129 1655 1173 1692 res

93 1710 116 1769 t,
142 1709 222 1761 tati:
253 1704 316 1760 ἀλλ’
340 1704 475 1776 ἀνέμοισι
497 1707 616 1776 Autem
653 1714 799 1764 Parthicae.
829 1713 869 1763 hd
892 1713 1002 1766 easdem
1020 1714 1112 1766 turbas
1129 1729 1174 1767 re·

92 1779 271 1850 ἀμιλωιίην.
321 1786 432 1836 Theocr.
471 1787 513 1846 m,
553 1786 614 1836 tot:
653 1788 773 1852 spexisse
800 1791 873 1839 recte
902 1791 1013 1840 censent
1039 1789 1175 1854 Virgilium

93 1851 190 1909 Ἴσκον
213 1856 315 1910 τοιάδε
338 1855 440 1910 πολλά·
466 1856 503 1909 τὰ
525 1857 550 1909 d'
575 1861 616 1924 εἰς
654 1865 699 1913 Ge.
718 1861 819 1924 atat:
840 1863 946 1926 (Verum
958 1865 1175 1928 sapientemtnoo

93 1927 178 2004 ὑγρὸν
198 1928 295 2001 ᾤχετο
314 1933 395 2001 κῦμα
413 1931 507 2000 namq·
523 1928 616 1995 ἔχοιο
649 1951 768 2000 purpura
783 1951 871 2001 rapum
887 1939 968 1988 ltoait
983 1940 1104 2003 atiattdos
1118 1943 1175 2004 opi-

92 2005 223 2076 ἀτέμοιο.
266 2009 360 2060 Tibull.
385 2011 409 2070 t,
434 2013 459 2071 a,
480 2011 525 2062 tt:
550 2025 617 2061 aime
653 2017 710 2062 tarta
727 2013 853 2062 discordia
868 2012 974 2074 fratres,
998 2012 1092 2074 idest,
1111 2028 1177 2066 con-

93 2087 226 2148 annae
246 2087 374 2148 a'ouoqae
397 2087 478 2136 laetat
501 2087 618 2136 οοοτοιοε
654 2087 812 2149 sanguineos
829 2087 970 2136 Phraatem
988 2090 1015 2138 et
1034 2087 1175 2150 Tiridaten,

93 2167 150 2211 nota
162 2175 214 2223 per
228 2161 367 2210 Armmior.
402 2160 476 2211 Ovid.
495 2161 571 2210 Trist.
591 2163 617 2221 t‚·
653 2160 809 2211 Arsacidum
826 2163 977 2223 utrumque.
1015 2159 1097 2224 (Falso
1115 2161 1177 2214 olim

92 2237 115 2296 2,
132 2238 181 2287 ts:
200 2235 376 2298 imumque
384 2235 465 2285 Notat
474 2235 618 2286 iactatmea
654 2232 836 2298 explicabant:
856 2235 999 2293 «Quisnam
1016 2248 1063 2284 rex
1075 2237 1177 2286 metum

93 2311 159 2360 dicta
171 2323 317 2372 motae.
654 2309 763 2360 incutiat
790 2309 891 2370 regioni
917 2307 1032 2370 boreali,
1064 2308 1091 2358 id
1120 2312 1174 2371 est,

121 2386 145 2435 3.
165 2384 191 2436 t.
212 2387 250 2434 ιΑ
266 2383 365 2448 quibus
379 2397 428 2436 rex
441 2383 543 2447 gelidae
554 2398 618 2434 orae
654 2384 719 2448 ipsis
736 2381 908 2447 popularibus
925 2383 1012 2442 suis»,
1032 2396 1101 2446 quae
1119 2381 1176 2433 lan-

94 2460 141 2510 snh
169 2459 356 2523 septentrione
377 2459 491 2522 positae,
518 2459 616 2520 idest,
654 2457 807 2522 guidissima
826 2457 954 2521 expositio
970 2469 1056 2522 nuper
1070 2460 1175 2510 recocta

92 2535 255 2597 Scytharum
271 2545 320 2581 rex
329 2535 498 2592 metuatur»,
517 2532 618 2583 scilicet
654 2534 705 2582 est.
736 2532 788 2582 Sed
804 2533 826 2582 ai
844 2533 899 2594 qais
916 2535 988 2582 esset
999 2533 1057 2594 τίς,
1076 2532 1176 2584 ridicu-

94 2611 128 2671 (id
144 2608 220 2672 qnod
238 2621 288 2671 per
303 2603 616 2672 iaegdmowadiicitur)
653 2607 708 2657 lam
735 2607 805 2656 hanc
830 2607 989 2656 senteutiam
1014 2607 1174 2658 contineret:

92 2683 242 2735 a'i'iridate
258 2683 370 2745 eiusque
388 2681 507 2734 asseclis.
525 2684 615 2733 lustin.
654 2683 744 2731 utrum
770 2681 928 2744 Scytharum
954 2691 1022 2742 rex,
1048 2693 1082 2731 an
1110 2680 1177 2732 alius

92 2757 132 2819 li,
150 2762 181 2809 5:
207 2758 320 2808 Victoria
343 2758 373 2805 de
387 2757 494 2806 Antonia
510 2758 618 2807 insolen-
654 2757 732 2818 quisi
759 2756 818 2816 ouis
839 2753 905 2819 plur.
931 2757 1021 2804 autem
1038 2757 1079 2806 est
1095 2757 1176 2806 etiam

93 2835 142 2883 tior
156 2835 293 2893 Phraata
310 2832 469 2883 Parthorum
485 2846 541 2892 rex,
558 2833 618 2882 red-
654 2828 738 2893 Epod.
758 2830 798 2890 tt,
820 2829 844 2878 9.
872 2831 899 2879 et
920 2830 1007 2880 sexies
1027 2829 1054 2878 in
1076 2831 1173 2881 Satiris.

91 2910 167 2970 daur,
183 2921 244 2958 cum
259 2907 341 2956 multa
356 2907 489 2956 crudeliter
504 2909 617 2956 conate-
654 2903 741 2953 Verba
763 2917 828 2954 vero
851 2904 915 2966 Quid
937 2905 1062 2954 Tiridaten
1084 2909 1177 2955 terreat

91 2990 137 3045 ret,
154 2985 182 3032 ie
207 2982 314 3032 eziliom
335 2995 353 3029 ο
371 2981 465 3043 papiae
485 2994 530 3031 arro
542 2982 617 3044 pelli-
653 2978 764 3028 minime
805 2977 993 3044 ταυτολογίας
1031 2979 1175 3030 insimulari

91 3063 141 3106 tur.
185 3058 277 3117 ltaque
303 3069 361 3105 cum
385 3069 479 3118 amorio
510 3060 619 3118 memore
654 3055 770 3116 queunt,
800 3066 862 3104 cum
887 3053 944 3104 sine
972 3055 1175 3117 interrogatione

91 3134 213 3194 Minas
245 3131 370 3191 catate,
405 3131 440 3179 ad
464 3135 618 3192 postrenum
654 3128 706 3177 hoc
731 3126 782 3178 sibi
808 3127 901 3177 velint:
933 3133 1059 3192 «praeter
1083 3141 1175 3191 regem

92 3207 197 3268 Septim
211 3205 327 3268 precibus
346 3204 487 3267 salisparsa,
510 3205 617 3265 Scytho-
653 3203 812 3264 Scytharum
829 3202 957 3252 Tiridates
975 3204 1068 3253 metuit
1085 3202 1176 3252 inlide-

94 3295 150 3330 mn
165 3280 284 3330 mammo
299 3279 398 3328 eratho
414 3280 442 3326 ia
456 3292 563 3342 reprom
578 3292 618 3329 re·
652 3275 753 3327 litatem
779 3279 859 3340 atque
882 3277 990 3327 insidias
1018 3276 1175 3326 Parthorum

91 3357 210 3405 micina.
245 3355 298 3404 Hoc
320 3353 418 3402 ahsente
432 3366 517 3417 repom
531 3354 617 3404 Parthi
653 3352 788 3415 ipsorum,
824 3349 921 3413 quibus
954 3363 1025 3400 nuno
1053 3350 1174 3413 precario

97 3431 222 3480 Tiridaten
233 3429 358 3491 eamdam
368 3429 555 3490 emmeram,
574 3429 617 3491 qui
652 3426 820 3490 imperitat»)
836 3453 862 3461 -
872 3425 968 3488 pelidae
983 3423 1051 3488 orae]
1065 3423 1102 3472 Cl.
1114 3421 1176 3473 illud

93 3507 177 3555 audito
192 3505 305 3554 adveatu
319 3503 471 3564 smitam
485 3518 543 3554 men
558 3517 617 3553 ma-
652 3501 750 3551 Lucani
777 3502 806 3561 5,
840 3501 888 3549 55:
924 3499 1019 3564 pelidae
1049 3499 1175 3549 οοοιίοιιοι

93 3595 143 3642 aaa
165 3581 308 3630 morian
327 3591 408 3627 arana
428 3579 463 3628 ad
485 3579 616 3629 Caesarem
653 3575 822 3637 lihmcaporia
839 3587 907 3624 orae.

94 3655 120 3702 i·
138 3655 290 3716 HPPMWP
310 3652 400 3738 ‘'Q'‘
421 3659 478 3703 ΜΟ
500 3655 617 3715 mm
684 3690 708 3737 5.
742 3687 821 3751 onice]
858 3698 986 3750 aprorsus
1015 3687 1171 3748 incuriosus,

92 3736 215 3792 imm
241 3728 304 3791 (⁸0⁶
330 3727 392 3778 *¹⁶⁰
416 3728 614 3791 ”gummi
652 3761 716 3812 dum
732 3759 853 3824 volgares
865 3761 986 3812 homiues
998 3759 1078 3812 multa
1091 3775 1122 3811 ea
1138 3762 1171 3812 de

91 3805 209 3868 Wlffl-
239 3803 292 3853 Cir.
311 3803 359 3852 Dio
377 3803 450 3854 Cass.
470 3804 510 3862 54,
530 3803 569 3853 48,
589 3805 617 3851 et

93 3877 133 3937 53,
149 3878 191 3927 33.
226 3877 255 3926 ld
274 3875 346 3939 quod
363 3878 552 3927 tuncmaxime
563 3881 616 3926 ter.
651 3849 680 3885 ΓΘ
697 3835 867 3899 loquuntur„

93 3951 160 4000 relat
175 3952 322 4009 Tiridaten,
342 3953 412 4010 erat,
430 3951 502 4015 qnod
518 3952 616 4002 Phraa-
684 3949 707 3998 6.
743 3947 853 4012 intepris]
879 3939 1054 4017 «ἀκηράτοις
1073 3949 1168 4012 [Enrtp.

95 4028 133 4076 let
148 4027 181 4076 ah
201 4029 320 4089 Augusto
337 4026 462 4090 petierat,
484 4028 514 4075 ut
530 4023 612 4084 illum,
651 4019 832 4086 hippotae),
852 4034 866 4071 a
884 4022 989 4073 nemine
1006 4022 1171 4074 contamina-

93 4113 188 4150 mur
209 4114 283 4151 naen
308 4100 405 4164 (lustin.
429 4099 471 4159 ta,
494 4100 539 4162 5.),
563 4098 614 4148 sibi
650 4098 692 4155 tis,
702 4097 777 4159 puris
786 4099 865 4160 atque
875 4094 1085 4158 illibatis;aidem
1094 4095 1171 4157 signi-

95 4175 222 4235 traderet,
264 4174 315 4226 sed
353 4170 535 4244 «Τηριοάτητ
573 4169 612 4240 τῷ
650 4172 725 4230 licat,
744 4169 817 4233 quod
827 4184 852 4220 v.
867 4171 906 4221 to.
917 4171 1007 4236 pirithoo
1016 4171 1098 4230 amis,
1113 4182 1171 4219 οοο-

95 4247 208 4321 Φραάτῃ
220 4245 276 4301 οὐκ
286 4246 432 4313 ἐξέδωκε.»
452 4249 615 4300 Sermoerat
650 4246 752 4296 minum
773 4257 856 4306 genus
878 4257 985 4296 novum.
1015 4245 1119 4294 Lucret.
1142 4243 1167 4302 l,

177 4343 267 4388 Bonan.
283 4354 339 4388 von.
357 4341 372 4387 l.
403 4353 442 4386 nn.
459 4348 536 4386 aaron
552 4338 588 4384 ΙΙΙ,
794 4345 797 4354 ·
978 4337 1001 4378 10
