2934 4884
668 384 798 435 nonlru
817 382 985 436 crnuinolr
1056 456 1057 459 Ἴ

540 544 629 607 Luna
652 542 747 618 mari,
772 540 947 607 Cnidiusve
971 540 1097 627 Gygae,

456 702 561 778 Quem
588 700 614 765 si
636 699 817 786 puellarum
839 698 1003 763 insereres
1026 697 1141 771 choro,

462 822 541 887 Mire
563 841 698 907 sagaces
721 817 846 885 falleret
867 818 1011 905 hospites

501 942 681 1007 Discrimen
703 939 880 1006 obscurum
902 938 1015 1005 solutis

544 1061 693 1128 Crinibus
718 1060 935 1149 ambiguoque
958 1060 1054 1125 voltu.

352 1266 393 1313 20.
412 1264 559 1326 prridiruque
576 1262 608 1321 T,
628 1262 778 1319 Gnidiosque
795 1260 827 1317 l',
847 1260 981 1308 (iridiueoe
997 1259 1019 1307 l.
1045 1260 1082 1323 (ve
1103 1258 1211 1309 firmant
1234 1258 1347 1320 abaco.)

323 1366 350 1373 —
369 1336 409 1387 ai.
427 1336 514 1386 Habet
528 1335 598 1384 oouu
614 1348 638 1383 c.
900 1336 907 1345 ¹
938 1346 944 1351 ·

289 1515 371 1563 etiam
405 1513 510 1562 Tacitus
540 1510 622 1561 hahet
661 1510 814 1575 aliquoties)
852 1524 962 1573 sapaces.
999 1511 1109 1575 Sapaeos
1120 1510 1212 1560 autem
1223 1512 1381 1575 propterea,

290 1588 371 1637 etiam
396 1588 539 1650 propterea
563 1586 636 1648 quod
658 1599 684 1635 v.
709 1586 816 1635 renitere
854 1584 926 1647 quod
944 1583 1048 1634 curiose
1067 1584 1178 1648 hospitis
1196 1585 1285 1633 iocum
1303 1583 1385 1634 dete-

291 1662 318 1709 in
336 1673 387 1710 usu
403 1673 456 1710 non
475 1661 555 1710 esset.
854 1672 916 1721 gere
935 1661 1072 1722 cuperent.

323 1733 364 1783 to.
384 1734 472 1797 θυμω
488 1734 652 1783 mentionem
665 1733 723 1782 fleri
736 1734 816 1784 etiam
887 1733 928 1783 23.
947 1733 1087 1782 Discrimen
1098 1730 1238 1795 obscurum]
1254 1733 1296 1782 sic
1308 1731 1384 1795 apud

291 1805 326 1855 ab
344 1806 437 1857 Ouidio
458 1807 523 1856 dicit
543 1805 644 1867 schol,
668 1810 742 1856 certe
764 1820 815 1858 non
855 1808 966 1856 Statium
991 1804 1082 1856 Achill.
1111 1807 1139 1867 l,
1167 1806 1224 1855 ³36.
1265 1804 1384 1856 Achilles

290 1882 317 1929 in
329 1882 370 1941 iis,
384 1894 453 1944 quae
466 1882 581 1940 exstant,
593 1882 734 1944 poematis.
762 1882 817 1930 Va·
854 1879 923 1929 inter
946 1879 1113 1929 Deidamiam
1135 1882 1161 1930 el
1183 1892 1302 1931 sorores:
1329 1880 1385 1941 fdi-

291 1968 351 2004 rum
369 1957 446 2005 acute
463 1953 530 2004 vidit
541 1957 674 2005 Gesnerus
686 1953 760 2004 locos
773 1953 819 2003 ali·
855 1955 931 2016 litque
948 1958 1041 2003 tuentes
1056 1954 1193 2017 Antbipuus
1208 1956 1325 2014 aramue
1341 1954 1385 2003 tc—

289 2030 357 2091 quot
373 2028 473 2080 similes
491 2029 574 2078 Ovidii
591 2030 659 2091 (Met.
676 2029 700 2091 3,
719 2030 777 2079 323.
791 2028 815 2089 9,
854 2033 907 2077 terra
923 2028 1066 2077 discrimine
1083 2042 1165 2077 secas

289 2103 357 2165 7⁴2.)
382 2103 416 2153 de
439 2104 531 2167 pueris
554 2116 569 2153 a
592 2102 686 2166 puellis
710 2104 752 2153 vix
776 2103 818 2152 di·
886 2101 927 2153 ai.
964 2100 1090 2165 Crinitae]
1126 2101 1239 2152 Alebaut
1272 2114 1384 2153 comam

290 2178 457 2241 stinguendis
479 2176 636 2227 obversatos
655 2192 715 2229 esse
733 2179 818 2229 Scho-
853 2176 943 2241 pueri,
975 2190 1028 2226 uon
1054 2176 1141 2227 solum
1166 2175 1283 2238 delicati,
1316 2177 1383 2235 sed,

290 2241 382 2303 liastis.
413 2280 440 2289 -
468 2253 561 2302 Cnidus
585 2264 607 2302 e.
627 2252 737 2313 Gnidus,
766 2254 818 2302 Ca·
854 2254 883 2300 ut
899 2250 1017 2311 videtur,
1045 2252 1125 2301 etiam
1146 2252 1252 2314 ingenui
1274 2264 1306 2301 ac
1328 2265 1384 2315 pu-

290 2328 345 2375 riae
362 2326 437 2378 urbs.
854 2324 919 2387 dici,
942 2338 1028 2389 usque
1046 2324 1111 2375 dum
1123 2326 1319 2389 togampuram
1332 2338 1411 2376 su·-

324 2402 365 2449 al.
387 2400 472 2464 οιισηι]
491 2400 601 2463 Egregia
620 2401 818 2464 quadamima-
854 2402 967 2450 merent.
991 2401 1145 2460 iuvenili,
1173 2400 1235 2449 l36:
1263 2398 1383 2463 pupillus

290 2475 349 2537 gine
379 2476 406 2523 et
434 2475 492 2523 ioco
518 2473 553 2522 ad
578 2475 681 2538 priores
706 2488 817 2538 prorsus
854 2476 1065 2538 ingenuuscuius
1088 2476 1222 2525 nmncntic
1243 2476 1304 2539 fleta
1328 2476 1386 2525 Ora

291 2547 425 2610 apposito,
440 2548 515 2596 ouius
526 2551 696 2599 venustatem
707 2551 817 2601 minime
850 2548 1281 2613 puellaressdciuntincertacupitii.
1293 2548 1383 2613 Epod.

291 2618 421 2681 intellexit
437 2622 468 2671 Η.
487 2622 527 2680 Ρ.,
545 2624 633 2685 pocta,
653 2625 682 2672 ut
703 2623 818 2675 decebat
856 2626 899 2685 lt,
924 2624 965 2674 28.
985 2622 1023 2673 de
1041 2622 1167 2673 delicato:
1194 2624 1278 2673 lerdis
1295 2624 1385 2685 pueri,

291 2696 372 2756 utque
396 2694 552 2758 oportebat,
580 2708 690 2745 carmen
714 2696 816 2748 clausit.
855 2699 956 2761 tongam
972 2698 1118 2748 renodantis
1128 2711 1233 2747 conium.
1254 2698 1388 2747 Huiusce-

290 2768 375 2831 Fingit
391 2769 462 2818 euim
476 2769 623 2830 tondum,
642 2773 760 2822 convivis
772 2772 819 2822 ad·
855 2772 927 2821 modi
944 2770 1092 2834 puellarem
1109 2785 1225 2836 puerum
1243 2772 1277 2821 ad
1294 2784 1325 2823 se
1337 2786 1389 2820 ro·

290 2842 378 2904 veum,
398 2843 444 2906 qui
460 2856 576 2906 puerum
593 2858 646 2893 non
663 2846 738 2909 prius
754 2860 818 2896 nos·
855 2847 899 2895 cat
909 2848 1049 2897 Anacreon
1067 2848 1107 2897 Fr.
1127 2846 1171 2897 ed.
1185 2847 1278 2909 Bergk.
1292 2859 1320 2909 p.
1334 2847 1386 2895 82:

291 2920 365 2977 sent,
385 2916 522 2966 advocatis
539 2918 566 2967 in
584 2917 710 2970 conclave
727 2921 818 2971 induci
851 2911 886 2969 Ὦ
904 2925 959 2969 παῖ
974 2921 1130 2991 παρθένιον
1146 2918 1276 2980 βλέπων,
1297 2918 1389 2983 Atim-

290 2989 440 3054 puellarum
458 2990 571 3041 chorum
588 2993 668 3056 atque
686 2994 756 3044 inter
772 3009 818 3045 eas
854 2995 909 3058 μαί
926 3008 969 3043 σε.
991 3022 1018 3031 -
1042 2994 1222 3058 lungendum:
1241 2993 1388 3043 Discrimen

292 3063 416 3113 muliebri
431 3068 508 3116 veste
520 3068 631 3130 Gygam,
651 3068 696 3131 qui
707 3072 819 3132 propter
855 3068 988 3118 obscurum
1003 3068 1101 3131 fallaci
1116 3068 1222 3129 hospites
1238 3068 1325 3116 solutis
1335 3068 1391 3115 cri-

292 3139 379 3188 crines
390 3152 486 3202 passos
498 3143 525 3191 et
542 3154 626 3202 genas
644 3142 765 3191 noudum
782 3143 819 3193 la·
854 3144 939 3205 nibus,
959 3156 1012 3193 non
1025 3156 1087 3192 cum
1099 3142 1167 3193 aliis:
1186 3141 1328 3191 Discrimen
1339 3142 1390 3189 ob-

291 3214 389 3276 ungine
398 3213 528 3265 flaventes
536 3215 580 3264 vix
588 3214 623 3264 ah
635 3214 685 3266 illis
694 3215 818 3280 distingui
854 3216 1389 3281 scummsolatiscrirribus[proptercrines

292 3289 393 3353 posset.
429 3289 511 3338 «Tum
529 3290 700 3351 quantumvis
711 3293 818 3355 perspi·
855 3292 1046 3355 solutosaegre
1059 3292 1197 3342 dumtaxat
1215 3292 1390 3355 perspicien-

292 3374 383 3421 eaces,
407 3362 430 3411 si
450 3362 482 3411 iis
499 3363 675 3425 significasset
691 3366 819 3415 conviva-
855 3365 928 3429 dum)
945 3366 1044 3429 feteret
1066 3367 1179 3427 domitae.
1204 3392 1231 3400 —
1250 3364 1391 3429 unrbiprio-

292 3440 335 3486 tor
358 3449 473 3500 puerum
499 3435 582 3487 latere
608 3439 678 3488 inter
704 3438 816 3502 puellas,
856 3440 911 3505 que]
927 3440 1159 3491 Similiterstatius
1171 3438 1263 3490 Achill.
1280 3440 1304 3501 4,
1325 3440 1388 3489 336.

292 3511 391 3561 mirum
401 3511 429 3560 iu
441 3510 551 3561 modum
564 3512 753 3577 deciperentur
764 3515 819 3563 vix-
855 3514 889 3564 de
911 3514 1010 3565 Achille
1034 3512 1246 3565 adolescentulo:
1269 3512 1392 3576 [uddone

292 3598 345 3649 que
371 3597 434 3634 eum
459 3588 670 3649 agnoscerent.»
699 3616 726 3623 —
752 3589 818 3639 Mire
855 3594 949 3640 tuentes
968 3590 1144 3653 Ambipuus
1165 3590 1282 3651 mamre
1305 3588 1391 3637 latens

291 3659 371 3721 iunge
389 3673 452 3710 cum
468 3675 494 3709 v.
512 3662 620 3724 soleret,
639 3674 691 3712 non
711 3674 773 3713 cum
790 3677 816 3713 v.
855 3665 999 3717 discrimine
1015 3678 1098 3715 secus.
