<?xml version="1.0" encoding="UTF-8"?>
<!DOCTYPE html PUBLIC "-//W3C//DTD XHTML 1.0 Transitional//EN"
    "http://www.w3.org/TR/xhtml1/DTD/xhtml1-transitional.dtd">
<html xmlns="http://www.w3.org/1999/xhtml" xml:lang="en" lang="en">
 <head>
  <title>
</title>
<meta http-equiv="Content-Type" content="text/html;charset=utf-8" />
  <meta name='ocr-system' content='tesseract 3.04.00' />
  <meta name='ocr-capabilities' content='ocr_page ocr_carea ocr_par ocr_line ocrx_word'/>
</head>
<body>
  <div class='ocr_page' id='page_1' title='image "./qhoratiusflaccu04baitgoog/qhoratiusflaccu04baitgoog_0498.png"; bbox 0 0 2934 4884; ppageno 0'>
   <div class='ocr_carea' id='block_1_1' title="bbox 289 369 989 435">
    <p class='ocr_par' dir='ltr' id='par_1_1' title="bbox 289 369 989 435">
     <span class='ocr_line' id='line_1_1' title="bbox 289 369 989 435; baseline 0.006 -17"><span class='ocrx_word' id='word_1_1' title='bbox 289 369 350 435; x_wconf 67' lang='lat'><strong>464</strong></span> <span class='ocrx_word' id='word_1_2' title='bbox 673 369 801 420; x_wconf 79' lang='lat' dir='ltr'><strong>aonam</strong></span> <span class='ocrx_word' id='word_1_3' title='bbox 819 369 989 422; x_wconf 78' lang='lat' dir='ltr'><strong>canmuuu</strong></span> 
     </span>
    </p>
   </div>
   <div class='ocr_carea' id='block_1_2' title="bbox 416 522 1134 970">
    <p class='ocr_par' dir='ltr' id='par_1_2' title="bbox 416 522 1134 970">
     <span class='ocr_line' id='line_1_2' title="bbox 416 522 1074 599; baseline -0.008 -8"><span class='ocrx_word' id='word_1_4' title='bbox 416 527 459 591; x_wconf 87' lang='lat' dir='ltr'><strong>&#39;le</strong></span> <span class='ocrx_word' id='word_1_5' title='bbox 480 523 577 591; x_wconf 91' lang='lat' dir='ltr'><strong>Liber</strong></span> <span class='ocrx_word' id='word_1_6' title='bbox 599 533 645 597; x_wconf 83' lang='lat' dir='ltr'><strong>et,</strong></span> <span class='ocrx_word' id='word_1_7' title='bbox 670 524 697 588; x_wconf 92' lang='lat' dir='ltr'><strong>si</strong></span> <span class='ocrx_word' id='word_1_8' title='bbox 719 522 803 589; x_wconf 89' lang='lat' dir='ltr'><strong>laeta</strong></span> <span class='ocrx_word' id='word_1_9' title='bbox 824 523 943 599; x_wconf 89' lang='lat' dir='ltr'><strong>aderit,</strong></span> <span class='ocrx_word' id='word_1_10' title='bbox 968 525 1074 589; x_wconf 89' lang='lat' dir='ltr'><strong>Venus</strong></span> 
     </span>
     <span class='ocr_line' id='line_1_3' title="bbox 417 642 1053 732; baseline -0.009 -20"><span class='ocrx_word' id='word_1_11' title='bbox 417 647 608 732; x_wconf 83' lang='lat' dir='ltr'><strong>Segnesque</strong></span> <span class='ocrx_word' id='word_1_12' title='bbox 630 643 752 709; x_wconf 91' lang='lat' dir='ltr'><strong>nodum</strong></span> <span class='ocrx_word' id='word_1_13' title='bbox 774 642 902 710; x_wconf 85' lang='lat' dir='ltr'><strong>solvere</strong></span> <span class='ocrx_word' id='word_1_14' title='bbox 925 644 1053 710; x_wconf 81' lang='lat' dir='ltr'><strong>Gratiae</strong></span> 
     </span>
     <span class='ocr_line' id='line_1_4' title="bbox 458 761 1015 852; baseline 0 -24"><span class='ocrx_word' id='word_1_15' title='bbox 458 761 623 852; x_wconf 81' lang='lat' dir='ltr'>vivaeque</span> <span class='ocrx_word' id='word_1_16' title='bbox 645 761 826 850; x_wconf 82' lang='lat' dir='ltr'>producent</span> <span class='ocrx_word' id='word_1_17' title='bbox 846 762 1015 837; x_wconf 85' lang='lat' dir='ltr'><strong>lucernae,</strong></span> 
     </span>
     <span class='ocr_line' id='line_1_5' title="bbox 500 881 1134 970; baseline -0.006 -21"><span class='ocrx_word' id='word_1_18' title='bbox 500 886 584 949; x_wconf 87' lang='lat' dir='ltr'><strong>Dum</strong></span> <span class='ocrx_word' id='word_1_19' title='bbox 607 883 737 949; x_wconf 90' lang='lat' dir='ltr'><strong>rediens</strong></span> <span class='ocrx_word' id='word_1_20' title='bbox 758 882 846 970; x_wconf 80' lang='lat' dir='ltr'><strong>fugat</strong></span> <span class='ocrx_word' id='word_1_21' title='bbox 866 894 952 948; x_wconf 89' lang='lat' dir='ltr'><strong>astra</strong></span> <span class='ocrx_word' id='word_1_22' title='bbox 974 881 1134 948; x_wconf 85' lang='lat' dir='ltr'><strong>Phoebus.</strong></span> 
     </span>
    </p>
   </div>
   <div class='ocr_carea' id='block_1_3' title="bbox 356 1081 524 1144">
    <p class='ocr_par' dir='ltr' id='par_1_3' title="bbox 356 1081 524 1144">
     <span class='ocr_line' id='line_1_6' title="bbox 356 1081 524 1144; baseline -0.036 -11"><span class='ocrx_word' id='word_1_23' title='bbox 356 1081 396 1133; x_wconf 74' lang='lat' dir='ltr'><strong>aa.</strong></span> <span class='ocrx_word' id='word_1_24' title='bbox 415 1081 480 1144; x_wconf 68' lang='lat' dir='ltr'><strong>ppo</strong></span> <span class='ocrx_word' id='word_1_25' title='bbox 497 1081 524 1129; x_wconf 87' lang='lat' dir='ltr'><strong>r.</strong></span> 
     </span>
    </p>
   </div>
   <div class='ocr_carea' id='block_1_4' title="bbox 288 1251 1383 3230">
    <p class='ocr_par' dir='ltr' id='par_1_4' title="bbox 288 1251 1383 3230">
     <span class='ocr_line' id='line_1_7' title="bbox 291 1251 1382 1319; baseline -0.004 -13"><span class='ocrx_word' id='word_1_26' title='bbox 291 1258 406 1314; x_wconf 76' lang='lat' dir='ltr'><strong>duntur,</strong></span> <span class='ocrx_word' id='word_1_27' title='bbox 425 1255 534 1319; x_wconf 82' lang='lat' dir='ltr'><strong>copiosa</strong></span> <span class='ocrx_word' id='word_1_28' title='bbox 551 1251 655 1317; x_wconf 81' lang='lat' dir='ltr'><strong>collegit</strong></span> <span class='ocrx_word' id='word_1_29' title='bbox 665 1253 772 1303; x_wconf 85' lang='lat' dir='ltr'><strong>Lllbkar</strong></span> <span class='ocrx_word' id='word_1_30' title='bbox 785 1264 812 1314; x_wconf 92' lang='lat' dir='ltr'><strong>p.</strong></span> <span class='ocrx_word' id='word_1_31' title='bbox 851 1251 1005 1314; x_wconf 68' lang='lat' dir='ltr'><strong>Exspectare</strong></span> <span class='ocrx_word' id='word_1_32' title='bbox 1026 1251 1126 1316; x_wconf 79' lang='lat' dir='ltr'><strong>dapar.)</strong></span> <span class='ocrx_word' id='word_1_33' title='bbox 1154 1251 1257 1302; x_wconf 76' lang='lat' dir='ltr'><strong>Gratias</strong></span> <span class='ocrx_word' id='word_1_34' title='bbox 1283 1252 1382 1302; x_wconf 85' lang='lat' dir='ltr'><strong>iunctis</strong></span> 
     </span>
     <span class='ocr_line' id='line_1_8' title="bbox 290 1324 1381 1390; baseline -0.006 -9"><span class='ocrx_word' id='word_1_35' title='bbox 290 1330 348 1381; x_wconf 86' lang='lat' dir='ltr'><strong>l88.</strong></span> <span class='ocrx_word' id='word_1_36' title='bbox 372 1327 444 1379; x_wconf 87' lang='lat' dir='ltr'><strong>Plato</strong></span> <span class='ocrx_word' id='word_1_37' title='bbox 466 1327 500 1377; x_wconf 91' lang='lat' dir='ltr'><strong>de</strong></span> <span class='ocrx_word' id='word_1_38' title='bbox 519 1329 597 1390; x_wconf 75' lang='lat' dir='ltr'><strong>lagg.</strong></span> <span class='ocrx_word' id='word_1_39' title='bbox 616 1328 641 1376; x_wconf 88' lang='lat' dir='ltr'><strong>l.</strong></span> <span class='ocrx_word' id='word_1_40' title='bbox 659 1339 685 1390; x_wconf 89' lang='lat' dir='ltr'><strong>p.</strong></span> <span class='ocrx_word' id='word_1_41' title='bbox 705 1325 764 1378; x_wconf 69' lang='lat' dir='ltr'><strong>diti.</strong></span> <span class='ocrx_word' id='word_1_42' title='bbox 782 1327 812 1375; x_wconf 81' lang='grc' dir='ltr'><strong>Α.</strong></span> <span class='ocrx_word' id='word_1_43' title='bbox 851 1324 976 1376; x_wconf 85' lang='lat' dir='ltr'><strong>manibus</strong></span> <span class='ocrx_word' id='word_1_44' title='bbox 1005 1324 1162 1375; x_wconf 70' lang='lat' dir='ltr'>incedentes</span> <span class='ocrx_word' id='word_1_45' title='bbox 1186 1325 1248 1374; x_wconf 86' lang='lat' dir='ltr'><strong>vida</strong></span> <span class='ocrx_word' id='word_1_46' title='bbox 1276 1327 1305 1375; x_wconf 92' lang='lat' dir='ltr'><strong>in</strong></span> <span class='ocrx_word' id='word_1_47' title='bbox 1332 1329 1381 1375; x_wconf 79' lang='lat' dir='ltr'><strong>Ara</strong></span> 
     </span>
     <span class='ocr_line' id='line_1_9' title="bbox 291 1398 1383 1463; baseline -0.005 -10"><span class='ocrx_word' id='word_1_48' title='bbox 291 1403 365 1454; x_wconf 82' lang='lat' dir='ltr'><strong>Ouid.</strong></span> <span class='ocrx_word' id='word_1_49' title='bbox 384 1405 414 1453; x_wconf 81' lang='grc' dir='ltr'><strong>Α.</strong></span> <span class='ocrx_word' id='word_1_50' title='bbox 432 1403 463 1453; x_wconf 80' lang='grc' dir='ltr'><strong>Α.</strong></span> <span class='ocrx_word' id='word_1_51' title='bbox 488 1404 518 1462; x_wconf 92' lang='lat' dir='ltr'><strong>l,</strong></span> <span class='ocrx_word' id='word_1_52' title='bbox 537 1401 602 1451; x_wconf 77' lang='lat'><strong>237:</strong></span> <span class='ocrx_word' id='word_1_53' title='bbox 635 1402 699 1452; x_wconf 78' lang='lat' dir='ltr'><strong>Viuo</strong></span> <span class='ocrx_word' id='word_1_54' title='bbox 715 1404 815 1463; x_wconf 76' lang='lat' dir='ltr'><strong>poroat</strong></span> <span class='ocrx_word' id='word_1_55' title='bbox 851 1399 1030 1462; x_wconf 74' lang='lat' dir='ltr'><strong>Borghesiana</strong></span> <span class='ocrx_word' id='word_1_56' title='bbox 1038 1399 1156 1448; x_wconf 67' lang='lat' dir='ltr'><strong>Visoonti</strong></span> <span class='ocrx_word' id='word_1_57' title='bbox 1164 1399 1278 1448; x_wconf 68' lang='lat' dir='ltr'><strong>nomm.</strong></span> <span class='ocrx_word' id='word_1_58' title='bbox 1289 1398 1383 1449; x_wconf 78' lang='lat' dir='ltr'><strong>Gotiat</strong></span> 
     </span>
     <span class='ocr_line' id='line_1_10' title="bbox 290 1471 1380 1540; baseline -0.006 -13"><span class='ocrx_word' id='word_1_59' title='bbox 290 1478 388 1527; x_wconf 76' lang='lat' dir='ltr'><strong>naiores</strong></span> <span class='ocrx_word' id='word_1_60' title='bbox 410 1477 556 1540; x_wconf 72' lang='lat' dir='ltr'><strong>sociumque</strong></span> <span class='ocrx_word' id='word_1_61' title='bbox 577 1474 703 1524; x_wconf 78' lang='lat' dir='ltr'><strong>color-idua</strong></span> <span class='ocrx_word' id='word_1_62' title='bbox 724 1479 814 1536; x_wconf 83' lang='lat' dir='ltr'><strong>optoa:</strong></span> <span class='ocrx_word' id='word_1_63' title='bbox 851 1474 914 1537; x_wconf 72' lang='lat' dir='ltr'><strong>App.</strong></span> <span class='ocrx_word' id='word_1_64' title='bbox 928 1487 955 1523; x_wconf 88' lang='lat' dir='ltr'><strong>o.</strong></span> <span class='ocrx_word' id='word_1_65' title='bbox 968 1473 991 1522; x_wconf 82' lang='lat' dir='ltr'><strong>b.</strong></span> <span class='ocrx_word' id='word_1_66' title='bbox 1004 1486 1027 1522; x_wconf 86' lang='lat' dir='ltr'><strong>o.</strong></span> <span class='ocrx_word' id='word_1_67' title='bbox 1046 1471 1140 1523; x_wconf 81' lang='lat' dir='ltr'><strong>litlllar</strong></span> <span class='ocrx_word' id='word_1_68' title='bbox 1150 1473 1255 1522; x_wconf 71' lang='lat' dir='ltr'><strong>Dentre.</strong></span> <span class='ocrx_word' id='word_1_69' title='bbox 1270 1474 1301 1522; x_wconf 79' lang='grc' dir='ltr'><strong>Τ.</strong></span> <span class='ocrx_word' id='word_1_70' title='bbox 1316 1473 1380 1523; x_wconf 74' lang='lat' dir='ltr'><strong>xlii</strong></span> 
     </span>
     <span class='ocr_line' id='line_1_11' title="bbox 290 1545 1383 1614; baseline -0.005 -14"><span class='ocrx_word' id='word_1_71' title='bbox 290 1551 360 1600; x_wconf 73' lang='lat' dir='ltr'><strong>oen</strong></span> <span class='ocrx_word' id='word_1_72' title='bbox 382 1549 448 1614; x_wconf 60' lang='lat' dir='ltr'><strong>penit</strong></span> <span class='ocrx_word' id='word_1_73' title='bbox 468 1549 546 1599; x_wconf 73' lang='lat' dir='ltr'><strong>metito</strong></span> <span class='ocrx_word' id='word_1_74' title='bbox 566 1549 720 1608; x_wconf 70' lang='lat' dir='ltr'><strong>diluiturque</strong></span> <span class='ocrx_word' id='word_1_75' title='bbox 735 1560 813 1596; x_wconf 82' lang='lat' dir='ltr'><strong>maro.</strong></span> <span class='ocrx_word' id='word_1_76' title='bbox 852 1546 893 1598; x_wconf 78' lang='lat' dir='ltr'><strong>ta.</strong></span> <span class='ocrx_word' id='word_1_77' title='bbox 914 1573 942 1584; x_wconf 94' lang='lat'>-</span> <span class='ocrx_word' id='word_1_78' title='bbox 961 1545 1080 1610; x_wconf 79' lang='lat' dir='ltr'><strong>Gratiae]</strong></span> <span class='ocrx_word' id='word_1_79' title='bbox 1098 1547 1155 1597; x_wconf 84' lang='lat' dir='ltr'><strong>alne</strong></span> <span class='ocrx_word' id='word_1_80' title='bbox 1173 1547 1305 1608; x_wconf 79' lang='lat' dir='ltr'><strong>imagine:</strong></span> <span class='ocrx_word' id='word_1_81' title='bbox 1331 1547 1383 1594; x_wconf 77' lang='lat' dir='ltr'><strong>«iu-</strong></span> 
     </span>
     <span class='ocr_line' id='line_1_12' title="bbox 292 1619 1382 1684; baseline -0.003 -12"><span class='ocrx_word' id='word_1_82' title='bbox 292 1623 358 1672; x_wconf 80' lang='lat' dir='ltr'><strong>Tuoc</strong></span> <span class='ocrx_word' id='word_1_83' title='bbox 381 1625 484 1674; x_wconf 73' lang='lat' dir='ltr'><strong>vailant</strong></span> <span class='ocrx_word' id='word_1_84' title='bbox 507 1623 589 1671; x_wconf 64' lang='lat' dir='ltr'><strong>meua:</strong></span> <span class='ocrx_word' id='word_1_85' title='bbox 627 1627 686 1671; x_wconf 77' lang='lat' dir='ltr'><strong>tamo</strong></span> <span class='ocrx_word' id='word_1_86' title='bbox 714 1633 816 1684; x_wconf 77' lang='lat' dir='ltr'><strong>pauper</strong></span> <span class='ocrx_word' id='word_1_87' title='bbox 852 1621 932 1672; x_wconf 84' lang='lat' dir='ltr'><strong>eundi</strong></span> <span class='ocrx_word' id='word_1_88' title='bbox 949 1635 981 1672; x_wconf 88' lang='lat' dir='ltr'><strong>ao</strong></span> <span class='ocrx_word' id='word_1_89' title='bbox 999 1619 1079 1684; x_wconf 89' lang='lat' dir='ltr'><strong>lapidi</strong></span> <span class='ocrx_word' id='word_1_90' title='bbox 1096 1633 1235 1671; x_wconf 87' lang='lat' dir='ltr'><strong>sermones</strong></span> <span class='ocrx_word' id='word_1_91' title='bbox 1254 1634 1270 1669; x_wconf 82' lang='lat' dir='ltr'><strong>a</strong></span> <span class='ocrx_word' id='word_1_92' title='bbox 1287 1622 1382 1684; x_wconf 71' lang='lat' dir='ltr'><strong>quatis</strong></span> 
     </span>
     <span class='ocr_line' id='line_1_13' title="bbox 290 1693 1383 1752; baseline -0.003 -5"><span class='ocrx_word' id='word_1_93' title='bbox 290 1711 387 1747; x_wconf 72' lang='lat' dir='ltr'><strong>corono</strong></span> <span class='ocrx_word' id='word_1_94' title='bbox 403 1699 497 1746; x_wconf 69' lang='lat' dir='ltr'><strong>eumd:</strong></span> <span class='ocrx_word' id='word_1_95' title='bbox 527 1697 594 1745; x_wconf 76' lang='lat' dir='ltr'><strong>limo</strong></span> <span class='ocrx_word' id='word_1_96' title='bbox 610 1696 681 1745; x_wconf 86' lang='lat' dir='ltr'><strong>dolor</strong></span> <span class='ocrx_word' id='word_1_97' title='bbox 698 1700 721 1745; x_wconf 85' lang='lat' dir='ltr'><strong>et</strong></span> <span class='ocrx_word' id='word_1_98' title='bbox 737 1707 815 1744; x_wconf 72' lang='lat' dir='ltr'><strong>eorm</strong></span> <span class='ocrx_word' id='word_1_99' title='bbox 853 1695 1024 1746; x_wconf 89' lang='lat' dir='ltr'><strong>altercatione</strong></span> <span class='ocrx_word' id='word_1_100' title='bbox 1037 1695 1146 1752; x_wconf 89' lang='lat' dir='ltr'><strong>remoti,</strong></span> <span class='ocrx_word' id='word_1_101' title='bbox 1165 1696 1194 1744; x_wconf 91' lang='lat' dir='ltr'><strong>ut</strong></span> <span class='ocrx_word' id='word_1_102' title='bbox 1206 1693 1287 1745; x_wconf 81' lang='lat' dir='ltr'><strong>decet</strong></span> <span class='ocrx_word' id='word_1_103' title='bbox 1298 1695 1383 1744; x_wconf 87' lang='lat' dir='ltr'><strong>homi·</strong></span> 
     </span>
     <span class='ocr_line' id='line_1_14' title="bbox 290 1767 1381 1834; baseline -0.003 -13"><span class='ocrx_word' id='word_1_104' title='bbox 290 1784 406 1834; x_wconf 72' lang='lat' dir='ltr'><strong>mepoque</strong></span> <span class='ocrx_word' id='word_1_105' title='bbox 428 1771 519 1833; x_wconf 66' lang='lat' dir='ltr'><strong>frontis</strong></span> <span class='ocrx_word' id='word_1_106' title='bbox 542 1769 602 1819; x_wconf 83' lang='lat' dir='ltr'><strong>abit.</strong></span> <span class='ocrx_word' id='word_1_107' title='bbox 643 1769 709 1818; x_wconf 74' lang='lat' dir='ltr'><strong>lieno</strong></span> <span class='ocrx_word' id='word_1_108' title='bbox 734 1769 817 1830; x_wconf 77' lang='lat' dir='ltr'><strong>operit</strong></span> <span class='ocrx_word' id='word_1_109' title='bbox 854 1771 986 1820; x_wconf 83' lang='lat' dir='ltr'><strong>neaomni</strong></span> <span class='ocrx_word' id='word_1_110' title='bbox 1003 1770 1056 1818; x_wconf 88' lang='lat' dir='ltr'><strong>vita</strong></span> <span class='ocrx_word' id='word_1_111' title='bbox 1073 1771 1154 1832; x_wconf 85' lang='lat' dir='ltr'><strong>atqua</strong></span> <span class='ocrx_word' id='word_1_112' title='bbox 1170 1769 1244 1818; x_wconf 74' lang='lat' dir='ltr'><strong>tie-tu</strong></span> <span class='ocrx_word' id='word_1_113' title='bbox 1261 1767 1381 1818; x_wconf 80' lang='lat' dir='ltr'><strong>excultos</strong></span> 
     </span>
     <span class='ocr_line' id='line_1_15' title="bbox 290 1841 1110 1906; baseline -0.01 -11"><span class='ocrx_word' id='word_1_114' title='bbox 290 1850 383 1895; x_wconf 79' lang='lat' dir='ltr'><strong>maniat</strong></span> <span class='ocrx_word' id='word_1_115' title='bbox 406 1843 623 1893; x_wconf 67' lang='lat' dir='ltr'><strong>moralitatem</strong></span> <span class='ocrx_word' id='word_1_116' title='bbox 642 1846 727 1892; x_wconf 78' lang='lat' dir='ltr'><strong>nostro</strong></span> <span class='ocrx_word' id='word_1_117' title='bbox 748 1842 816 1891; x_wconf 83' lang='lat' dir='ltr'><strong>Sim-</strong></span> <span class='ocrx_word' id='word_1_118' title='bbox 852 1847 933 1906; x_wconf 78' lang='lat' dir='ltr'><strong>atque</strong></span> <span class='ocrx_word' id='word_1_119' title='bbox 954 1841 1110 1906; x_wconf 72' lang='lat' dir='ltr'><strong>expolitos.»</strong></span> 
     </span>
     <span class='ocr_line' id='line_1_16' title="bbox 288 1915 1380 1981; baseline -0.003 -14"><span class='ocrx_word' id='word_1_120' title='bbox 288 1919 403 1981; x_wconf 73' lang='lat' dir='ltr'><strong>pliciter,</strong></span> <span class='ocrx_word' id='word_1_121' title='bbox 421 1923 489 1966; x_wconf 81' lang='lat' dir='ltr'><strong>ortes</strong></span> <span class='ocrx_word' id='word_1_122' title='bbox 504 1917 643 1966; x_wconf 69' lang='lat' dir='ltr'><strong>annutante</strong></span> <span class='ocrx_word' id='word_1_123' title='bbox 659 1916 711 1964; x_wconf 81' lang='lat' dir='ltr'><strong>deo.</strong></span> <span class='ocrx_word' id='word_1_124' title='bbox 885 1917 927 1967; x_wconf 75' lang='lat'><strong>23.</strong></span> <span class='ocrx_word' id='word_1_125' title='bbox 955 1917 1044 1981; x_wconf 68' lang='lat' dir='ltr'><strong>Vwoe]</strong></span> <span class='ocrx_word' id='word_1_126' title='bbox 1072 1915 1246 1976; x_wconf 79' lang='lat' dir='ltr'><strong>«ardentes»,</strong></span> <span class='ocrx_word' id='word_1_127' title='bbox 1278 1920 1309 1967; x_wconf 91' lang='lat' dir='ltr'><strong>ut</strong></span> <span class='ocrx_word' id='word_1_128' title='bbox 1331 1916 1380 1966; x_wconf 90' lang='lat' dir='ltr'><strong>alio</strong></span> 
     </span>
     <span class='ocr_line' id='line_1_17' title="bbox 324 1988 1381 2054; baseline -0.002 -13"><span class='ocrx_word' id='word_1_129' title='bbox 324 1993 365 2041; x_wconf 70' lang='lat' dir='ltr'><strong>al.</strong></span> <span class='ocrx_word' id='word_1_130' title='bbox 385 1992 426 2042; x_wconf 75' lang='lat'><strong>22.</strong></span> <span class='ocrx_word' id='word_1_131' title='bbox 444 1991 564 2054; x_wconf 76' lang='lat' dir='ltr'><strong>alleato]</strong></span> <span class='ocrx_word' id='word_1_132' title='bbox 583 1993 663 2052; x_wconf 84' lang='lat' dir='ltr'><strong>atque</strong></span> <span class='ocrx_word' id='word_1_133' title='bbox 680 1988 817 2051; x_wconf 89' lang='lat' dir='ltr'><strong>idaopro·</strong></span> <span class='ocrx_word' id='word_1_134' title='bbox 852 1993 930 2054; x_wconf 88' lang='lat' dir='ltr'><strong>tropo</strong></span> <span class='ocrx_word' id='word_1_135' title='bbox 947 1990 996 2042; x_wconf 83' lang='lat' dir='ltr'><strong>od.</strong></span> <span class='ocrx_word' id='word_1_136' title='bbox 1009 1991 1038 2051; x_wconf 85' lang='grc'><strong>3,</strong></span> <span class='ocrx_word' id='word_1_137' title='bbox 1051 1991 1082 2051; x_wconf 84' lang='grc'><strong>8,</strong></span> <span class='ocrx_word' id='word_1_138' title='bbox 1095 1989 1135 2041; x_wconf 83' lang='lat' dir='ltr'><strong>ll.</strong></span> <span class='ocrx_word' id='word_1_139' title='bbox 1161 1991 1250 2054; x_wconf 74' lang='lat' dir='ltr'><strong>oiptlas</strong></span> <span class='ocrx_word' id='word_1_140' title='bbox 1266 1991 1381 2040; x_wconf 72' lang='lat' dir='ltr'><strong>lucemus</strong></span> 
     </span>
     <span class='ocr_line' id='line_1_18' title="bbox 291 2062 1378 2132; baseline -0.003 -17"><span class='ocrx_word' id='word_1_141' title='bbox 291 2066 364 2132; x_wconf 86' lang='lat' dir='ltr'><strong>pitia.</strong></span> <span class='ocrx_word' id='word_1_142' title='bbox 385 2091 413 2102; x_wconf 93' lang='lat'>-</span> <span class='ocrx_word' id='word_1_143' title='bbox 436 2064 521 2129; x_wconf 77' lang='lat' dir='ltr'><strong>Venus]</strong></span> <span class='ocrx_word' id='word_1_144' title='bbox 540 2062 646 2114; x_wconf 86' lang='lat' dir='ltr'><strong>Talibus</strong></span> <span class='ocrx_word' id='word_1_145' title='bbox 664 2063 737 2113; x_wconf 90' lang='lat' dir='ltr'><strong>enim</strong></span> <span class='ocrx_word' id='word_1_146' title='bbox 754 2075 817 2111; x_wconf 88' lang='lat' dir='ltr'><strong>con·</strong></span> <span class='ocrx_word' id='word_1_147' title='bbox 853 2065 925 2114; x_wconf 76' lang='lat' dir='ltr'><strong>dixit.</strong></span> <span class='ocrx_word' id='word_1_148' title='bbox 950 2091 979 2100; x_wconf 91' lang='lat'>-</span> <span class='ocrx_word' id='word_1_149' title='bbox 1006 2064 1248 2127; x_wconf 78' lang='lat' dir='ltr'><strong>Te--prodaoeotl</strong></span> <span class='ocrx_word' id='word_1_150' title='bbox 1271 2065 1378 2127; x_wconf 84' lang='lat' dir='ltr'><strong>proprie</strong></span> 
     </span>
     <span class='ocr_line' id='line_1_19' title="bbox 291 2134 1378 2200; baseline -0.004 -10"><span class='ocrx_word' id='word_1_151' title='bbox 291 2139 367 2190; x_wconf 84' lang='lat' dir='ltr'><strong>viviis</strong></span> <span class='ocrx_word' id='word_1_152' title='bbox 393 2140 463 2189; x_wconf 88' lang='lat' dir='ltr'><strong>inter</strong></span> <span class='ocrx_word' id='word_1_153' title='bbox 488 2139 590 2188; x_wconf 86' lang='lat' dir='ltr'><strong>amieos</strong></span> <span class='ocrx_word' id='word_1_154' title='bbox 616 2138 721 2186; x_wconf 87' lang='lat' dir='ltr'><strong>intimos</strong></span> <span class='ocrx_word' id='word_1_155' title='bbox 744 2134 818 2186; x_wconf 85' lang='lat' dir='ltr'><strong>oela-</strong></span> <span class='ocrx_word' id='word_1_156' title='bbox 854 2138 1020 2196; x_wconf 83' lang='lat' dir='ltr'><strong>convivium,</strong></span> <span class='ocrx_word' id='word_1_157' title='bbox 1040 2137 1099 2187; x_wconf 76' lang='lat' dir='ltr'><strong>«cul</strong></span> <span class='ocrx_word' id='word_1_158' title='bbox 1115 2139 1157 2197; x_wconf 89' lang='lat' dir='ltr'><strong>tu,</strong></span> <span class='ocrx_word' id='word_1_159' title='bbox 1175 2137 1321 2200; x_wconf 80' lang='lat' dir='ltr'><strong>amphora,</strong></span> <span class='ocrx_word' id='word_1_160' title='bbox 1339 2139 1378 2186; x_wconf 78' lang='lat' dir='ltr'><strong>vi-</strong></span> 
     </span>
     <span class='ocr_line' id='line_1_20' title="bbox 291 2210 1378 2270; baseline -0.004 -6"><span class='ocrx_word' id='word_1_161' title='bbox 291 2213 375 2264; x_wconf 90' lang='lat' dir='ltr'><strong>bratis</strong></span> <span class='ocrx_word' id='word_1_162' title='bbox 391 2211 480 2263; x_wconf 78' lang='lat' dir='ltr'><strong>faciles</strong></span> <span class='ocrx_word' id='word_1_163' title='bbox 492 2213 593 2262; x_wconf 87' lang='lat' dir='ltr'><strong>amicae</strong></span> <span class='ocrx_word' id='word_1_164' title='bbox 611 2210 816 2267; x_wconf 79' lang='lat' dir='ltr'><strong>adhibebantur,</strong></span> <span class='ocrx_word' id='word_1_165' title='bbox 855 2225 919 2262; x_wconf 91' lang='lat' dir='ltr'><strong>num</strong></span> <span class='ocrx_word' id='word_1_166' title='bbox 930 2213 1091 2262; x_wconf 76' lang='lat' dir='ltr'><strong>ministras·</strong></span> <span class='ocrx_word' id='word_1_167' title='bbox 1110 2212 1164 2260; x_wconf 81' lang='lat' dir='ltr'><strong>Sat.</strong></span> <span class='ocrx_word' id='word_1_168' title='bbox 1177 2211 1202 2270; x_wconf 85' lang='lat' dir='ltr'><strong>l,</strong></span> <span class='ocrx_word' id='word_1_169' title='bbox 1215 2213 1241 2270; x_wconf 81' lang='lat' dir='ltr'><strong>o,</strong></span> <span class='ocrx_word' id='word_1_170' title='bbox 1255 2213 1306 2261; x_wconf 76' lang='lat'><strong>¹1⁰:</strong></span> <span class='ocrx_word' id='word_1_171' title='bbox 1323 2225 1378 2260; x_wconf 85' lang='lat' dir='ltr'><strong>eoe-</strong></span> 
     </span>
     <span class='ocr_line' id='line_1_21' title="bbox 291 2283 1377 2349; baseline -0.004 -12"><span class='ocrx_word' id='word_1_172' title='bbox 291 2289 321 2336; x_wconf 89' lang='lat' dir='ltr'><strong>ut</strong></span> <span class='ocrx_word' id='word_1_173' title='bbox 346 2289 388 2337; x_wconf 84' lang='lat' dir='ltr'><strong>est</strong></span> <span class='ocrx_word' id='word_1_174' title='bbox 411 2285 550 2349; x_wconf 79' lang='lat' dir='ltr'><strong>aliquoties</strong></span> <span class='ocrx_word' id='word_1_175' title='bbox 575 2283 645 2349; x_wconf 92' lang='lat' dir='ltr'><strong>apud</strong></span> <span class='ocrx_word' id='word_1_176' title='bbox 669 2283 815 2334; x_wconf 76' lang='lat' dir='ltr'><strong>Horatium.</strong></span> <span class='ocrx_word' id='word_1_177' title='bbox 854 2299 915 2335; x_wconf 77' lang='lat' dir='ltr'><strong>nom</strong></span> <span class='ocrx_word' id='word_1_178' title='bbox 930 2285 1100 2348; x_wconf 67' lang='lat' dir='ltr'><strong>producimur</strong></span> <span class='ocrx_word' id='word_1_179' title='bbox 1117 2285 1203 2344; x_wconf 65' lang='lat' dir='ltr'><strong>worn,</strong></span> <span class='ocrx_word' id='word_1_180' title='bbox 1221 2285 1266 2334; x_wconf 89' lang='lat' dir='ltr'><strong>hic</strong></span> <span class='ocrx_word' id='word_1_181' title='bbox 1283 2287 1377 2342; x_wconf 69' lang='lat' dir='ltr'><strong>eiam,</strong></span> 
     </span>
     <span class='ocr_line' id='line_1_22' title="bbox 294 2357 1377 2424; baseline -0.003 -15"><span class='ocrx_word' id='word_1_182' title='bbox 294 2385 322 2396; x_wconf 92' lang='lat'>-</span> <span class='ocrx_word' id='word_1_183' title='bbox 340 2359 479 2424; x_wconf 70' lang='lat' dir='ltr'><strong>&amp;patarum</strong></span> <span class='ocrx_word' id='word_1_184' title='bbox 495 2361 588 2409; x_wconf 78' lang='lat' dir='ltr'><strong>nodum</strong></span> <span class='ocrx_word' id='word_1_185' title='bbox 604 2357 709 2420; x_wconf 79' lang='lat' dir='ltr'><strong>solvere]</strong></span> <span class='ocrx_word' id='word_1_186' title='bbox 732 2367 818 2404; x_wconf 80' lang='lat' dir='ltr'><strong>«nnn-</strong></span> <span class='ocrx_word' id='word_1_187' title='bbox 855 2361 930 2410; x_wconf 77' lang='lat' dir='ltr'><strong>cunas</strong></span> <span class='ocrx_word' id='word_1_188' title='bbox 946 2372 998 2423; x_wconf 85' lang='lat' dir='ltr'><strong>ope</strong></span> <span class='ocrx_word' id='word_1_189' title='bbox 1016 2358 1080 2407; x_wconf 91' lang='lat' dir='ltr'><strong>illud</strong></span> <span class='ocrx_word' id='word_1_190' title='bbox 1096 2359 1213 2408; x_wconf 80' lang='lat' dir='ltr'><strong>maxime</strong></span> <span class='ocrx_word' id='word_1_191' title='bbox 1233 2359 1377 2422; x_wconf 79' lang='lat' dir='ltr'><strong>perficitur.</strong></span> 
     </span>
     <span class='ocr_line' id='line_1_23' title="bbox 292 2425 1376 2496; baseline 0.001 -15"><span class='ocrx_word' id='word_1_192' title='bbox 292 2445 375 2496; x_wconf 89' lang='lat' dir='ltr'><strong>quam</strong></span> <span class='ocrx_word' id='word_1_193' title='bbox 392 2431 552 2484; x_wconf 82' lang='lat' dir='ltr'><strong>solventes.»</strong></span> <span class='ocrx_word' id='word_1_194' title='bbox 597 2431 686 2494; x_wconf 88' lang='lat' dir='ltr'><strong>Eurip.</strong></span> <span class='ocrx_word' id='word_1_195' title='bbox 712 2425 815 2493; x_wconf 85' lang='lat' dir='ltr'><strong>Hippol-</strong></span> <span class='ocrx_word' id='word_1_196' title='bbox 854 2436 910 2484; x_wconf 93' lang='lat' dir='ltr'><strong>lam</strong></span> <span class='ocrx_word' id='word_1_197' title='bbox 943 2445 1007 2482; x_wconf 83' lang='lat' dir='ltr'><strong>uero</strong></span> <span class='ocrx_word' id='word_1_198' title='bbox 1038 2433 1222 2483; x_wconf 82' lang='lat' dir='ltr'><strong>conviviorum</strong></span> <span class='ocrx_word' id='word_1_199' title='bbox 1252 2433 1376 2492; x_wconf 87' lang='lat' dir='ltr'><strong>numina,</strong></span> 
     </span>
     <span class='ocr_line' id='line_1_24' title="bbox 293 2501 1377 2574; baseline 0 -19"><span class='ocrx_word' id='word_1_200' title='bbox 293 2506 371 2557; x_wconf 82' lang='lat' dir='ltr'><strong>llll:</strong></span> <span class='ocrx_word' id='word_1_201' title='bbox 397 2507 527 2572; x_wconf 79' lang='grc' dir='ltr'><strong><em>συζυγίαι</em></strong></span> <span class='ocrx_word' id='word_1_202' title='bbox 551 2501 683 2574; x_wconf 75' lang='grc' dir='ltr'><strong><em>Χάριτες.</em></strong></span> <span class='ocrx_word' id='word_1_203' title='bbox 714 2505 816 2552; x_wconf 86' lang='lat' dir='ltr'><strong>Seneca</strong></span> <span class='ocrx_word' id='word_1_204' title='bbox 854 2505 946 2564; x_wconf 83' lang='lat' dir='ltr'><strong>Liber,</strong></span> <span class='ocrx_word' id='word_1_205' title='bbox 972 2506 1076 2566; x_wconf 85' lang='lat' dir='ltr'><strong>Venus,</strong></span> <span class='ocrx_word' id='word_1_206' title='bbox 1102 2507 1225 2566; x_wconf 82' lang='lat' dir='ltr'><strong>Gratiae,</strong></span> <span class='ocrx_word' id='word_1_207' title='bbox 1247 2507 1301 2556; x_wconf 85' lang='lat' dir='ltr'><strong>hoo</strong></span> <span class='ocrx_word' id='word_1_208' title='bbox 1316 2519 1377 2556; x_wconf 87' lang='lat' dir='ltr'><strong>oum</strong></span> 
     </span>
     <span class='ocr_line' id='line_1_25' title="bbox 293 2577 1378 2644; baseline 0 -16"><span class='ocrx_word' id='word_1_209' title='bbox 293 2579 327 2629; x_wconf 90' lang='lat' dir='ltr'><strong>da</strong></span> <span class='ocrx_word' id='word_1_210' title='bbox 352 2579 468 2630; x_wconf 82' lang='lat' dir='ltr'><strong>Benafio.</strong></span> <span class='ocrx_word' id='word_1_211' title='bbox 497 2580 526 2639; x_wconf 80' lang='lat' dir='ltr'><strong>l,</strong></span> <span class='ocrx_word' id='word_1_212' title='bbox 554 2579 584 2628; x_wconf 82' lang='lat'><strong>3:</strong></span> <span class='ocrx_word' id='word_1_213' title='bbox 622 2580 690 2628; x_wconf 80' lang='lat' dir='ltr'><strong>Nom</strong></span> <span class='ocrx_word' id='word_1_214' title='bbox 715 2577 816 2636; x_wconf 60' lang='lat' dir='ltr'><strong>dionem</strong></span> <span class='ocrx_word' id='word_1_215' title='bbox 854 2577 965 2630; x_wconf 80' lang='lat' dir='ltr'><strong>Messala</strong></span> <span class='ocrx_word' id='word_1_216' title='bbox 998 2577 1190 2630; x_wconf 86' lang='lat' dir='ltr'><strong>celebrandum</strong></span> <span class='ocrx_word' id='word_1_217' title='bbox 1220 2579 1378 2644; x_wconf 77' lang='lat' dir='ltr'><strong>protendant</strong></span> 
     </span>
     <span class='ocr_line' id='line_1_26' title="bbox 293 2651 1377 2717; baseline 0.003 -17"><span class='ocrx_word' id='word_1_218' title='bbox 293 2665 373 2714; x_wconf 80' lang='lat' dir='ltr'><strong>quare</strong></span> <span class='ocrx_word' id='word_1_219' title='bbox 388 2656 438 2701; x_wconf 83' lang='lat' dir='ltr'><strong>tres</strong></span> <span class='ocrx_word' id='word_1_220' title='bbox 455 2652 561 2702; x_wconf 82' lang='lat' dir='ltr'><strong>Gratiae</strong></span> <span class='ocrx_word' id='word_1_221' title='bbox 576 2655 600 2700; x_wconf 84' lang='lat' dir='ltr'><strong>et</strong></span> <span class='ocrx_word' id='word_1_222' title='bbox 617 2663 696 2712; x_wconf 76' lang='lat' dir='ltr'><strong>poure</strong></span> <span class='ocrx_word' id='word_1_223' title='bbox 720 2662 818 2698; x_wconf 80' lang='lat' dir='ltr'><strong>sorores</strong></span> <span class='ocrx_word' id='word_1_224' title='bbox 854 2666 939 2716; x_wconf 86' lang='lat' dir='ltr'><strong>usque</strong></span> <span class='ocrx_word' id='word_1_225' title='bbox 961 2651 997 2702; x_wconf 91' lang='lat' dir='ltr'><strong>ad</strong></span> <span class='ocrx_word' id='word_1_226' title='bbox 1018 2653 1134 2717; x_wconf 88' lang='lat' dir='ltr'><strong>primam</strong></span> <span class='ocrx_word' id='word_1_227' title='bbox 1154 2652 1244 2703; x_wconf 87' lang='lat' dir='ltr'><strong>lucem</strong></span> <span class='ocrx_word' id='word_1_228' title='bbox 1262 2667 1312 2703; x_wconf 85' lang='lat' dir='ltr'><strong>nec</strong></span> <span class='ocrx_word' id='word_1_229' title='bbox 1327 2665 1377 2702; x_wconf 88' lang='lat' dir='ltr'><strong>un-</strong></span> 
     </span>
     <span class='ocr_line' id='line_1_27' title="bbox 292 2722 1375 2789; baseline 0 -15"><span class='ocrx_word' id='word_1_230' title='bbox 292 2727 341 2774; x_wconf 78' lang='lat' dir='ltr'><strong>rint</strong></span> <span class='ocrx_word' id='word_1_231' title='bbox 352 2729 375 2774; x_wconf 81' lang='lat' dir='ltr'><strong>et</strong></span> <span class='ocrx_word' id='word_1_232' title='bbox 388 2737 469 2786; x_wconf 80' lang='lat' dir='ltr'><strong>quare</strong></span> <span class='ocrx_word' id='word_1_233' title='bbox 484 2724 600 2774; x_wconf 71' lang='lat' dir='ltr'><strong>monitare</strong></span> <span class='ocrx_word' id='word_1_234' title='bbox 615 2723 731 2785; x_wconf 70' lang='lat' dir='ltr'><strong>impleris</strong></span> <span class='ocrx_word' id='word_1_235' title='bbox 740 2722 754 2770; x_wconf 77' lang='lat' dir='ltr'><strong>l</strong></span> <span class='ocrx_word' id='word_1_236' title='bbox 763 2747 776 2758; x_wconf 94' lang='lat'>-</span> <span class='ocrx_word' id='word_1_237' title='bbox 784 2747 797 2758; x_wconf 93' lang='lat'><strong>·</strong></span> <span class='ocrx_word' id='word_1_238' title='bbox 806 2747 819 2758; x_wconf 94' lang='lat'>·</span> <span class='ocrx_word' id='word_1_239' title='bbox 854 2739 936 2789; x_wconf 92' lang='lat' dir='ltr'><strong>quam</strong></span> <span class='ocrx_word' id='word_1_240' title='bbox 948 2727 1149 2789; x_wconf 75' lang='lat' dir='ltr'><strong>exstinguantur</strong></span> <span class='ocrx_word' id='word_1_241' title='bbox 1160 2726 1297 2787; x_wconf 77' lang='lat' dir='ltr'><strong>lucernae,</strong></span> <span class='ocrx_word' id='word_1_242' title='bbox 1309 2739 1375 2789; x_wconf 80' lang='lat' dir='ltr'><strong>quae</strong></span> 
     </span>
     <span class='ocr_line' id='line_1_28' title="bbox 293 2797 1376 2864; baseline 0 -16"><span class='ocrx_word' id='word_1_243' title='bbox 293 2800 359 2862; x_wconf 75' lang='lat' dir='ltr'><strong>Quid</strong></span> <span class='ocrx_word' id='word_1_244' title='bbox 373 2799 415 2848; x_wconf 83' lang='lat' dir='ltr'><strong>ille</strong></span> <span class='ocrx_word' id='word_1_245' title='bbox 433 2799 552 2848; x_wconf 75' lang='lat' dir='ltr'><strong>consertis</strong></span> <span class='ocrx_word' id='word_1_246' title='bbox 570 2797 685 2846; x_wconf 75' lang='lat' dir='ltr'><strong>monitus</strong></span> <span class='ocrx_word' id='word_1_247' title='bbox 701 2797 728 2845; x_wconf 81' lang='lat' dir='ltr'><strong>tn</strong></span> <span class='ocrx_word' id='word_1_248' title='bbox 739 2808 818 2845; x_wconf 81' lang='lat' dir='ltr'><strong>aare·</strong></span> <span class='ocrx_word' id='word_1_249' title='bbox 853 2800 927 2863; x_wconf 84' lang='lat' dir='ltr'><strong>ipsae</strong></span> <span class='ocrx_word' id='word_1_250' title='bbox 945 2799 1093 2850; x_wconf 90' lang='lat' dir='ltr'><strong>admodum</strong></span> <span class='ocrx_word' id='word_1_251' title='bbox 1105 2801 1210 2864; x_wconf 77' lang='lat' dir='ltr'><strong>poetice</strong></span> <span class='ocrx_word' id='word_1_252' title='bbox 1227 2798 1376 2850; x_wconf 80' lang='lat' dir='ltr'><strong>numinibus</strong></span> 
     </span>
     <span class='ocr_line' id='line_1_29' title="bbox 293 2869 1376 2938; baseline -0.002 -15"><span class='ocrx_word' id='word_1_253' title='bbox 293 2874 420 2923; x_wconf 66' lang='lat' dir='ltr'><strong>mundum</strong></span> <span class='ocrx_word' id='word_1_254' title='bbox 434 2869 544 2922; x_wconf 69' lang='lat' dir='ltr'><strong>citone?</strong></span> <span class='ocrx_word' id='word_1_255' title='bbox 566 2870 614 2920; x_wconf 81' lang='lat' dir='ltr'><strong>Alii</strong></span> <span class='ocrx_word' id='word_1_256' title='bbox 632 2869 703 2920; x_wconf 93' lang='lat' dir='ltr'><strong>nodo</strong></span> <span class='ocrx_word' id='word_1_257' title='bbox 720 2869 755 2919; x_wconf 93' lang='lat' dir='ltr'><strong>ad</strong></span> <span class='ocrx_word' id='word_1_258' title='bbox 770 2883 817 2919; x_wconf 90' lang='lat' dir='ltr'><strong>zo·</strong></span> <span class='ocrx_word' id='word_1_259' title='bbox 854 2871 904 2922; x_wconf 86' lang='lat' dir='ltr'><strong>illis</strong></span> <span class='ocrx_word' id='word_1_260' title='bbox 928 2871 1042 2923; x_wconf 85' lang='lat' dir='ltr'><strong>hilaram</strong></span> <span class='ocrx_word' id='word_1_261' title='bbox 1066 2874 1292 2938; x_wconf 86' lang='lat' dir='ltr'><strong>compotationem</strong></span> <span class='ocrx_word' id='word_1_262' title='bbox 1313 2885 1376 2936; x_wconf 90' lang='lat' dir='ltr'><strong>pro-</strong></span> 
     </span>
     <span class='ocr_line' id='line_1_30' title="bbox 293 2943 1374 3011; baseline -0.001 -15"><span class='ocrx_word' id='word_1_263' title='bbox 293 2960 356 2997; x_wconf 88' lang='lat' dir='ltr'><strong>nam</strong></span> <span class='ocrx_word' id='word_1_264' title='bbox 376 2945 460 2996; x_wconf 90' lang='lat' dir='ltr'><strong>relato</strong></span> <span class='ocrx_word' id='word_1_265' title='bbox 485 2943 617 3009; x_wconf 84' lang='lat' dir='ltr'><strong>explicant</strong></span> <span class='ocrx_word' id='word_1_266' title='bbox 645 2943 826 2994; x_wconf 58' lang='lat' dir='ltr'><strong>edocentes.»</strong></span> <span class='ocrx_word' id='word_1_267' title='bbox 854 2946 1014 2997; x_wconf 86' lang='lat' dir='ltr'><strong>ducentibus</strong></span> <span class='ocrx_word' id='word_1_268' title='bbox 1034 2949 1177 2998; x_wconf 80' lang='lat' dir='ltr'><strong>sociantur.</strong></span> <span class='ocrx_word' id='word_1_269' title='bbox 1215 2949 1330 3011; x_wconf 84' lang='lat' dir='ltr'><strong>Propert.</strong></span> <span class='ocrx_word' id='word_1_270' title='bbox 1349 2945 1374 3006; x_wconf 81' lang='lat' dir='ltr'><strong>l,</strong></span> 
     </span>
     <span class='ocr_line' id='line_1_31' title="bbox 294 3016 1375 3083; baseline -0.002 -13"><span class='ocrx_word' id='word_1_271' title='bbox 294 3018 474 3083; x_wconf 81' lang='lat' dir='ltr'><strong>(0d.l‚l‚6.)</strong></span> <span class='ocrx_word' id='word_1_272' title='bbox 492 3017 771 3078; x_wconf 76' lang='lat' dir='ltr'><strong>atvid.0d.t‚30,t.</strong></span> <span class='ocrx_word' id='word_1_273' title='bbox 790 3016 815 3078; x_wconf 83' lang='grc'><strong>3,</strong></span> <span class='ocrx_word' id='word_1_274' title='bbox 855 3022 879 3083; x_wconf 89' lang='grc'><strong>6,</strong></span> <span class='ocrx_word' id='word_1_275' title='bbox 898 3021 944 3071; x_wconf 73' lang='lat'><strong>85:</strong></span> <span class='ocrx_word' id='word_1_276' title='bbox 973 3021 1251 3083; x_wconf 75' lang='lat' dir='ltr'><strong>stenarompotoro,</strong></span> <span class='ocrx_word' id='word_1_277' title='bbox 1278 3021 1375 3070; x_wconf 60' lang='lat' dir='ltr'><strong>dade</strong></span> 
     </span>
     <span class='ocr_line' id='line_1_32' title="bbox 295 3091 1375 3158; baseline -0.002 -16"><span class='ocrx_word' id='word_1_278' title='bbox 295 3094 336 3154; x_wconf 74' lang='lat' dir='ltr'><strong>aa,</strong></span> <span class='ocrx_word' id='word_1_279' title='bbox 349 3094 389 3144; x_wconf 77' lang='lat' dir='ltr'><strong>ll.</strong></span> <span class='ocrx_word' id='word_1_280' title='bbox 410 3093 518 3158; x_wconf 74' lang='lat' dir='ltr'><strong>(Eadem</strong></span> <span class='ocrx_word' id='word_1_281' title='bbox 536 3092 732 3144; x_wconf 84' lang='lat' dir='ltr'><strong>constructione</strong></span> <span class='ocrx_word' id='word_1_282' title='bbox 744 3091 815 3153; x_wconf 78' lang='lat' dir='ltr'><strong>Virg.</strong></span> <span class='ocrx_word' id='word_1_283' title='bbox 854 3107 912 3144; x_wconf 78' lang='lat' dir='ltr'><strong>coto</strong></span> <span class='ocrx_word' id='word_1_284' title='bbox 926 3095 1053 3156; x_wconf 70' lang='lat' dir='ltr'><strong>mmo,</strong></span> <span class='ocrx_word' id='word_1_285' title='bbox 1079 3095 1156 3146; x_wconf 74' lang='lat' dir='ltr'><strong>donae</strong></span> <span class='ocrx_word' id='word_1_286' title='bbox 1177 3096 1278 3146; x_wconf 81' lang='lat' dir='ltr'><strong>lailotot</strong></span> <span class='ocrx_word' id='word_1_287' title='bbox 1291 3093 1375 3142; x_wconf 72' lang='lat' dir='ltr'><strong>radios</strong></span> 
     </span>
     <span class='ocr_line' id='line_1_33' title="bbox 294 3167 1110 3230; baseline 0.001 -14"><span class='ocrx_word' id='word_1_288' title='bbox 294 3168 359 3216; x_wconf 79' lang='lat' dir='ltr'><strong>Aen.</strong></span> <span class='ocrx_word' id='word_1_289' title='bbox 379 3167 817 3230; x_wconf 73' lang='lat' dir='ltr'><strong>tt,736:atoon--sopms-·</strong></span> <span class='ocrx_word' id='word_1_290' title='bbox 854 3168 1110 3219; x_wconf 76' lang='lat' dir='ltr'><strong>iomeooiaodtaa.</strong></span> 
     </span>
    </p>
   </div>
   <div class='ocr_carea' id='block_1_5' title="bbox 0 0 1478 4884">
    <p class='ocr_par' dir='ltr' id='par_1_5' title="bbox 0 0 1478 4884">
     <span class='ocr_line' id='line_1_34' title="bbox 0 0 1478 4884; baseline 0 0"><span class='ocrx_word' id='word_1_291' title='bbox 0 0 1478 4884; x_wconf 95' lang='lat' dir='ltr'><strong> </strong></span> 
     </span>
    </p>
   </div>
  </div>
 </body>
</html>
