2934 4884
495 341 556 393 ΗΒ.
574 341 617 392 lV.
653 342 682 391 C.
700 342 767 394 nv,

365 496 525 584 Auspiciis
547 494 670 583 pepulit
691 496 865 572 secundis,

283 662 486 751 Spectandus
508 663 540 727 in
561 663 737 730 certamino
758 664 888 739 Martio,

280 784 405 851 Devota
429 784 523 850 morti
545 793 677 871 pectora
698 782 822 850 liberae

326 904 461 984 Quantis
489 904 635 992 fatigaret
654 904 776 983 ruinis;

367 1024 541 1091 indomitas
562 1044 665 1113 propo
687 1024 794 1113 qualis
814 1025 919 1092 undas
1161 1029 1204 1093 20

177 1206 219 1255 tit.
236 1203 346 1267 reppulit
363 1204 389 1261 S,
407 1204 472 1253 redit
490 1204 543 1266 (sic)
561 1204 590 1252 T.
619 1230 646 1239 —
677 1202 714 1252 itt.
735 1204 862 1266 [aliqum
879 1204 911 1265 b,
929 1217 971 1268 pr.
989 1204 1081 1267 8,βκ,
1107 1206 1171 1269 futi-

143 1280 214 1343 pnrit
230 1278 249 1328 d
266 1280 295 1327 et
310 1290 380 1327 corr.
399 1277 432 1335 S.
451 1277 489 1326 uti
506 1274 615 1326 volebat
631 1278 662 1327 tt.
682 1278 815 1328 Heinsius.
836 1304 866 1315 -
892 1280 934 1330 20.
953 1280 1091 1331 Indomitrts
1107 1281 1127 1330 t
1143 1284 1171 1332 et

143 1351 280 1403 Bentleius
298 1352 461 1402 coniectura.
483 1350 579 1413 (Ceteri
596 1350 651 1401 mei
668 1351 823 1415 indentitas.)

111 1512 216 1560 tantm
232 1508 320 1559 solum
331 1507 381 1557 illis
393 1505 498 1557 cladem
510 1506 638 1568 intulisse,
711 1508 799 1559 li-ib.
824 1510 988 1575 θροοιοκάω]
1008 1511 1138 1575 «dignus,
1157 1514 1203 1578 qui

110 1584 242 1647 qtmntam
267 1582 316 1645 ipsi
342 1580 485 1641 dederant,
513 1580 563 1631 sed
588 1581 640 1629 du·
676 1583 846 1645 spectaretur
857 1585 930 1645 tunc,
944 1586 1137 1651 cumsutipcret
1145 1600 1202 1649 eos,

110 1656 197 1723 piam.
224 1656 277 1706 boc
294 1658 346 1716 est¹
375 1669 435 1707 enm
452 1669 505 1706 non
525 1654 639 1718 simplici
677 1656 780 1719 magnis
809 1656 930 1711 cladibus
961 1659 1096 1723 irnngerct
1122 1663 1204 1725 atque

112 1730 301 1781 reddentem.»
327 1731 451 1779 Possunt.
479 1728 561 1789 ·Quin
578 1728 640 1792 plu·
676 1730 710 1780 nd
728 1730 946 1795 desperationem
963 1734 1123 1799 redigeret·
1154 1736 1204 1787 Ce-

111 1818 157 1857 res
186 1804 304 1855 bostium
332 1804 527 1868 prostraverat,
557 1816 639 1866 quam
676 1805 765 1853 terum
788 1809 853 1856 nota
885 1806 1103 1871 negligentiorem
1125 1811 1203 1863 buius

112 1882 234 1943 (suorum
249 1876 370 1939 militurn)
388 1877 553 1942 perdiderat;
572 1878 640 1928 Dru·
675 1889 773 1928 versus
790 1892 944 1941 caesuram,
963 1894 1046 1945 qnam
1064 1886 1156 1934 temen
1169 1898 1203 1935 ne

110 1967 158 2005 sus
175 1954 248 2003 enim
265 1951 353 2003 laesus
369 1951 467 2016 placari
492 1966 544 2001 non
561 1954 640 2015 pote-
675 1950 810 2003 Bentleius
836 1954 945 2016 quidem
970 1956 1152 2019 reprehendit.
1173 1985 1201 1995 -

110 2030 166 2089 rat,
194 2028 245 2077 nisi
271 2025 368 2091 duplex
393 2023 443 2077 illis
463 2027 573 2077 inlerrel
589 2025 639 2076 da·
675 2026 891 2091 coorti-liberos]
916 2027 1012 2078 «exitio
1034 2042 1095 2079 sese
1117 2031 1204 2081 devo·

110 2114 234 2153 ninum.»
263 2102 347 2151 Coss.
368 2100 446 2159 Cnuo.
475 2103 514 2152 De
537 2102 638 2151 rariore
675 2100 784 2159 ventes,
802 2101 832 2149 nt
848 2099 945 2151 saltem
960 2099 1038 2151 liberi
1052 2105 1204 2167 alquenni-

110 2176 312 2227 constructione
340 2175 399 2237 plus
424 2176 478 2226 uice
505 2188 554 2239 pro
582 2175 640 2237 plur
676 2172 727 2221 mis
745 2172 835 2222 invicti
854 2176 1049 2225 morerentur.»
1079 2176 1136 2235 Quo
1159 2178 1203 2227 Ti·

109 2263 191 2313 qucm
210 2250 264 2299 vics
287 2249 334 2299 cir.
353 2248 500 2301 Firnbaber
520 2250 548 2301 in
567 2250 639 2299 Zim-
675 2245 745 2297 herii
769 2247 881 2296 victoria
905 2249 991 2297 maior
1019 2248 1202 2314 difficiliorque

109 2324 263 2374 meermanni
279 2324 372 2374 Ztsctr.
391 2322 464 2374 4840.
484 2337 510 2388 p.
530 2321 603 2373 tstt.
676 2321 818 2384 appareat,
837 2322 958 2383 egregias
975 2320 1098 2374 hostibus
1112 2323 1204 2375 tribuit

145 2395 186 2447 ll.
212 2410 292 2460 prove
311 2398 446 2463 proelium]
471 2398 546 2447 Hunc
563 2408 636 2445 num.
676 2392 778 2443 laudes.
805 2421 833 2431 ·-
859 2395 1005 2459 indonatus]
1022 2398 1202 2449 timentes.»

109 2471 179 2533 sing.
197 2482 325 2533 premens
343 2472 394 2523 Fen
406 2471 543 2522 contendit
559 2484 639 2535 prae·
676 2468 768 2519 Senos.
783 2469 881 2529 «Quae,
892 2469 1013 2540 dumeas
1025 2476 1136 2531 mmet,
1152 2472 1203 2533 (Sic

109 2544 236 2595 cedentia
265 2546 422 2609 exponenda
454 2558 532 2597 esse:
564 2557 638 2594 «non
676 2540 837 2609 γυμνάζειν.
852 2545 1030 2608 Charitopng.
1045 2546 1101 2595 469.
1114 2547 1199 2610 lips:

109 2632 166 2669 uno
194 2616 310 2682 proelio,
345 2632 399 2669 non
430 2632 483 2669 uno
514 2618 638 2668 conflictu
676 2612 785 2681 αὐτοὺς
808 2615 985 2684 γομνάσασα
1006 2614 1053 2669 διὰ
1076 2615 1130 2685 γῆς
1152 2620 1203 2670 καὶ

108 2694 216 2745 Drusus
234 2691 377 2743 debellavit
394 2696 535 2743 Gennunos
554 2692 639 2741 Rreu-
674 2690 846 2759 θαλάσσης)
874 2693 1004 2745 violenter
1020 2695 1113 2759 agitat,
1140 2708 1203 2747 cum

108 2780 229 2829 nosque,
252 2780 314 2817 cum
332 2769 424 2817 contre
442 2766 562 2817 Tiberius
585 2778 638 2815 uno
675 2769 707 2819 iis
724 2766 849 2831 luctetur,
866 2768 964 2818 Auster
982 2767 1037 2830 4οᾱ.
1056 2768 1084 2829 4,
1099 2769 1125 2829 4,
1140 2768 1201 2832 444),

108 2840 186 2905 gravi
198 2839 300 2903 proelio
310 2840 439 2891 devicerit
450 2842 556 2899 Raetos
571 2849 638 2902 quos
675 2842 826 2892 saeviunt.»
859 2840 952 2892 Tibull.
970 2844 1000 2902 2,
1018 2842 1047 2905 3,
1065 2842 1111 2893 ts:
1130 2842 1205 2893 ctae

108 2912 234 2979 plurribus
260 2912 418 2968 minoribus,
434 2926 487 2964 non
515 2913 640 2976 potuerat
676 2916 712 2965 dit
735 2921 759 2964 et
780 2916 929 2965 indomitum
949 2917 1026 2967 niolo
1045 2930 1124 2967 mure.
1158 2918 1203 2968 lo·

107 2990 216 3039 Drusus
225 2989 347 3051 quamvis
357 3001 445 3037 scer.»
472 2986 572 3037 Verum
585 2999 638 3035 non
676 2990 784 3039 donutsu
801 2990 850 3040 etsi
867 2992 958 3054 potest
974 2990 1025 3040 dici
1044 2992 1124 3041 etium
1140 3004 1204 3041 ven-

109 3061 429 3123 meminerntDionisbl‚
447 3063 499 3122 ti„
513 3060 638 3125 quibnec
676 3064 734 3121 lus⁷
770 3064 800 3111 ut
833 3074 1011 3125 quaecunque
1043 3063 1133 3115 tumre
1162 3063 1203 3114 le-

108 3135 194 3186 tradit
210 3134 244 3185 de
261 3134 425 3186 Neronibus:
449 3128 639 3196 Ἕσβαλόννες
676 3138 772 3185 runtur
789 3134 872 3197 (Ovid.
892 3136 999 3185 Heroid.
1013 3137 1058 3197 ts,
1072 3138 1100 3185 s:
1122 3138 1202 3200 Uror,

108 3202 165 3261 οὖν
184 3207 214 3271 ἐς
230 3205 283 3273 τὴν
309 3208 407 3279 χώραν
430 3204 498 3273 (τῶν
512 3203 638 3271 Ῥαιτῶν)
675 3214 703 3259 ut
719 3210 847 3259 indomitis
863 3209 946 3271 lpum
962 3210 1132 3259 exercentibus
1147 3212 1204 3261 Eu-

108 3279 296 3343 πολλαχόθεν
312 3274 375 3347 ἅμα
394 3276 567 3353 ἀμφότεροι,
585 3276 639 3333 αὖ·
676 3285 713 3335 ris
739 3284 811 3346 cei),
837 3281 1008 3332 nibilominus
1032 3283 1059 3332 b.
1078 3280 1094 3332 l.
1113 3284 1202 3348 potius

107 3359 157 3409 tot
183 3371 214 3407 τε
236 3358 286 3407 καὶ
307 3352 355 3407 διὰ
375 3354 432 3407 τῶν
454 3350 639 3427 ὖποοτρονὴ-
676 3372 701 3409 v.
719 3358 803 3407 andus
826 3355 938 3419 requirit
961 3354 1094 3405 ἐπίθετον
1119 3369 1202 3419 quum

107 3448 186 3498 γων,
212 3432 263 3481 καὶ
285 3424 303 3481 ὅ
324 3446 356 3497 ye
379 3428 509 3501 Τιβέριος
526 3432 576 3481 καὶ
592 3426 639 3481 διὰ
675 3433 764 3482 Aruter
785 3442 880 3494 perse
898 3427 1038 3479 violentus.
1074 3429 1202 3480 Ceterum

107 3506 164 3573 τῆς
197 3503 300 3573 λ4μνης
327 3505 439 3569 πλοίοις
471 3506 637 3570 κομισθείς,
677 3502 853 3557 memorabile
876 3505 918 3553 est
939 3516 956 3553 u
978 3501 1043 3554 Cod.
1065 3503 1203 3555 ‘turicensi

108 3575 173 3631 alred
198 3594 230 3630 se
253 3576 358 3632 τούτου
384 3576 565 3645 κατέπληξαν
585 3574 640 3631 ari·
676 3582 736 3630 Sec.
753 3579 785 3629 li.
804 3578 956 3628 confirmari
976 3575 1088 3627 Bentleii
1110 3578 1203 3628 conie-

109 3650 196 3717 νοός,
217 3648 258 3717 ὥς
275 3650 409 3718 ἑκάστοις
426 3656 514 3717 σφίσι
530 3669 639 3719 σνμμι-
678 3657 784 3704 ctutum
799 3653 945 3703 indomitus.
965 3679 993 3688 ·-
1008 3663 1089 3713 prope
1111 3650 1202 3715 modiis]

109 3725 245 3795 γνύννες,
274 3725 343 3791 τούς
365 3744 397 3780 ss
424 3722 470 3779 niel
495 3726 525 3791 ἐς
542 3734 640 3799 χεῖρας
678 3730 752 3779 atlon
763 3727 872 3777 memini
883 3738 929 3777 me
941 3723 1012 3789 apud
1025 3722 1126 3774 bonum
1138 3728 1202 3788 pott-

114 3796 366 3867 ἀφικνουμένους,
386 3796 422 3855 οὔ
433 3796 576 3865 χαλεπῶς,
589 3794 640 3853 ἅτε
676 3805 731 3853 tam
749 3800 839 3865 legere
852 3813 934 3863 prope
949 3798 993 3850 vel
1012 3799 1065 3861 sere
1081 3799 1108 3849 in
1124 3810 1201 3849 mm-

109 3876 339 3942 διεσπασμέναις
347 3883 412 3941 ταῖς
420 3874 559 3943 δυνάμεσι
568 3894 641 3947 χρω-
677 3877 823 3940 paratione.
852 3876 907 3925 lioc
924 3874 1018 3925 minuit
1034 3872 1200 3935 gravitatem,

109 3954 230 4016 μένους,
239 3948 467 4022 κατειργάσαντο
475 3949 535 4002 κτλ.
553 3954 639 4015 Atque
677 3949 746 4000 adeo
763 3953 793 4000 ut
810 3949 923 4011 imagine
940 3948 1028 3999 minus
1044 3946 1200 4008 afficiamur,

111 4027 224 4077 omnino
240 4028 319 4091 poeta
337 4028 363 4077 b.
383 4024 400 4077 l.
419 4040 531 4077 numero
546 4024 639 4090 plurali
677 4024 770 4075 moniti
786 4035 845 4073 rem
863 4023 1043 4086 comparatam
1058 4033 1111 4070 non
1122 4018 1201 4085 plane

113 4112 177 4149 cum
195 4101 233 4151 uti
250 4113 303 4151 non
321 4101 424 4164 posset,
439 4100 564 4162 proelium
574 4114 641 4149 corre
677 4101 768 4148 tamen
780 4109 840 4147 esse
852 4093 979 4157 similem,
998 4094 1047 4145 sed
1063 4107 1148 4160 prope
1160 4105 1203 4144 ao·

112 4175 211 4225 mittere
227 4187 277 4238 pro
292 4174 382 4225 badum
397 4188 483 4239 acrore
494 4176 637 4237 usurpavit.
678 4172 785 4223 cedere.
821 4172 913 4234 ltaque
932 4182 1028 4234 prosae
1047 4170 1199 4233 scriptores,
