2934 4884
646 308 773 359 nourrii
792 308 960 359 centurioni

435 464 592 530 lniurioso
615 483 655 529 44
677 462 763 549 pede
786 482 924 548 proruas

435 588 576 652 Stantem
599 583 796 658 columnam,
820 604 885 648 4444
908 580 1048 669 populus
1071 579 1225 666 frequens

477 706 525 772 4444
547 726 636 771 arma
658 713 840 779 cessantes,
864 702 906 768 ad
927 722 1017 771 arma
1312 699 1355 763 45

521 826 665 892 Concitet
687 824 923 910 imperiumque
946 822 1078 909 frangat.

436 988 479 1051 Te
501 1004 632 1069 semper
652 981 752 1048 anteit
774 1000 873 1047 saeva
895 980 1095 1055 Necessitas,

335 1139 374 1188 44.
392 1139 499 1200 fremens
516 1132 633 1183 malebat
655 1130 739 1181 Bentl.
763 1156 789 1165 -
813 1131 853 1179 44.
871 1132 989 1180 cenantis
1004 1131 1036 1191 B,
1061 1135 1190 1179 cursantes
1205 1129 1325 1180 malebat

300 1211 383 1263 Bentl.
405 1239 431 1246 -
446 1211 485 1259 44,
499 1221 572 1257 sema
582 1208 632 1268 BT,
650 1201 796 1272 βγδκμξω,
815 1203 907 1254 Bland.
921 1206 1060 1266 quattuor,
1080 1205 1196 1254 Pettierii
1208 1205 1232 1264 4,
1252 1206 1276 1263 4,
1296 1206 1321 1254 9.

303 1288 415 1350 (Habent
431 1298 508 1334 444444
524 1284 606 1333 ceteri
624 1284 691 1341 mei,
711 1282 792 1331 etiem
810 1280 847 1341 d.)

269 1410 358 1460 rens.
394 1407 437 1457 Sic
459 1407 556 1456 Statius
579 1402 661 1453 Theb.
682 1403 710 1461 4,
736 1401 792 1451 334.
832 1402 926 1451 θετον.
955 1400 1059 1450 Etenim
1080 1413 1171 1449 44444444
1186 1357 1229 1449 illa
1245 1402 1315 1449 aena
1331 1403 1363 1449 et

266 1478 582 1546 pnrpnrmmsenemdnrt
590 1480 617 1525 et
625 1476 795 1526 llacedonrus
831 1488 932 1535 smera,
960 1487 1028 1536 quae
1055 1474 1154 1535 3444444,
1180 1473 1362 1522 instrumenta

270 1560 297 1607 in
314 1554 418 1606 44444444.
437 1552 568 1603 Palatii
587 1565 646 1615 pag.
663 1550 719 1599 334.
739 1546 795 1597 τῶν
832 1550 896 1599 satis
914 1547 1062 1610 44344444444
1078 1560 1130 1596 444
1148 1545 1182 1596 de
1200 1560 1285 1607 serua,
1309 1546 1364 1596 sed

270 1632 401 1699 χρυσέων
418 1622 544 1686 ὑπάτων,
563 1625 663 1674 trabeis
681 1637 746 1672 auro
758 1635 797 1687 pr
833 1623 867 1671 de
893 1622 943 1671 dea
968 1622 1080 1680 comite,
1109 1634 1141 1669 ex
1165 1620 1280 1670 aeternis
1303 1621 1363 1669 Fati

270 1706 320 1753 ctis
338 1701 500 1751 indutorum.
531 1700 657 1748 Ceterum
669 1697 721 1747 nob
733 1710 795 1747 cunr
833 1696 936 1759 legibus
965 1708 1028 1745 cum
1057 1696 1171 1745 Fortuna
1199 1696 1362 1753 coniuncta,

270 1773 404 1826 nonnullis
439 1772 617 1835 distinguere:
655 1773 797 1834 lienemque
834 1772 944 1833 cogitari
964 1770 1075 1819 debere.
1115 1768 1159 1818 llln
1182 1769 1260 1831 434444·
1277 1767 1365 1819 veluti

272 1855 374 1910 matres,
393 1847 562 1895 barbarorum
578 1846 643 1894 etf’.
663 1859 697 1893 m
716 1849 735 1893 t
834 1844 968 1907 σύνναος,
979 1840 1364 1914 πάρεδρσς44444444444444

305 1923 344 1971 43.
354 1920 393 1971 44.
404 1916 640 1988 4444444444Ὓβριν,
649 1917 797 1981 superbum
835 1934 865 1970 ea
888 1920 1054 1982 exsequitur,
1079 1931 1148 1980 quae
1170 1915 1277 1981 placent
1294 1918 1365 1965 For-

271 1995 343 2045 illum
367 1996 551 2057 contemptum
573 1993 714 2055 significat,
743 2004 797 2054 quo
834 1993 980 2043 tunaelf
983 2005 1077 2041 .saeva
1092 1990 1174 2040 refert
1185 1991 1363 2040 Homericum

272 2066 440 2119 4444444444
453 2080 514 2116 eam
526 2066 710 2128 tyrrannidem
722 2077 799 2114 4444-
834 2068 898 2117 illud
915 2066 963 2115 Od.
982 2082 1012 2124 κ,
1031 2065 1093 2115 tie:
1117 2060 1240 2135 κρατερὴ
1259 2062 1291 2113 δέ
1306 2080 1364 2127 μοι

273 2145 316 2201 444,
335 2154 404 2205 quae
418 2139 796 2191 stabilissimaridebaturoe
834 2134 960 2191 inter*
942 2136 1064 2205 ανάγκη.
1090 2138 1302 2190 Parmenidesu
1317 2140 1363 2189 94.

273 2218 394 2268 Columna
404 2220 474 2263 444444
484 2216 526 2263 444
537 2214 666 2263 felicitatis
678 2227 710 2262 44
722 2225 800 2263 secu-
836 2214 961 2265 licendis:
975 2208 1096 2283 κρατερὴ
1109 2209 1180 2299 γὰρ
1171 2206 1284 2279 ἀνάγκη
1297 2211 1368 2263 Πεί-

274 2291 356 2339 ritatis
372 2288 495 2351 publicae
513 2286 714 2349 stabilitatisque
727 2282 800 2349 σύμ·
835 2304 922 2376 ρατος
945 2286 975 2337 ἐν
998 2282 1180 2351 δεσμοῖσιν
1166 2302 1241 2347 εχει,
1261 2284 1295 2337 τό
1312 2304 1367 2351 μιν

273 2362 373 2424 βολον,
392 2374 443 2425 qun
462 2360 587 2411 columna
605 2362 664 2422 (ut
658 2375 684 2409 44
702 2359 798 2409 eadem
836 2358 960 2428 ἀμφὶς
946 2363 1044 2431 cr'pyer.
1080 2361 1164 2411 Nolim
1181 2364 1271 2411 antem
1290 2362 1365 2422 ideo,

275 2440 388 2500 imagine
411 2437 574 2499 perseverat)
593 2438 702 2499 proruta
720 2431 798 2484 simul
837 2436 908 2503 quod
931 2438 1036 2499 3444444444
1060 2436 1107 2486 fuit
1130 2438 1243 2485 Fortuna
1261 2437 1366 2491 Antias,

275 2512 403 2563 evertitur
420 2510 570 2574 imperium.
590 2510 720 2572 Cogitavit
731 2522 800 2557 non·
836 2514 930 2578 putare
948 2511 1059 2561 alteram
1071 2512 1245 2561 Necessitatem
1256 2524 1271 2559 a
1283 2513 1368 2574 poeta

275 2599 355 2635 nemo
372 2585 406 2634 de
425 2589 600 2646 tyrannorum
617 2585 713 2651 statuis
725 2582 800 2632 (4444-
838 2585 995 2651 appellatam
1014 2598 1088 2645 esse,
1107 2587 1138 2634 ut
1149 2584 1259 2647 quidam
1270 2583 1365 2634 voluit.

276 2662 338 2718 ctis;
357 2659 405 2709 sed
423 2672 560 2722 nunquam
578 2674 602 2708 v.
616 2660 733 2708 columna
751 2658 800 2706 bac
841 2662 948 2723 -Ipsos
955 2658 1255 2723 scriptorumloeos,qui
1263 2659 1306 2707 bic
1314 2674 1368 2709 ne·

276 2734 466 2795 significatione
484 2736 647 2797 usurparunt
663 2732 755 2781 Latini.
839 2734 954 2783 cessario
971 2732 1098 2782 electore
1118 2732 1273 2795 inspiciendi
1291 2738 1366 2789 sunt,

310 2806 349 2856 44,
364 2809 403 2855 45.
420 2807 545 2870 frequens]
556 2808 664 2869 4444344
677 2819 739 2869 pars
751 2818 802 2867 po·
839 2807 963 2857 dabimus
981 2808 1007 2856 44
1024 2808 1150 2856 Excursu.

276 2879 343 2943 puli,
371 2878 449 2928 turba
471 2880 598 2929 seditiosa
615 2883 642 2929 et
659 2878 800 2936 concitata,
873 2880 956 2930 48-40.
970 2881 1058 2930 Claros
1069 2880 1184 2943 trabales]
1198 2878 1273 2930 Haud
1283 2880 1369 2929 infre-

277 2953 342 3003 alios
359 2954 430 3002 cives
452 2959 587 3014 cessantes,
613 2955 732 3016 quietos,
758 2965 803 3001 se·
840 2968 926 3017 quens
943 2955 1107 3004 necessitatis
1123 2955 1218 3016 imago.
1238 2953 1367 3015 Aeschyl.

277 3026 368 3076 ditioni
386 3025 514 3076 adversos
531 3027 727 3090 proptereaque
740 3039 804 3075 cun·
840 3027 930 3091 suppl.
941 3027 998 3077 944.
1011 3026 1084 3076 Pind.
1099 3028 1176 3089 Pyth.
1189 3027 1214 3087 4,
1228 3028 1269 3077 44.
1288 3028 1370 3091 Apud

277 3102 389 3157 4444444,
402 3099 437 3148 ad
449 3104 636 3150 armavocet.n
657 3128 684 3137 -
703 3101 741 3149 Ad
756 3113 804 3147 ar·
841 3103 946 3152 Latinos
968 3102 994 3150 in
1015 3100 1189 3165 proverbium
1208 3101 1367 3150 transierat:

276 3188 347 3224 ma-
359 3174 393 3222 ad
410 3174 496 3238 arma]
515 3175 661 3224 Ovidlllet.
677 3175 721 3234 44,
741 3174 801 3222 344ι
841 3178 896 3226 Cic.
919 3177 995 3225 verr.
1019 3178 1115 3225 Aecus.
1134 3176 1164 3235 44,
1187 3176 1228 3224 44.
1258 3177 1367 3225 Petron.

276 3250 516 3299 cancticoeismmet
527 3261 616 3309 mma,
628 3249 708 3297 Amisa
716 3259 804 3308 copes·
842 3252 881 3300 is.
890 3249 973 3299 Plaut.
985 3250 1086 3299 444444.
1099 3249 1122 3309 4,
1133 3248 1157 3307 3,
1168 3249 1193 3299 4.
1205 3250 1283 3309 Quid,
1294 3249 1369 3312 quod

277 3337 369 3374 mmm.
400 3322 466 3372 lbid.
487 3323 531 3382 44,
550 3322 611 3372 tit:
636 3322 805 3381 Certatimque
842 3325 869 3371 44
901 3324 1030 3372 Fortunae
1063 3322 1162 3372 44444444
1195 3325 1222 3373 44
1249 3324 1369 3387 Atfrrpae

278 3398 562 3458 omnesnnoeredrma,
575 3397 802 3456 amnatoqnentnr.
843 3390 981 3466 (Ἀτρόπῳ)
996 3396 1029 3446 4444
1041 3397 1168 3446 Etruscae
1186 3394 1254 3447 clavi
1272 3397 1298 3445 44
1318 3411 1371 3446 an-

278 3473 339 3522 444.
358 3475 426 3521 Ann.
441 3473 470 3531 4,
489 3472 534 3519 59:
553 3470 681 3519 Arminius
692 3482 767 3518 anne
779 3469 805 3517 in
842 3472 921 3534 tiquis
930 3472 1111 3522 monumentis
1123 3470 1293 3520 tribuuntur‘i
1312 3472 1368 3521 Cfr.

279 3546 415 3609 8434444444,
429 3544 802 3605 arntainCaesaremposcens,
843 3544 935 3594 lfiiller
957 3545 1077 3594 Etrnslrer
1099 3546 1130 3594 ll.
1150 3558 1177 3609 p.
1196 3544 1252 3593 334.
1282 3545 1371 3594 Dedr—

312 3619 353 3667 44.
366 3618 451 3682 anteit]
461 3618 540 3681 Apud
548 3620 608 3667 444.
617 3617 718 3675 44444,
729 3618 806 3665 ibet
842 3618 922 3666 miiler
938 3619 967 3667 T.
986 3618 1048 3667 Llil.
1068 3632 1094 3667 4.
1111 3618 1168 3667 304.
1199 3618 1252 3668 Cir.
1267 3618 1302 3667 ad
1319 3619 1369 3669 0d.

280 3688 343 3740 alibi
355 3692 420 3739 Cod.
434 3692 503 3741 44444.
520 3693 611 3741 antire.
626 3692 724 3741 Contra
738 3690 803 3740 Cod.
843 3692 870 3750 3,
890 3690 935 3751 at,
954 3694 978 3741 44.
1000 3719 1027 3727 -
1046 3694 1143 3757 44444444]
1159 3692 1224 3742 Vide
1242 3692 1372 3756 pulcher-

281 3762 438 3826 Madving.
457 3769 523 3814 Aen.
543 3766 587 3825 44,
606 3765 650 3815 844
672 3766 804 3814 anteirent.
843 3765 941 3814 rimum
951 3766 1078 3814 Fortunae
1088 3765 1260 3816 simulacrum
1272 3768 1298 3815 44
1310 3769 1372 3817 444-

284 3864 311 3872 -
331 3849 408 3885 444444
425 3839 570 3902 Necessitas]
590 3838 640 3889 Alii
660 3840 714 3889 iarn
734 3840 805 3902 apud
842 3852 882 3887 see
905 3839 1031 3888 Clitarum.
1063 3841 1094 3888 ll.
1113 3840 1140 3889 T.
1160 3838 1223 3890 siu.
1259 3842 1371 3891 Sinistra

282 3908 440 3960 scholiastes
451 3924 524 3960 serua
535 3914 680 3974 Necessitas,
694 3914 721 3962 id
733 3913 806 3976 quod
843 3914 917 3960 tenet
928 3926 1011 3961 cornu
1024 3914 1126 3977 copiae,
1146 3915 1220 3963 cuius
1239 3914 1320 3963 fundo
1336 3916 1372 3963 ad

282 3983 415 4032 immerite
444 3984 574 4035 nonnullis
607 3985 706 4049 placuit
734 3985 804 4035 beud
844 3988 1008 4037 necessitatis
1022 3989 1075 4037 4444
1087 3988 1287 4050 significandam
1307 3989 1373 4037 obe-

282 4054 513 4120 perspicientibus,
532 4072 613 4120 quam
626 4062 756 4123 4434444444
770 4062 807 4109 44-
844 4056 968 4111 fiscorum
982 4060 1065 4111 formal
1084 4063 1154 4110 44444444
1173 4065 1233 4111 4444
1246 4062 1299 4111 duo
1318 4078 1373 4112 cu-

282 4145 335 4195 que
353 4144 448 4195 parum
460 4131 593 4192 porticum
607 4134 658 4182 boc
670 4134 737 4182 foret
750 4134 807 4183 4744-
845 4133 956 4184 44444.
992 4136 1029 4184 De
1055 4138 1139 4184 4444444
1164 4136 1197 4185 444
1225 4136 1372 4188 4444444444
