2934 4884
498 390 557 441 utu.
577 390 606 439 ΙΙ.
643 391 672 439 (3.
691 390 722 438 V.

267 548 332 612 lam
354 557 386 613 te
408 555 580 633 sequetur:
604 546 705 612 currit
727 546 814 611 enim
837 545 927 613 lerox

267 672 362 733 Aetas
384 678 418 733 et
440 666 500 743 illi,
524 688 608 755 qnos
630 667 686 733 tihi
710 666 905 757 dempserit,

309 792 456 875 Apponet
478 808 600 867 annos;
626 789 688 853 iam
710 798 862 875 proterva

352 912 468 975 Fronte
492 920 579 996 petet
600 909 718 997 Lalage
741 910 904 976 meritum:

266 1068 401 1142 Dilecta,
427 1078 583 1155 quantum
605 1088 669 1133 non
690 1067 812 1135 Pholo'e
834 1068 945 1155 lugan,

266 1192 335 1253 Non
359 1187 484 1255 Chloris
507 1188 581 1255 albo
604 1189 652 1255 sic
675 1188 812 1255 humero
835 1190 955 1263 nitens,

307 1311 345 1377 Ut
366 1331 448 1397 pura
471 1319 626 1376 nocturno
648 1310 775 1376 renidet

160 1490 198 1539 43.
215 1490 330 1551 wodor
341 1490 370 1538 T.
386 1516 413 1524 -
426 1494 511 1538 curret
521 1486 615 1554 ἀ,βγκ.
631 1515 658 1525 -·
673 1488 704 1538 13
722 1491 749 1539 44
767 1488 807 1539 l'l.
825 1490 906 1539 444444
922 1491 987 1539 mim
1003 1491 1086 1555 [4944
1103 1520 1118 1529 -
1135 1520 1148 1528 -

126 1562 452 1628 monogrammum
469 1565 497 1612 et
509 1560 666 1613 Wakefield.
688 1591 716 1600 -
736 1562 776 1615 tt.
795 1566 861 1627 44444
877 1564 920 1613 tibi
937 1566 1082 1629 4444444441,
1100 1569 1149 1630 Ap

126 1645 309 1763 ppnepoaam
316 1636 357 1761 vTel
370 1642 429 1698 4444
441 1664 455 1673 -
465 1664 480 1674 -
492 1650 571 1686 annos
582 1636 692 1688 Bentleii
703 1638 881 1703 suspiciones.
897 1666 922 1675 -
944 1640 983 1689 ts.
1000 1642 1062 1702 petit
1072 1642 1100 1691 Τ.
1121 1671 1146 1678 -

96 1872 296 1930 humectatis,
315 1884 368 1934 que
382 1868 501 1933 gaudent
510 1869 617 1921 sodales
655 1868 774 1920 accedat.
811 1868 871 1931 stit,
890 1872 919 1919 ut
936 1871 978 1923 vel
990 1872 1047 1936 ipse
1060 1874 1179 1937 Vossius,

96 1946 318 2010 nostr-iuhquaulo
330 1946 460 2003 iuniores,
474 1943 552 1995 nohis
563 1946 617 1995 iam
654 1945 709 1993 vim
733 1944 879 2009 particulae
904 1959 934 1995 44
959 1951 1020 2011 post
1045 1950 1180 2011 negativas

96 2022 264 2081 praeteritum
282 2033 351 2071 esse.
387 2018 490 2069 Similes
507 2021 570 2070 sunt
590 2019 617 2068 in
653 2020 834 2083 purtpositue
847 2020 975 2070 nonsatis
988 2023 1179 2085 expendentes,

96 2097 123 2142 it.
141 2096 167 2144 P.
186 2097 245 2144 415.
270 2096 334 2143 anni
354 2094 478 2143 uenientes
498 2096 526 2142 44
547 2107 617 2143 reca-
654 2106 723 2143 unus
735 2096 762 2142 et
773 2092 839 2142 alter
851 2095 931 2143 etiam
942 2094 1091 2156 0444444444
1099 2096 1181 2147 eden·

95 2169 177 2218 4144444.
192 2167 321 2233 Sophocl.
335 2170 455 2219 Trachin.
466 2168 523 2219 4444.
537 2170 617 2219 Dela·
654 2170 707 2227 tes,
720 2168 760 2217 sic
773 2167 950 2231 distinguunt:
978 2170 1180 2221 Dilecto--Non

95 2242 147 2291 nita
159 2243 192 2293 de
209 2242 282 2293 iola:
315 2242 379 2313 Opus
395 2258 452 2313 γαρ
469 2241 546 2309 ηβην
562 2237 616 2307 τὴν
654 2242 766 2298 Chloris;
788 2242 971 2291 atto--mart
988 2244 1133 2305 Cnidiostr03
1152 2244 1179 2294 id

93 2316 144 2378 μὲν
170 2312 324 2388 ἓρπουσαν
357 2313 472 2389 πρόσω,
507 2313 567 2381 Τὴν
584 2314 615 2367 tt
654 2319 709 2366 est:
737 2315 1179 2381 «441444441444444444444444

94 2392 266 2451 4494444444.
652 2389 761 2451 Pholoe,
778 2404 831 2441 non
844 2390 947 2442 Chloris
959 2390 1114 2455 diliguntur;
1133 2396 1180 2443 La-

123 2468 161 2515 15.
181 2467 315 2530 protervo]
334 2468 495 2517 immoratur
511 2467 538 2516 in
554 2478 616 2529 gra·
652 2463 710 2527 lage
728 2465 764 2515 ila
782 2465 869 2515 nitens
886 2468 916 2515 ut
932 2465 994 2516 luna
1011 2480 1107 2517 serena
1120 2468 1180 2519 Cai-

94 2543 116 2588 44
133 2543 261 2593 iuvencae
279 2539 401 2606 petulcae
415 2542 442 2591 et
455 2540 615 2591 lascivientis
653 2537 766 2601 diusque
785 2541 872 2602 Gyges
885 2539 1053 2605 splendent.»
1079 2542 1178 2594 verum

93 2616 216 2679 magiam
244 2618 271 2666 h.
291 2615 308 2665 l.
327 2616 362 2666 de
385 2614 473 2681 puelle
495 2616 615 2665 virorum
652 2613 692 2662 sic
710 2612 813 2665 Chloris
826 2614 895 2665 nulla
907 2616 1077 2679 praedicatur
1088 2615 1177 2677 laude,

94 2692 200 2755 cupida„
652 2688 720 2737 mire
746 2689 941 2751 coniunguntur
965 2689 1026 2741 luna
1053 2692 1080 2740 44
1101 2704 1177 2755 puer,

123 2768 161 2815 47.
178 2766 289 2831 Dilecta]
308 2764 385 2825 Quod
402 2763 520 2815 nonnulli
536 2764 615 2814 artis·
652 2762 719 2811 mire
737 2766 798 2826 post
819 2765 938 2828 priorem
961 2763 1069 2815 laudem
1085 2777 1179 2815 rursus

93 2840 154 2890 sium
170 2842 285 2905 iuagrmt
301 2852 364 2889 cum
381 2838 526 2903 praecedd.
549 2843 617 2901 petet
652 2839 778 2899 quattuor
794 2852 837 2890 vv.
856 2840 934 2890 huius
950 2839 1083 2891 extollitur
1093 2840 1178 2889 torma

93 2917 208 2965 »44444444
223 2916 339 2975 Dilecto,
357 2913 552 2978 minusplacet.
573 2913 613 2963 Ab
650 2910 789 2974 puellaris;
816 2927 849 2963 ex
872 2927 926 2976 quo
949 2914 1122 2975 factumest,
1150 2915 1179 2963 ut

93 2988 140 3039 hoc
160 2992 235 3041 enim
250 3004 278 3039 v.
296 2991 440 3053 imaginem
461 2988 614 3052 relinquens
652 2998 787 3035 nonnemo
812 2986 1023 3051 pulcherrimum
1052 2988 1177 3038 carminis

93 3067 193 3129 proprie
215 3063 291 3128 loqui
311 3064 411 3128 incipit.
441 3065 541 3129 Sepura
565 3066 614 3127 igi·
651 3061 751 3111 exitum
768 3063 907 3124 tamquam
924 3076 1034 3126 prorsus
1050 3075 1178 3127 superva-

93 3140 141 3187 lur:
171 3139 311 3188 mun:
346 3139 443 3189 Dilecta
469 3139 540 3200 14444
565 3140 615 3189 erit
651 3146 766 3183 cuneum
788 3135 815 3183 et
836 3137 931 3199 poetae
953 3134 1062 3187 consilio
1080 3137 1177 3186 adver-

93 3210 212 3264 ahumai
231 3214 388 3275 iuventute).
406 3214 449 3263 Sic
467 3215 558 3263 autem
570 3226 615 3263 ex·
650 3211 755 3259 sautem
776 3222 900 3261 resecare
923 3208 1010 3259 vellet.
1032 3236 1059 3245 -
1077 3210 1177 3274 Pholoe]

93 3284 154 3347 plico
165 3290 217 3339 hos
230 3287 390 3339 versiculos:
411 3287 539 3338 «Tantum
550 3291 613 3339 tunc
651 3283 726 3333 Idem
744 3286 847 3333 Nomen
865 3281 912 3331 Od.
934 3284 962 3345 1,
981 3284 1027 3343 33,
1046 3283 1070 3332 t.
1093 3310 1119 3319 -
1137 3284 1178 3345 fn-

92 3360 122 3409 41)
151 3362 281 3413 omnibus
313 3361 448 3425 diligetur,
484 3366 613 3426 quantum
649 3357 712 3421 944]
732 3360 862 3423 «propter
879 3356 1082 3407 inconstantiam
1094 3369 1176 3420 saepe

92 3446 155 3485 4444
177 3450 232 3487 444
256 3435 355 3486 Pholoe
381 3450 470 3501 neque
494 3436 611 3498 chloris,
651 3433 685 3482 ah
703 3433 830 3483 amatoris
843 3444 935 3481 mensa
949 3433 975 3480 et
991 3428 1088 3479 lectulo
1100 3430 1177 3481 aufu-

92 3512 205 3561 malurae
214 3512 269 3561 iam
277 3509 392 3574 puellae,
402 3512 612 3574 uequeGyges.»
650 3509 751 3570 giem.»
1130 3530 1133 3537 ·

91 3581 125 3627 lta
133 3597 176 3633 rr.
190 3585 372 3635 allo-mori
384 3584 614 3635 continentChlo-
683 3582 723 3632 49.
745 3580 823 3644 puro]
843 3578 966 3631 «liabens
983 3590 1079 3629 serena
1098 3580 1176 3629 44444

92 3654 150 3705 ridie
164 3661 358 3721 praeconium,
376 3662 405 3709 44
422 3662 448 3711 ia
465 3673 523 3723 seq.
542 3663 614 3711 stro·
650 3654 742 3706 lumen
768 3658 930 3719 integrum.»
957 3656 1048 3704 Sciron.
1079 3680 1106 3689 -
1133 3664 1177 3701 re-

91 3728 139 3790 pha
154 3730 282 3781 laudatur
297 3737 394 3797 Gyges.
434 3736 507 3785 inest
523 3737 613 3784 autem
650 3732 725 3795 sidet]
752 3725 922 3796 ἀντιλάμπει
948 3727 1062 3793 explicat
1088 3726 1177 3777 Philo-

90 3803 114 3851 in
121 3807 237 3869 utroque
246 3805 333 3869 elogio
345 3806 476 3859 Chloridis
488 3810 515 3857 et
524 3810 612 3870 Gygae
650 3818 744 3855 renus.
763 3808 795 3858 Ut
811 3806 853 3856 hic
870 3807 950 3855 444444
966 3804 1000 3853 de
1012 3804 1072 3853 vivo
1085 3802 1177 3867 splen·

90 3890 148 3929 vere
163 3874 354 3953 ἀντιστρόφῳ
366 3882 565 3942 venustissima,
585 3885 614 3931 ut
650 3878 729 3938 dore,
749 3880 782 3929 de
801 3882 905 3930 mitiore
919 3880 1029 3937 renidet,
1048 3878 1086 3927 sic
1098 3876 1173 3943 hpul.

90 3952 121 3999 filu
136 3954 240 4017 dicam,
262 3956 369 4006 mulitia.
405 3955 612 4008 Eumenimob
650 3956 711 4006 hiet.
735 3955 759 4003 2.
782 3968 809 4018 p.
835 3956 890 4005 l08.
911 3953 991 4004 oud:
1012 3951 1095 4015 Quid?
1119 3964 1176 4002 cam

89 4020 193 4078 sausaim
213 4028 305 4080 laudat
321 4028 423 4094 puellas
442 4044 612 4095 puerumque
649 4030 872 4091 capillis--nttor
892 4028 1034 4090 splendidus
1053 4028 1136 4075 4114444
1152 4030 1176 4075 st

89 4100 612 4167 pulcherrimalormainsiguesetemari
649 4109 738 4153 contro
762 4104 820 4153 solis
841 4104 922 4153 aciem
941 4096 1041 4165 uipetus
1061 4098 1176 4163 rislpwot

87 4188 144 4225 sese
162 4177 359 4236 remetientes,
378 4192 431 4240 quo
444 4178 557 4241 Lalagen
569 4180 614 4229 sti-
648 4178 688 4227 vel
699 4178 817 4239 placidus
827 4176 940 4227 renidet?
957 4178 1011 4225 1144
1023 4171 1107 4222 verbo
1119 4174 1176 4223 ule-

88 4248 177 4307 mulet‚
197 4252 229 4298 44
245 4263 326 4313 quem
345 4252 461 4313 primum
478 4250 513 4301 4114
530 4254 612 4301 choro
649 4251 747 4302 bantur
781 4251 836 4302 lere
871 4256 966 4313 poetae
1002 4250 1175 4311 (quamquam
