2934 4884
661 367 790 416 llOltA'l’ll
808 366 977 418 crumilum

446 532 512 598 Sub
536 552 613 616 rege
636 531 730 597 Medo
754 533 878 597 llarsus
901 543 933 596 et
954 530 1094 617 Apulus,

443 653 638 719 Anciliorurn
660 662 692 717 et
715 652 852 717 nominis
875 662 907 717 et
928 663 1022 738 togae

486 773 613 841 Oblitus
636 782 855 861 aeternaeque
877 774 1013 849 Vestae,

527 894 683 961 Incolumi
705 896 783 960 love
805 904 837 959 et
858 892 940 960 urbe
962 894 1088 960 Roma?

442 1036 510 1100 Hoc
533 1043 664 1100 caverat
684 1054 777 1099 mens
799 1032 936 1120 provida
956 1033 1069 1120 Reguli

444 1156 669 1223 Dissentientis
692 1154 937 1220 condicionibus

488 1276 605 1343 Foedis
629 1288 661 1342 et
684 1274 833 1362 exemplo
855 1274 1010 1341 trahentis
1323 1278 1361 1341 45

280 1454 288 1467 .
339 1422 378 1470 ro.
398 1421 473 1471 Prius
490 1424 513 1469 ct
529 1432 583 1469 orn.
603 1420 630 1469 T.
652 1444 679 1453 -
699 1419 739 1467 44.
758 1417 875 1466 Incolumi
891 1416 937 1465 bS.
959 1444 985 1453 -
1004 1418 1044 1466 444.
1057 1416 1209 1467 trubmtida
1222 1420 1332 1469 canteri

308 1496 377 1545 conl.
388 1497 415 1544 et
426 1506 488 1543 cum
497 1494 600 1543 comm.
612 1492 720 1554 Cruquil
730 1492 758 1551 L,
770 1492 836 1540 item
844 1488 987 1550 Bentleius,
1001 1492 1046 1552 qui
1058 1492 1149 1540 tamen
1159 1492 1186 1540 in
1194 1492 1329 1543 Adnotatt.

306 1568 424 1632 praefert
434 1568 540 1629 compti
552 1567 679 1616 trabeatis.
699 1566 739 1627 (Ut
750 1578 812 1623 nos,
831 1577 925 1614 omnes
936 1565 1034 1624 nostri,
1048 1563 1172 1625 Bentleii,
1191 1568 1331 1630 Pottierii.)

273 1690 326 1738 biv.
341 1688 409 1751 Epit.
423 1687 542 1737 Cllllvll.
558 1714 586 1722 -
600 1688 718 1749 Languet
732 1699 797 1749 prae
837 1686 946 1736 Vestam
957 1686 1063 1734 Romani
1074 1686 1174 1747 imperii
1180 1687 1275 1749 pipinus
1285 1690 1364 1737 vocat

273 1762 334 1812 lect.
347 1759 476 1811 librorum
492 1762 595 1809 tantum
614 1773 666 1810 nou
679 1762 798 1810 omnium
836 1760 938 1810 Seneca
954 1760 1079 1809 Controv.
1096 1760 1106 1808 4
1120 1760 1163 1821 ,3.
1176 1774 1235 1824 pag.
1249 1762 1292 1811 93.
1306 1764 1362 1825 Bip.

275 1835 357 1885 altera
374 1836 401 1883 iu
418 1835 499 1894 amis,
521 1846 603 1896 quam
620 1846 682 1883 cum
701 1836 799 1884 Cante-
839 1858 866 1869 -
885 1834 1006 1883 Incolumt
1021 1834 1085 1898 love]
1102 1834 1194 1884 «Salvo
1206 1835 1362 1899 Capitolio.»

274 1922 320 1959 rus
337 1911 365 1959 et
380 1910 408 1959 T.
424 1908 508 1957 Faber
528 1908 680 1957 coniectura
697 1920 800 1971 propo-
836 1910 928 1958 Senon.

274 1984 414 2045 suissent,
441 1982 607 2031 confirmavit
635 1995 703 2033 unus
731 1982 797 2032 Cod.
869 1983 909 2031 43.
936 1984 1047 2047 4444444]
1068 1983 1115 2033 aEt
1137 1984 1226 2032 tamen
1251 1996 1286 2033 ne
1305 1983 1363 2034 talis

274 2058 365 2109 Altort.
386 2059 420 2119 l.,
440 2058 466 2106 in
484 2069 537 2120 quo
555 2057 627 2105 casui
645 2056 769 2106 debetur.
836 2055 973 2119 turpitudo
990 2058 1071 2119 atque
1089 2056 1231 2119 ignominia
1242 2070 1363 2120 unquam

306 2134 331 2182 9.
349 2132 416 2196 rege]
433 2131 593 2182 invidiosum
612 2132 684 2196 apud
702 2134 799 2181 [loma-
836 2132 969 2180 Romanos
991 2130 1194 2190 dehonestaret,
1217 2131 1363 2195 providere

273 2220 322 2257 nos
345 2219 452 2257 nomen.
480 2230 507 2241 -
530 2208 632 2257 Marsa
654 2210 677 2255 et
695 2206 800 2270 Apulus]
835 2202 958 2253 voluerat
985 2206 1038 2255 iam
1064 2203 1192 2268 Regulus,
1222 2208 1363 2269 specimen

274 2280 469 2331 bellicosissimi
486 2279 574 2333 ltaliae
587 2277 685 2344 populi.
705 2278 801 2329 Liben-
837 2276 900 2328 illud
932 2292 1055 2329 summae
1088 2280 1253 2329 constantiae
1287 2283 1363 2330 cet.-

275 2358 324 2416 ter,
338 2355 490 2418 ubicunque
503 2357 601 2419 potest,
615 2368 679 2405 suae
689 2352 799 2418 Apuliae
837 2354 936 2416 Captus
959 2356 1001 2402 est
1016 2366 1031 2402 a
1051 2353 1316 2416 Karthaginiensibus
1337 2367 1361 2403 a.

276 2429 396 2481 meminit
415 2431 503 2493 poeta.
836 2441 863 2476 u.
883 2440 908 2477 c.
928 2426 985 2477 499.
1021 2426 1123 2478 Crebro
1144 2428 1196 2478 boc
1218 2427 1293 2477 idem
1319 2442 1364 2477 ar-

308 2506 348 2554 40.
366 2504 527 2568 Abodiacum]
546 2502 635 2554 Altera
654 2504 800 2555 4044444444-
836 2504 993 2565 gumeutum
1023 2500 1188 2552 tractabatur
1214 2502 1241 2552 iu
1269 2503 1363 2552 rheto-

274 2580 359 2629 ctlium
382 2580 470 2629 estin
491 2580 574 2629 luscr.
593 2591 629 2628 m.
650 2580 704 2629 Lat.
723 2578 797 2630 4444.
836 2588 897 2625 nrm
919 2574 1025 2625 scholis.
1062 2575 1115 2625 Cir.
1135 2576 1189 2625 Cic.
1208 2574 1243 2624 de
1266 2577 1311 2626 04.
1330 2578 1361 2636 3,

275 2666 338 2701 av.
363 2653 451 2701 amm.
488 2640 798 2715 (easaetenatone,
836 2647 1362 2712 as,ros.va1.uaa.t‚r,u:aasa‚

273 2724 478 2789 spmtsotiorum.)
499 2726 568 2787 Lege
586 2726 660 2776 Ovid.
680 2728 748 2777 Fast.
767 2728 797 2790 3,
837 2736 901 2786 quac
912 2724 947 2772 cd
955 2724 1095 2772 muciam
1105 2723 1234 2786 religionis
1244 2725 1361 2785 4444444444,

274 2800 331 2849 373.
366 2800 510 2862 Nobipcocs
532 2800 622 2860 clipeos
637 2803 716 2850 vocat
732 2803 797 2851 Stat.
835 2798 916 2848 nescio
939 2812 974 2847 an
998 2811 1081 2848 munos
1096 2800 1132 2849 44.
1150 2798 1239 2848 Atilius
1255 2799 1364 2862 ltopatu

275 2873 335 2923 Silv.
349 2876 377 2934 o,
391 2875 420 2933 4,
440 2873 496 2922 434.
513 2900 539 2908 -
553 2874 633 2937 togae]
646 2875 718 2938 virg.
732 2876 797 2925 ben.
832 2872 997 2934 praecesserit
1007 2875 1069 2931 cet.;
1086 2872 1154 2922 inter
1165 2875 1258 2935 poetas
1269 2872 1362 2924 Silium

275 2950 302 3008 t,
321 2948 384 2998 ²82:
415 2948 552 3011 omenes,
577 2961 664 2998 rotun
688 2951 802 2999 4444444444
837 2948 866 3008 6,
891 2946 939 2997 344
962 2959 1037 3009 seqq.
1064 2945 1152 3009 (Baldo
1170 2947 1256 3009 Lyric.
1277 2949 1306 3009 t,
1325 2950 1361 3007 3.,

274 3022 797 3085 putamquetoqctum.ilor11st‚tt,a:
836 3022 948 3072 tortasse
972 3022 1050 3071 nimis
1074 3034 1167 3085 presse
1192 3022 1293 3071 Horatii
1317 3036 1364 3072 ve-

276 3096 411 3159 (domnius)
427 3098 543 3159 patriae,
567 3100 687 3159 nominis,
710 3105 797 3162 toque,
836 3097 911 3159 stigio
935 3108 1067 3159 sequens,
1089 3094 1217 3159 pleraque
1241 3096 1305 3146 hinc
1328 3098 1362 3146 ad

274 3172 381 3234 4444444444
397 3172 492 3221 oblitus.
506 3199 533 3207 -
543 3174 656 3223 Nominis
668 3174 694 3222 b.
708 3172 724 3223 l.
739 3186 799 3223 ma·
836 3172 954 3222 Thomna
972 3171 1036 3221 btori
1056 3171 1232 3220 constantiam
1249 3170 1364 3220 laudau-

275 3244 370 3295 uilesto
382 3259 430 3310 pro
441 3246 569 3296 unonrinis
578 3246 712 3305 Romania
725 3247 799 3310 quod
836 3246 899 3297 dam
916 3245 1046 3306 detorsit.)

274 3319 363 3382 ipsum
384 3320 453 3369 inest
475 3319 502 3368 in
529 3332 588 3369 voc.
611 3325 691 3383 toque.
732 3322 798 3380 Quia
869 3321 909 3372 44.
944 3318 1140 3382 condicionibus]
1173 3332 1238 3369 casu
1268 3322 1361 3379 tertio,

274 3406 327 3443 uon
345 3392 537 3456 intelligebant,
561 3393 667 3457 plurimi
684 3396 799 3458 scripto·
835 3399 866 3446 ut
882 3393 988 3456 Quintil.
1004 3396 1035 3454 8,
1053 3395 1083 3452 6,
1102 3393 1148 3444 bl:
1175 3393 1364 3455 siqucoorbtt

274 3483 318 3519 res
335 3468 433 3518 librarii
451 3469 599 3519 omiserunt
615 3474 652 3529 et;
671 3483 741 3533 quae
757 3472 799 3520 in·
836 3471 954 3520 4444444444.

274 3542 417 3593 tolerabilis
445 3542 524 3593 lectio
555 3542 654 3607 placuit
682 3544 799 3607 Cruquio
870 3542 1362 3607 ibid.trabcttishbbexcmploper-

273 3630 304 3665 oc
322 3618 472 3678 Torrentio,
491 3619 590 3667 reiecta
608 3631 622 3665 a
640 3616 767 3668 Bentleio.
835 3620 933 3669 uiciem
944 3619 971 3667 in
988 3619 1111 3681 posteros
1123 3615 1259 3676 trahebat,
1278 3617 1363 3667 dedu·

306 3691 345 3739 44.
367 3691 405 3739 ta.
427 3691 520 3754 Vestae]
534 3692 608 3741 cuius
625 3693 691 3755 ignis
703 3694 798 3756 pignus
836 3693 926 3753 cebat,
945 3692 1037 3750 idest,
1056 3690 1196 3741 dictitabat
1206 3689 1259 3741 tale
1272 3704 1362 3742 exem-

273 3766 330 3817 erat
358 3766 522 3815 aeternitatis
549 3767 682 3815 Romanae
714 3767 796 3817 urbis.
835 3766 909 3831 plum
927 3767 1024 3816 nimiae
1037 3765 1166 3815 facilitatis
1178 3764 1212 3814 ad
1223 3764 1362 3816 redimen-

273 3840 327 3889 Cic.
346 3838 381 3887 de
405 3840 483 3901 Legg.
503 3840 532 3899 2,
557 3839 588 3889 8:
621 3840 731 3903 Virgines
753 3842 799 3890 Ve-
835 3841 884 3892 dos
911 3841 1033 3904 captivos
1058 3840 1112 3889 vim
1130 3840 1361 3890 etauctoritatem

271 3914 348 3962 states
364 3914 390 3961 in
406 3912 468 3963 orbe
483 3914 639 3963 cutodiucto
655 3915 739 3977 ignem
749 3915 799 3976 soci
834 3916 1012 3978 perniciosam
1029 3914 1055 3963 iu
1073 3916 1195 3977 posteros
1206 3913 1361 3964 habiturum

269 3986 363 4047 publici
373 3988 558 4049 smpiternam.
577 3988 605 4037 ln
618 3988 797 4038 iureiurando
835 4002 920 4039 esse.»
954 3990 1024 4037 isan.
1051 3988 1118 4037 Vide
1149 3988 1307 4038 Excursum.
1333 4013 1360 4025 -

273 4059 390 4123 Philippo
403 4061 541 4113 Macedoni
560 4062 683 4124 imposito
696 4064 796 4111 Graeca
835 4064 962 4112 Ceterum
986 4062 1107 4111 trabeatis
1131 4061 1245 4111 Codices
1267 4074 1362 4112 omnes

273 4133 311 4181 sic
330 4140 533 4196 expresserunt:
558 4132 612 4199 τὴν
629 4134 728 4184 ἑστίαν
746 4135 797 4201 τῆς
833 4140 942 4199 praeter
965 4137 1073 4200 Cruquii
1098 4134 1285 4195 Scholiastam,
1316 4138 1362 4199 qui

268 4201 387 4271 Ῥώμης.
406 4209 514 4259 Diodor.
534 4210 574 4260 Fr.
594 4209 671 4259 Dind.
691 4222 716 4273 p.
738 4206 794 4260 448.
834 4210 929 4261 babet:
958 4211 1095 4275 scrutanti]
1120 4211 1251 4261 adserenti
1273 4212 1301 4259 iu
1319 4210 1361 4259 su-
