2934 4884
509 403 567 453 tha.
587 405 629 454 III.
668 407 697 456 C.
716 407 826 456 IIItvttt.

422 901 884 970 mum

234 1071 329 1135 Festo
353 1070 431 1158 quid
455 1071 562 1158 potius
584 1073 636 1140 die

274 1193 411 1280 Neptuni
435 1191 574 1260 faciam?
596 1196 712 1262 Prome
735 1197 956 1264 reconditum·

231 1313 323 1402 Lyde
346 1322 477 1380 strenua
500 1315 686 1382 Caecubum

274 1435 480 1522 liunitaeque
504 1435 622 1502 adhibe
644 1438 708 1503 vim
731 1439 918 1525 sapientiae.

168 1633 278 1682 IIIIVIII.
297 1633 379 1682 Inscr.
400 1632 468 1698 volg.
487 1632 526 1683 Io
542 1634 634 1694 Lyden.
657 1663 682 1669 -
702 1637 790 1696 Indos
806 1636 848 1686 bc.
871 1667 897 1674 -
914 1638 1160 1702 autumpnae·

133 1710 210 1758 netlce
227 1707 385 1774 (syllopistice
402 1709 438 1770 S.)
456 1709 485 1758 de
501 1708 682 1770 Neptunalibus
699 1711 745 1760 Its.
767 1740 793 1748 -
812 1714 837 1762 2.
854 1712 937 1775 socios
953 1713 1036 1764 Beotl.
1054 1716 1123 1765 coni.

133 1885 245 1934 IIIIVIII.
273 1885 406 1935 Arcessila
430 1883 464 1934 ad
488 1897 518 1934 se
542 1885 628 1934 amica
666 1885 781 1937 lebrare.
815 1887 867 1937 Sed
884 1888 984 1960 ἑταίρᾳ
999 1889 1138 1940 libertinae
1157 1889 1192 1940 ad

104 1957 173 2008 solus
192 1971 254 2008 cum
272 1957 328 2009 sola
344 1956 500 2022 Neptunalia
517 1971 629 2022 compo-
666 1959 812 2012 solltnrlum
833 1965 983 2013 convivium
1002 1967 1113 2014 vocatae
1130 1964 1191 2015 talIa

104 2033 200 2082 tallone
222 2035 249 2082 el
270 2036 349 2084 cantu
371 2031 497 2082 celebrat.
527 2034 629 2096 Neptn-
666 2033 761 2085 nullius
788 2035 888 2086 laborIs
912 2037 999 2086 officia
1027 2050 1077 2101 per
1102 2039 1191 2088 iocum

103 2105 167 2157 nalia
187 2106 237 2156 alia
251 2121 275 2156 a.
290 2107 316 2156 d.
329 2107 359 2156 ll.
375 2106 490 2169 laonii„
509 2108 539 2156 ul
555 2108 628 2157 aiunt
665 2108 786 2157 mandari
807 2111 932 2173 poterent
952 2110 987 2159 ab
1010 2112 1097 2160 amIoo
1114 2124 1191 2161 com·

102 2179 153 2241 alii)
182 2180 237 2230 Kal.
261 2181 340 2243 Aug„
368 2180 418 2230 alin
441 2182 467 2230 in
496 2182 626 2231 honorem
664 2182 786 2231 modiore
798 2184 837 2243 et,
850 2195 905 2246 quo
915 2181 1025 2232 liberior
1036 2183 1116 2244 toret,
1134 2199 1191 2235 ser-

102 2267 205 2317 pugnae
223 2256 345 2304 Actiacae
364 2254 420 2304 Kal.
439 2256 511 2318 Sept.
526 2267 628 2305 memo·
664 2269 728 2306 vum
745 2255 847 2305 nullum
864 2269 974 2307 mensae
985 2257 1139 2307 adhibente.
1159 2285 1187 2295 -

102 2331 158 2379 rant
188 2330 320 2392 Inscripti.
345 2330 400 2379 Lat.
425 2329 450 2378 Ξ.
477 2342 503 2391 p.
528 2328 577 2379 394
600 2331 627 2378 et
663 2329 825 2393 reconditum]
852 2330 999 2380 «interioris
1025 2333 1104 2380 notae
1130 2330 1186 2393 (0d.

100 2403 155 2453 398.
178 2401 327 2465 Intelligere
345 2402 450 2452 videtur
466 2403 554 2466 priora
573 2401 624 2462 illa,
663 2407 692 2465 ἓ,
712 2405 741 2465 3,
759 2405 804 2467 ill,
825 2405 889 2456 satis
906 2405 985 2467 Igilur
1000 2407 1078 2456 vetus
1094 2419 1127 2456 ae
1141 2419 1190 2474 ge·

100 2491 168 2540 quae
192 2481 262 2528 teste
289 2479 367 2528 Festo
392 2477 509 2527 frondeis
538 2479 624 2538 casis,
663 2491 816 2529 aerosum.»

99 2565 165 2614 quas
183 2552 287 2601 mnbrns
302 2551 448 2612 vocabant,
467 2552 494 2600 iu
511 2552 568 2615 ripa
585 2553 626 2601 Ti·
695 2555 718 2604 3.
742 2553 854 2618 strenun]
874 2567 924 2618 pro
945 2552 1074 2604 adverbio
1090 2565 1188 2618 prosae

99 2627 171 2677 heris
195 2627 316 2677 excitatis
340 2629 368 2677 el
389 2629 464 2677 tauro
488 2625 625 2676 immolato
663 2629 728 2677 orat.
764 2629 811 2678 Est
833 2629 924 2690 igItur:
955 2627 1027 2678 alloll
1050 2629 1187 2690 delatIgarI

98 2700 314 2750 celebrabantur.
348 2701 406 2760 Quo
426 2701 547 2763 tempore
572 2702 624 2750 hoo
663 2703 688 2751 in
715 2701 866 2765 promendo
893 2701 1017 2752 Caecubo
1043 2703 1189 2752 exhorreo

98 2787 209 2825 carmen
228 2775 405 2838 compositum
422 2773 469 2835 sit,
492 2775 624 2824 incertum
662 2776 718 2826 sive
747 2777 878 2840 apotheca
906 2777 1006 2826 vlnarla
1032 2777 1112 2840 atque
1137 2789 1187 2826 ex·

97 2853 149 2907 esu
173 2849 335 2899 liirchnerus
352 2851 379 2898 et
396 2849 549 2912 nuperrime
562 2850 626 2897 Gro·
661 2861 763 2912 pugna,
782 2848 866 2915 pelle,
885 2848 1035 2899 liberallore
1051 2853 1115 2914 potu
1137 2851 1187 2900 tri-

98 2923 440 2987 tetendsscha‘ttn.tnnto.
454 2924 478 2971 d.
493 2923 582 2971 Ilorct.
596 2935 622 2986 p.
661 2924 772 2973 stiorem
794 2928 868 2973 tuam
890 2937 922 2973 ac
948 2925 987 2973 sIc
1011 2925 1075 2974 satis
1097 2925 1186 2973 muni-

96 2999 147 3059 30.)
170 2998 373 3060 assignaverunt
389 3009 458 3048 anno
476 2997 533 3046 732.
661 2999 715 3046 tam
728 2997 1016 3061 adversusvoluptntes
1028 2999 1185 3060 gravitatem

126 3074 152 3122 I.
181 3072 286 3135 [actem]
310 3061 452 3142 «Ὕστερον
474 3065 620 3141 πρότερον.
661 3083 823 3133 mecumque
847 3071 929 3119 Genio
952 3069 1084 3132 indulge.»
1113 3072 1186 3122 Ilaec

95 3147 158 3196 Erat
176 3148 249 3196 enim
266 3147 310 3196 hic
321 3145 400 3195 ordo:
427 3147 537 3196 «Prome
554 3147 624 3195 Cae·
660 3144 750 3193 omnia
767 3157 877 3206 prorsus
894 3145 983 3193 iocose
1000 3157 1032 3193 ac
1049 3145 1134 3194 tacete
1147 3145 1186 3195 di-

95 3221 211 3280 cubum,
238 3222 269 3268 ut
290 3220 396 3282 (tecum)
417 3219 517 3269 bibam.
554 3218 623 3278 QuId
659 3219 701 3267 cla
719 3220 793 3278 sunl,
811 3218 969 3280 praesertim
981 3219 1080 3266 monuo
1094 3216 1184 3268 lllaab

94 3297 168 3345 enim
191 3295 281 3356 potius
302 3293 368 3343 Iesto
391 3293 504 3356 Neptuni
521 3293 564 3342 die
582 3293 622 3342 In·
659 3292 731 3341 omni
749 3291 894 3340 tentatione
919 3291 1044 3352 snpientia
1067 3290 1182 3353 puellae.

94 3383 156 3419 cere
176 3369 325 3431 possumtn
349 3369 425 3417 Lnun.
445 3367 501 3416 lloe
518 3368 541 3417 si
558 3367 621 3417 salis
659 3367 690 3416 Ut
712 3367 802 3414 autem
824 3364 858 3413 ad
880 3363 971 3425 Lyden
994 3364 1183 3427 potiusquam

92 3440 283 3506 perpendisset
294 3439 437 3500 Bentleius,
449 3441 492 3490 vix
502 3441 622 3504 scripsis-
658 3439 692 3488 ad
710 3439 798 3502 ipsum
816 3437 953 3487 IloraIIum
970 3437 1120 3486 referamus
1137 3451 1181 3486 vv.

93 3521 147 3567 set:
168 3515 260 3578 (noim
289 3515 341 3564 Sed
359 3516 385 3564 in
403 3526 523 3564 errorem
543 3513 622 3564 indu·
657 3513 770 3562 munitm
795 3512 933 3573 saptentiae
964 3509 1079 3560 suadent
1105 3523 1181 3574 seqq.

93 3594 151 3640 clus
180 3593 222 3639 est
250 3602 283 3638 eo
308 3601 429 3652 quoque,
459 3589 533 3651 quod
558 3602 620 3639 cum
656 3588 744 3637 Parcis
760 3588 812 3636 cet.
837 3587 921 3636 Nimis
936 3583 1061 3634 videlicet
1077 3586 1183 3648 tempe·

91 3664 231 3727 plerisque
249 3663 399 3726 Interprell.
419 3663 532 3712 credidit
548 3675 621 3713 eom·
658 3664 723 3722 rata,
744 3661 860 3724 supinus,
879 3656 1014 3730 σώφρων,
1029 3659 1182 3710 elluselae·

92 3738 260 3800 potationem
281 3735 350 3784 hanc
372 3737 396 3785 ln
417 3736 507 3798 Lydae
524 3735 618 3796 domo,
658 3737 721 3786 tanti
731 3735 929 3786 videturamion
939 3734 1054 3784 fidicina.
1074 3735 1181 3783 «Graeci

92 3825 144 3862 nou
166 3812 193 3862 in
211 3808 295 3860 Flacci
314 3809 433 3859 hahilem
451 3811 525 3872 hugi,
547 3809 619 3874 quod
657 3809 730 3858 alunt
752 3809 807 3858 vim
828 3809 973 3872 sapientiae
994 3807 1116 3858 adhiberi
1132 3820 1183 3870 per

91 3889 186 3935 contra
205 3887 255 3934 est.
277 3911 303 3920 -
317 3884 418 3947 Prome]
437 3885 548 3949 Propter
559 3884 621 3934 ohe·
657 3884 776 3932 vinum.»
800 3884 935 3942 Poenum,
955 3883 982 3931 id
999 3881 1071 3944 quod
1089 3894 1120 3930 ex
1133 3893 1183 3930 an-

90 3959 169 4018 rile»,
185 3961 214 4008 ut
225 3959 311 4016 aiunl,
325 3959 375 4007 hoc
388 3959 491 4008 iussum
503 3955 619 4008 nonnulli
657 3957 731 4019 liquo
760 3957 989 4016 commentatore,
1020 3956 1065 4018 qui
1096 3955 1182 4003 versi-

90 4035 186 4095 Lyden
204 4045 254 4096 pro
266 4031 363 4081 Iloralii
382 4031 465 4080 villica
478 4031 520 4080 vel
539 4030 620 4081 cella·
657 4030 747 4080 culum
764 4033 895 4079 Graecum
912 4028 1095 4092 adscripserit,
1116 4027 1182 4092 peti-

91 4109 126 4156 rIa
147 4106 310 4157 habuerunt.
336 4105 393 4156 Noli
410 4105 536 4154 credere:
557 4119 617 4155 nam
657 4107 712 4154 tum
730 4104 844 4153 videtur.
867 4133 893 4138 —
913 4101 1060 4165 Cnentbtnn]
1079 4100 1181 4165 dequo

90 4179 233 4230 ridiculum
245 4179 337 4230 luisset
349 4179 479 4230 elusmodi
497 4193 558 4229 cum
570 4194 619 4229 an·
657 4179 809 4230 Athenaeus
835 4178 862 4235 l,
888 4178 921 4226 27
947 4191 978 4226 a:
1009 4173 1181 4227 παλαιοῦται

91 4254 147 4303 cilIn
169 4251 336 4318 συμπόσιον
349 4255 428 4304 etiam
445 4255 563 4304 carmine
577 4267 620 4303 ce·
655 4249 729 4318 μετὰ
747 4248 833 4303 ἱκανὰ
848 4244 907 4315 ἔτη.
1117 4252 1120 4267 “

417 4441 427 4468 I
