2934 4884
320 364 382 428 726
719 364 849 414 nonam
874 365 1002 415 eropon

402 515 661 607 Parentibusque
684 519 887 585 abominatus
911 507 1088 593 Hannibal,

361 643 461 729 impia
484 641 660 728 perdemus
682 639 791 706 devoti
815 640 980 726 sanguinis
1003 651 1108 708 aetas,

401 763 560 848 Ferisque
583 782 697 827 rursus
718 759 931 848 occupabitur
953 760 1068 826 solum.

360 881 522 949 Barbarus
544 882 609 947 hen
631 882 760 948 eineres
783 881 907 946 insistet
929 881 1031 948 vietor
1053 893 1085 947 et
1108 882 1225 950 Urbem

403 1005 511 1089 Eques
536 1013 670 1068 sonante
693 1000 879 1068 verberabit
900 1002 1037 1089 ungula,

384 1211 408 1258 8.
426 1209 602 1259 Pormtibusve
612 1208 747 1260 Bentleius
759 1210 827 1260 coni.
849 1233 875 1244 -
895 1208 1076 1258 obmnmondut
1086 1208 1202 1258 Pettierii
1215 1210 1226 1258 t
1237 1248 1242 1270 ‚
1254 1211 1278 1268 4,
1290 1211 1313 1266 3,
1323 1211 1360 1258 tr.

318 1395 447 1446 Cimbris:
475 1391 604 1458 pulsatu
619 1394 674 1458 pir
691 1391 840 1456 εἱκάζοντο
879 1396 989 1443 insistere
1007 1393 1089 1444 4444444.
1111 1393 1187 1458 Apul.
1208 1396 1267 1446 llet.
1280 1395 1353 1454 ²2²⁴·
1367 1409 1394 1458 p.

317 1466 556 1539 Γορμανικὰγένη
567 1495 597 1506 --
608 1465 842 1534 ε4ναιτοῖςμεγέ-
879 1466 936 1518 tta.
955 1468 998 1516 0.:
1023 1467 1153 1517 insistebat
1171 1469 1286 1530 lapidem.
1305 1496 1330 1504 -
1347 1470 1396 1517 ilr-

317 1545 384 1594 θεσι
399 1540 458 1593 τῶν
474 1540 619 1608 σωμάτων
636 1543 686 1593 καὶ
702 1541 738 1612 τῇ
756 1557 842 1612 χαρο-
880 1541 942 1602 bern]
961 1540 1077 1600 «solum,
1105 1555 1159 1605 quo
1181 1543 1248 1594 Urbs
1269 1545 1395 1594 steterat·

318 1615 421 1682 πότητι
431 1619 488 1667 τῶν
496 1612 646 1683 ὀμμάτων.
657 1620 739 1669 Tacit.
751 1621 839 1667 Germ.
882 1641 909 1652 -
923 1616 1077 1680 liquescet]
1096 1617 1245 1679 nequitatus
1256 1616 1349 1668 hostilis
1361 1619 1397 1667 le-

318 1693 349 1742 t:
362 1693 659 1754 bobine-corporum„
670 1693 751 1742 wem:
764 1692 843 1740 omni-
881 1690 979 1739 roeiter
990 1689 1087 1740 urbem
1096 1689 1307 1755 pervagabitur.»
1320 1693 1395 1742 isaiae

319 1765 365 1814 bus
385 1771 467 1816 tntees
487 1771 510 1816 ot
528 1767 637 1816 meretri
653 1766 732 1825 444444,
750 1766 843 1815 institae
882 1763 926 1822 tt,
945 1764 975 1812 2:
1003 1765 1142 1814 Derelictoe
1158 1765 1232 1815 urbes
1247 1768 1326 1816 Aroi'r
1342 1779 1396 1830 prt-

315 1853 415 1900 eomoe,
443 1853 540 1904 mopoo
566 1853 684 1902 corporo.
722 1838 840 1890 luvenal.
880 1836 952 1898 pibus
974 1837 1072 1898 (datie.)
1097 1843 1194 1900 erran,-
1211 1845 1233 1888 et
1257 1841 1396 1902 requiescent

318 1913 362 1974 43,
382 1912 444 1964 tet:
470 1913 579 1964 Goemlo
595 1915 761 1977 qoirrtupoit
779 1915 843 1964 Ger·
880 1911 927 1968 ibi;
945 1915 1034 1960 elnon
1051 1913 1110 1972 erit,
1130 1913 1317 1973 quieeterreot.
1336 1915 1392 1962 Eze-

316 1989 388 2037 moni
414 1989 528 2050 lumino,
555 1991 652 2053 44444444
679 1987 844 2039 menon?
880 1984 949 2034 ehiel
967 1985 1013 2044 26,
1033 1986 1078 2034 ti:
1100 1987 1396 2049 llnputisenoonennto-

319 2060 406 2114 Manli.
419 2061 447 2125 4,
473 2063 535 2113 vat:
564 2063 642 2124 reque
662 2064 723 2127 [4444
740 2065 843 2126 ‹tipoom
879 2071 939 2107 mm
954 2059 1109 2109 eonotteotit
1124 2073 1209 2110 omnes
1226 2061 1324 2122 pteteos
1338 2067 1395 2119 mos,

317 2141 430 2198 44444444,
449 2138 599 2200 Germania,
611 2143 726 2189 matrem
746 2139 842 2188 Ferum
878 2133 1000 2195 populien
1016 2138 1087 2182 tuum
1103 2134 1189 2198 plodio
1205 2137 1301 2196 caedet,
1318 2142 1340 2185 et
1350 2141 1396 2184 rta-

317 2223 414 2275 reapse
431 2215 572 2275 aspectum
589 2213 703 2278 praebet
718 2211 843 2262 Germani
879 2213 939 2257 tutte
955 2213 1014 2258 tuoe
1028 2207 1122 2258 nobiles
1132 2211 1159 2259 in
1173 2214 1270 2260 ter-rom
1280 2217 1395 2260 comem.

318 2287 400 2348 eaput
416 2299 448 2335 ex
466 2287 569 2336 traiani
586 2289 708 2351 tempore
720 2288 747 2336 in
758 2287 843 2336 ltu-ree
881 2280 955 2331 Ovid-
968 2283 1087 2332 01P⁰ub
1102 2285 1128 2343 ⁴.
1147 2285 1178 2342 ἲ,
1198 2285 1260 2333 ⁴⁴⁴2
1279 2286 1328 2334 Nx
1338 2285 1396 2334 'Mle

317 2359 446 2409 murem.
470 2361 502 2410 ll.
521 2362 549 2411 T.
563 2361 659 2411 llLVll.
680 2388 709 2398 -
727 2361 843 2411 Peronti—
880 2357 1051 2418 compositos-
1062 2383 1077 2393 ·
1088 2357 1193 2407 Bistonii
1206 2359 1301 2409 4444444
1310 2359 1397 2423 enpnto

317 2433 370 2494 but]
394 2434 554 2485 amatoribus
577 2437 674 2486 nostris
695 2448 745 2498 per
767 2433 843 2486 Urbis
877 2431 1035 2492 4444444444.
1062 2431 1396 2498 (tleputoproequoetianr

318 2505 440 2556 seculum
451 2509 583 2558 sextum.»
602 2510 699 2560 llatres
711 2508 778 2559 tilios
791 2510 842 2558 lem
881 2507 934 2554 sat.
949 2506 976 2565 4,
996 2505 1024 2566 4,
1045 2505 1101 2556 tit.
1133 2507 1214 2566 «Quia
1241 2509 1266 2558 in
1292 2507 1396 2572 pedibus

318 2581 432 2630 amissos
452 2579 573 2643 lugentes
589 2583 611 2632 si
628 2583 778 2645 significare
796 2595 844 2631 vo-
881 2582 908 2629 et
929 2575 1026 2641 ungula
1047 2578 1177 2630 velocitas
1195 2583 1257 2645 equi
1275 2585 1327 2640 est,
1353 2595 1397 2645 po-

319 2653 412 2704 tuisset
430 2654 467 2716 (ut
484 2655 772 2718 opinanturnonnulli),
791 2657 844 2706 uti·
881 2653 950 2702 nitur
966 2665 1015 2716 pro
1033 2655 1087 2702 toto
1105 2667 1202 2718 equo.»
1224 2655 1349 2706 suurn.
1367 2655 1395 2704 ad

319 2739 372 2790 que
393 2726 515 2793 ἐπιθέτῳ
536 2727 625 2791 aliquo
647 2730 717 2778 hanc
733 2732 844 2779 senten·
881 2726 951 2789 Virg.
970 2728 1015 2776 Ge.
1035 2726 1065 2788 3,
1084 2728 1140 2777 446.
1167 2729 1207 2779 Ad
1224 2743 1249 2780 v.
1267 2729 1397 2779 verberabit

317 2801 427 2850 tentiam
445 2800 616 2851 declarasset.
633 2828 660 2837 ·-
676 2803 843 2866 obmntnetus]
881 2800 928 2850 eir.
947 2801 1077 2851 Senecam
1097 2803 1193 2852 Troad.
1213 2802 1254 2853 43.
1274 2803 1307 2854 de
1324 2809 1396 2854 lma-

319 2873 346 2922 h.
363 2872 380 2921 4.
398 2874 519 2936 passive,
546 2878 576 2923 ut
592 2875 646 2923 liv.
669 2875 714 2935 34,
735 2877 782 2926 te:
802 2877 845 2926 ob-
881 2873 1005 2924 zonibus:
1032 2875 1122 2937 lttpam
1147 2877 1255 2926 cateruis
1278 2881 1396 2930 Ponticam

318 2945 424 2995 otniae&
442 2948 593 2996 tanumeros.
628 2948 676 2998 0d.
697 2948 724 3011 4,
748 2953 776 3010 4,
795 2951 842 3001 il:
879 2949 960 2997 viduis
986 2947 1071 3012 serit.)
1102 2977 1130 2985 -
1160 2952 1280 3013 Quoeqrte
1300 2953 1393 3012 444444]

317 3019 431 3079 tattoque
440 3021 563 3071 mamam
574 3023 710 3074 vocassem,
727 3053 754 3062 -
765 3027 845 3076 aenon
882 3023 970 3081 «Quae
988 3035 1059 3072 nunc
1071 3035 1147 3072 suero
1160 3025 1185 3074 in
1198 3024 1339 3090 sepulchro
1350 3025 1394 3075 alte

317 3095 456 3158 moeniae]
467 3109 515 3146 nea
527 3096 597 3147 fatali
610 3098 766 3150 condicione
779 3102 841 3160 nati,
881 3094 1000 3156 defossa,
1019 3095 1151 3147 subducta
1169 3111 1201 3148 ae
1218 3098 1328 3151 detensa
1342 3103 1396 3150 sunt

318 3170 349 3218 ut
373 3171 401 3218 et
425 3169 475 3233 ipsi
500 3171 589 3222 devoti
615 3175 698 3224 simus
720 3176 800 3224 exitio
817 3178 844 3224 et
880 3168 968 3220 usole
985 3171 1138 3235 ventisque,
1162 3173 1208 3236 qui
1226 3187 1260 3223 ea
1277 3175 1395 3239 dissipare

317 3243 440 3293 destinati
461 3245 496 3294 ad
519 3248 632 3309 patriam
648 3248 842 3313 perdendam.»
880 3247 991 3308 possent
1008 3247 1077 3295 cet.»
1097 3273 1123 3282 -
1143 3259 1199 3296 oasa
1219 3249 1329 3314 Quirini]
1347 3251 1395 3298 -Sie

321 3345 349 3355 -
371 3320 469 3380 nonu]
492 3323 523 3370 ut
545 3325 606 3372 ante
623 3322 773 3374 Romulum.
800 3324 843 3373 Ti.
880 3317 956 3378 dicit,
981 3319 1056 3382 quasi
1075 3319 1202 3372 Romulus
1223 3322 1343 3387 sepultus
1359 3325 1394 3376 sit

319 3391 383 3442 buil.
395 3393 425 3452 2,
443 3395 472 3453 5,
490 3395 538 3443 25:
565 3396 613 3445 Sed
629 3401 688 3446 tunc
705 3397 843 3459 pascebant
881 3405 933 3442 uon
951 3390 986 3441 ad
1003 3391 1109 3443 caelum
1126 3398 1219 3458 raptus
1237 3401 1285 3446 eut
1304 3397 1397 3448 discer-

320 3465 426 3515 berboso
441 3467 542 3516 Palatio
556 3483 657 3518 vocene.
879 3469 941 3530 ptus
950 3479 964 3514 a
974 3465 1156 3528 senatoribus;
1175 3483 1238 3520 nom
1250 3471 1334 3521 Vana
1345 3475 1396 3536 post

351 3538 438 3590 tt-tt.
456 3540 597 3604 oetam]
609 3542 713 3604 Qualis,
732 3559 785 3595 non
798 3545 843 3595 de-
880 3541 972 3590 nostra
996 3540 1077 3592 luisse
1103 3541 1278 3606 sepulchrum
1304 3544 1397 3596 ltomuli

318 3613 415 3662 finitur.
451 3613 521 3663 eum
538 3617 610 3666 enim
627 3629 659 3666 ex
677 3621 767 3668 nostra
780 3631 843 3668 sen·
880 3613 970 3662 dicit.»
988 3615 1113 3665 Ponere.
1134 3616 1225 3680 (cona.
1238 3619 1330 3676 cure:
1345 3633 1397 3681 «ru

318 3687 400 3736 tentia
418 3699 527 3737 carmen
544 3689 676 3739 referatur
691 3691 762 3741 ada.
777 3705 802 3741 u.
817 3707 840 3742 e.
880 3688 1029 3750 nostres-2
1056 3689 1102 3738 ubi
1128 3691 1209 3740 etiarn
1226 3691 1254 3740 in
1272 3691 1349 3742 huius
1365 3693 1396 3742 rei

318 3760 375 3808 743.
400 3759 442 3809 rel
467 3762 536 3822 nte,
563 3777 612 3826 per
636 3777 666 3814 se
692 3763 843 3829 intelligitur
881 3763 1039 3813 memoriam
1056 3762 1124 3814 duos
1141 3763 1233 3816 leones
1251 3765 1397 3817 444444444-

318 3831 546 3884 vermellariam
554 3863 567 3872 -
578 3838 678 3887 -ototor
691 3851 743 3888 non
756 3840 842 3890 Dacos
880 3839 938 3886 etos
951 3837 1089 3900 constat»)
1107 3839 1208 3889 ltelerri
1219 3839 1318 3890 eodem
1330 3841 1396 3890 vide-

319 3909 347 3956 et
371 3909 514 3973 Aegyptios
533 3910 588 3972 (0d.
607 3912 635 3971 3,
655 3913 684 3971 6,
709 3913 770 3977 til,
788 3916 843 3964 An·
881 3913 924 3960 tur
940 3910 1071 3963 obscurus
1084 3911 1158 3963 iocus
1171 3915 1239 3964 Festi
1252 3915 1292 3964 Fr.
1307 3929 1333 3978 p.
1347 3917 1394 3963 tn.

317 3981 382 4031 tonii
399 3984 490 4046 copias
509 3983 664 4046 auxiliares,
691 3987 840 4049 significari.
881 3987 914 4037 ll.
934 3986 990 4037 485.
1009 3988 1053 4036 L.:
1086 3989 1164 4051 Niper
1178 3988 1245 4050 topia
1260 3989 1288 4037 in
1303 3989 1396 4040 Comitio

321 4079 349 4090 -
372 4057 467 4106 cineres
490 4057 592 4122 insistet]
618 4059 719 4110 &dem
743 4063 840 4111 constr.
880 4060 1097 4126 loeumsooestum
1107 4063 1241 4127 aipnilteot,
1254 4065 1393 4127 4444444444),

318 4126 376 4208 ter.
396 4128 461 4180 Eun.
480 4132 511 4191 2,
531 4131 555 4192 3,
574 4131 602 4181 3:
630 4147 708 4196 quesn
729 4136 843 4184 insistam
880 4135 977 4186 44444444
1007 4141 1083 4186 morti
1116 4137 1267 4187 drumm
1302 4138 1393 4200 (uetera

318 4200 410 4248 emm?
425 4203 495 4266 virg.
509 4206 575 4255 Aen.
588 4207 616 4265 6,
635 4207 697 4258 tta:
716 4209 842 4260 4444444444
880 4223 974 4261 manea
992 4211 1074 4272 sunt).
1096 4213 1334 4275 appropinquante
1350 4214 1393 4263 iem
