2934 4884
695 333 823 383 donarit
841 331 1009 384 mamaea

524 488 685 554 Lesboum
708 488 824 574 refugit
844 486 979 554 tendere
999 486 1158 552 barbiton.

448 689 452 701 .
522 609 645 689 Quodsi
668 629 720 676 me
743 608 852 698 lyricis
874 607 1000 676 vatibus
1023 608 1163 682 inseres,
1357 608 1405 671 35

521 729 655 796 Sublimi
677 730 790 796 leriam
813 729 920 796 sidera
942 729 1073 795 vertice.

377 929 416 980 aa.
435 929 523 978 sams
539 926 624 987 osca,
644 913 779 986 esnone.
802 928 842 977 rr.
878 930 909 979 nt
925 940 986 987 nos.
1010 929 1060 989 nr,
1088 927 1141 976 ano
1162 925 1269 985 aime,
1294 925 1362 975 coa.

344 1005 428 1064 Care,
447 1003 563 1067 quinque
581 1005 647 1053 Pott.
668 1003 705 1065 (V.
720 1002 760 1051 35.
775 1001 919 1052 delendum
936 1004 1047 1051 censent
1063 999 1227 1050 Eichstudius
1245 999 1363 1064 aliique.)

343 1078 389 1142 me]
407 1083 495 1128 manet
506 1080 533 1127 T.
550 1105 576 1112 —
591 1078 631 1127 36.
650 1077 768 1127 Sublimis
785 1078 802 1126 S
819 1081 847 1128 et
863 1080 890 1128 F.
927 1079 983 1141 (llic
1000 1091 1015 1127 e
1034 1078 1098 1128 Cod.
1117 1078 1181 1127 Acii.
1202 1078 1292 1141 Statii.)

311 1253 485 1318 Polyhymnia
501 1221 599 1306 iniibus
616 1255 736 1316 tendere,
758 1255 835 1304 dein·
872 1255 981 1306 matis.»
1023 1255 1150 1304 Futurum
1167 1253 1303 1304 firmatum
1320 1268 1336 1304 a
1356 1256 1400 1304 BT

313 1330 346 1379 de
364 1327 466 1393 plectro
483 1329 589 1394 prdsare
607 1329 729 1389 barbiton,
749 1328 835 1392 lyram
872 1341 937 1380 sane
955 1328 1042 1393 aptius
1053 1328 1158 1378 videtur
1169 1327 1323 1392 faciliusque
1336 1343 1401 1378 cor-

312 1405 440 1454 maiorem
458 1403 675 1468 heptachordem.
872 1406 981 1468 ruptum
997 1407 1039 1454 est
1060 1415 1142 1466 quam
1158 1417 1295 1466 praesens.
1331 1406 1401 1453 Per-

345 1477 384 1528 3l.
425 1478 551 1542 Lesboum]
594 1478 722 1526 Pindarus
764 1476 836 1540 apud
873 1491 953 1540 quam
975 1480 1036 1540 apte
1059 1480 1149 1527 autem
1171 1478 1197 1526 iu
1217 1478 1267 1528 hac
1284 1483 1399 1541 poema-

311 1554 405 1604 Athen.
431 1553 469 1604 tt.
493 1567 519 1617 p.
540 1554 660 1602 625.1).:
691 1547 742 1601 τὸν
762 1547 836 1621 βάρ-
872 1553 929 1600 tum
950 1550 1030 1601 veluti
1048 1551 1212 1601 dedicatione
1239 1553 1273 1602 ad
1290 1555 1401 1603 Maece-

311 1624 403 1686 βιτον·
427 1625 484 1678 Τόν
504 1621 543 1696 ῥα
566 1624 746 1698 Τέρπανδρός
768 1626 835 1676 ποθ’
873 1629 964 1676 netem
981 1627 1059 1688 redit,
1077 1629 1158 1690 atque
1176 1628 1260 1678 inanis
1272 1631 1314 1678 est
1331 1642 1400 1678 con-

313 1697 474 1764 ὁΛέσβιος
491 1693 573 1773 εὗρεν
589 1698 708 1772 Πρῶτος
730 1701 761 1753 ἐν
777 1699 836 1752 det-
872 1702 971 1751 iectura
1000 1703 1071 1763 Quod
1093 1701 1233 1765 (barbiton)
1254 1704 1400 1754 si--t'nse-

312 1791 409 1828 πνοισι
425 1775 525 1828 Λυδῶν
540 1774 660 1842 walada
676 1771 836 1842 ἁντὶφθογ-
872 1776 914 1825 rit.
935 1776 1010 1838 [Jahn
1026 1778 1059 1826 N.
1078 1778 1104 1825 J.
1124 1776 1196 1828 tata.
1215 1790 1242 1840 p.
1262 1778 1329 1840 iit.)

312 1867 365 1917 γον
398 1845 516 1917 ὑψηλᾶς
544 1846 660 1902 ἀκούων
689 1850 833 1918 πηκτίδος.
905 1851 945 1901 36.
964 1851 1077 1915 δνὺίὁηκ]
1091 1853 1132 1900 «in
1144 1852 1253 1901 aethera
1264 1851 1399 1902 sublato.»

312 1928 369 1978 Hoc
385 1929 474 1976 tamen
491 1925 549 1976 loeo
566 1928 703 1978 Horatium
720 1927 754 1976 de
772 1928 837 1975 Ter-
875 1925 1012 1990 -serionq
1031 1927 1086 1977 «Ad
1097 1927 1184 1977 sidera
1200 1940 1287 1990 usque
1299 1941 1343 1976 me
1355 1931 1399 1976 at-

311 2002 415 2066 pandro
440 2001 569 2064 cogitasse
598 2003 640 2052 vix
666 2002 835 2061 crediderim,
874 1998 980 2062 tollam,
1015 2001 1156 2051 immortali
1190 2001 1271 2064 gloria
1298 2002 1398 2052 trum.»

312 2076 362 2128 sed
378 2076 412 2126 de
430 2077 502 2126 omni
512 2075 668 2126 Lesbiorum
685 2075 761 2140 poesi
778 2089 837 2124 me-
874 2077 985 2126 Prorsns
1002 2077 1040 2125 sic
1063 2078 1161 2141 Supph.
1177 2077 1237 2140 Frg.
1257 2077 1286 2126 9:
1315 2072 1399 2139 ψαύ-

312 2151 374 2212 lian,
397 2150 486 2200 Alcaei
507 2151 636 2214 imprimis
658 2154 685 2202 et
704 2152 835 2215 Sapphus,
874 2163 916 2200 ειν
940 2147 972 2201 δὲ
997 2146 1089 2200 πόλον
1114 2149 1196 2199 δοκεῖ
1216 2165 1271 2216 μοι
1294 2141 1398 2220 ὀρανῶ

313 2241 382 2289 quae
401 2227 556 2290 (Fragment.
577 2227 616 2275 oe.
652 2228 725 2276 Neue
748 2239 775 2289 p.
794 2225 834 2273 79.
873 2220 1032 2284 δυσπάχεα.
1060 2224 1140 2288 Soph.
1167 2225 1231 2274 Oed.
1256 2224 1312 2276 Col.
1331 2226 1396 2276 aet:

312 2303 352 2352 Fr.
372 2299 412 2351 lt.
432 2301 594 2350 Sotineidan.
612 2314 639 2364 p.
655 2299 722 2361 307.)
741 2299 774 2348 de
786 2311 837 2362 po-
874 2296 947 2386 πρὸς
963 2294 1088 2372 οὐρανὸν
1104 2295 1207 2364 polida]
1231 2299 1351 2350 «dictum
1370 2303 1400 2349 ut

312 2374 448 2440 pularibus
466 2377 533 2426 suis:
563 2368 718 2444 κε’ῥροχος,
738 2368 777 2434 ὠς
794 2365 836 2421 ὅτ’
874 2372 989 2445 ονρανῷ
1023 2377 1155 2445 στηρίζον
1188 2371 1272 2437 κλέος
1306 2375 1396 2438 Eurip.

312 2446 411 2511 ἀοιδὸς
432 2445 449 2498 ὁ
470 2447 595 2509 Λέσβιος
618 2444 834 2498 ἀλλοόαποῖσιν.
873 2450 1082 2500 procumbet
1097 2449 1180 2512 κλέος
1198 2443 1399 2519 οὖρανόμνμες

345 2525 384 2574 35.
414 2524 514 2588 Quodsi]
540 2525 608 2572 Raro
629 2537 644 2572 a
666 2524 752 2586 poetis
769 2523 837 2571 haec
874 2517 947 2588 ἕξεις
972 2525 1044 2588 apud
1068 2526 1201 2589 aristoph.
1224 2523 1292 2575 liuh.
1317 2523 1397 2574 lae.»

312 2596 438 2662 particula
462 2601 618 2660 usurpatur;
643 2599 775 2660 reperitur
795 2599 836 2645 ta-
873 2601 995 2648 Dmnour.
1014 2600 1128 2662 Propi,
1147 2599 1170 2659 8,
1190 2598 1236 2648 l3:
1254 2599 1399 2648 Nuncmibi

312 2686 375 2724 men
392 2672 472 2722 atiani
490 2671 537 2722 Od.
556 2673 579 2732 i,
598 2669 638 2732 ti,
660 2673 698 2722 i3.
717 2671 742 2732 3,
757 2673 781 2731 4,
793 2671 834 2722 li.
873 2685 971 2722 emuna
986 2673 1042 2722 iicet
1062 2673 1204 2736 contiopere
1223 2673 1307 2722 sidero
1318 2673 1397 2734 piua-

313 2749 358 2812 Ep.
379 2749 403 2808 2,
422 2747 462 2796 39.
482 2750 533 2796 cet.
555 2773 582 2783 -
609 2749 643 2796 Tu
659 2751 719 2811 posi
739 2747 835 2808 quoad,
872 2749 911 2798 tis.
948 2747 1022 2797 Ouid.
1046 2761 1078 2796 ax
1103 2749 1187 2798 Ponto
1211 2749 1236 2806 5,
1263 2749 1307 2796 57:
1333 2748 1399 2796 Huic

313 2821 509 2885 quodnonnnlli
517 2821 698 2884 requirebant,
710 2833 838 2871 necessa·
874 2822 1077 2885 (principilcam
1097 2826 1125 2871 tu
1141 2823 1244 2884 placeat
1265 2826 1289 2870 et
1305 2821 1398 2871 vertice

312 2899 380 2947 rium
399 2899 519 2958 nonest,
539 2895 836 2960 cumnullafiatoppo-
872 2897 957 2946 sidera
972 2901 1063 2960 tanqua
1080 2899 1130 2946 cet.
1168 2897 1283 2958 [Comiea
1304 2899 1397 2946 contra

312 2973 371 3022 sitio
387 2971 430 3022 uel
447 2973 514 3022 inter
536 2973 717 3022 Maecenatem
737 2975 766 3020 et
781 2971 836 3020 llo-
873 2974 946 3020 sunt:
965 2971 1075 3020 Theoer.
1095 2971 1120 3032 5,
1134 2969 1194 3020 tlt:
1213 2973 1254 3032 εἰς
1271 2964 1398 3039 οὐρανὸν

313 3049 421 3107 ratium,
449 3046 490 3096 vel
512 3047 581 3096 inter
600 3047 783 3098 Maecenatem
809 3047 837 3094 et
872 3040 963 3112 ὔμμιν
980 3040 1113 3110 direptor.
1143 3046 1246 3096 Cic.ad
1256 3049 1309 3096 att.
1327 3048 1351 3107 2,
1367 3048 1394 3095 t:

313 3121 411 3171 Horatii
420 3121 531 3184 iniquos,
545 3147 571 3155 —
582 3119 675 3184 lyricis]
695 3121 748 3170 Cic.
762 3121 833 3170 Orat.
872 3121 949 3184 dipito
966 3121 1062 3169 caelum
1075 3126 1168 3183 patant
1183 3122 1307 3184 ottinpero
1322 3121 1398 3184 prin-

313 3196 336 3258 5.
358 3195 417 3245 tae:
436 3195 557 3266 Aoptael
574 3195 617 3257 qui
633 3209 651 3244 a
668 3193 771 3246 Graec-it
787 3208 836 3256 ap·
872 3195 945 3258 cipes
955 3195 1084 3257 cirinus.)
1097 3197 1237 3246 Diversum
1245 3197 1336 3258 utique
1346 3195 1393 3244 ba·

309 3270 444 3333 pellantur.
472 3272 594 3322 Usitutrus
618 3274 679 3320 tunc
697 3271 778 3322 luisse
795 3270 836 3318 vi·
872 3268 938 3318 bant
954 3270 1022 3320 haec
1038 3271 1198 3321 sententiam
1219 3268 1332 3320 abillis:
1359 3272 1399 3318 dis

312 3347 391 3398 detur
406 3345 478 3410 apud
494 3347 599 3398 Latmos
615 3347 704 3396 melici.
725 3371 753 3381 -
770 3347 837 3394 insa-
871 3345 974 3394 miscent
989 3346 1098 3406 superis.
1117 3357 1198 3407 quam
1216 3357 1297 3407 supra
1314 3343 1399 3407 expli-

312 3419 359 3485 res]
379 3421 472 3472 «lectis
494 3435 526 3472 ac
543 3421 662 3486 probatis
685 3422 752 3470 meis
769 3424 835 3483 po'e-
872 3420 938 3468 cari.

781 3597 928 3612 u———u

637 3784 999 3842 EXGURSUS
1039 3787 1066 3839 Ι.

363 3973 484 4022 Horatius
502 3971 556 4019 tres
575 3971 645 4032 (non,
664 3971 693 4017 ui
711 3968 752 4017 alii
770 3972 919 4032 opinantur,
939 3972 1015 4033 duos]
1034 3973 1137 4034 priores
1150 3971 1304 4020 Carminum
1316 3971 1397 4021 libros

314 4047 459 4100 anomali
474 4059 523 4097 auo
542 4045 714 4108 inscriptums
732 4045 801 4094 inter
811 4046 883 4094 vana
896 4045 1046 4099 mortalium
1058 4046 1145 4098 studia
1158 4060 1219 4097 sese
1230 4047 1326 4096 ceteris
1338 4059 1397 4097 om-

315 4121 392 4172 nibus
408 4120 505 4170 relictis
522 4121 610 4183 poesis
628 4118 727 4181 lyricae
739 4117 846 4168 laudem
857 4120 934 4168 unice
948 4123 1075 4184 appetere
1093 4135 1125 4171 ac
1137 4121 1318 4172 felicissimam
1330 4121 1394 4173 iore.

313 4195 360 4246 ubi
377 4197 492 4246 carmina
511 4209 559 4246 sua
569 4194 681 4258 eleganti
699 4195 776 4244 amici
788 4193 884 4244 iudicio
896 4195 1114 4260 comprobentur¹
1135 4210 1167 4245 eo
1179 4195 1260 4246 modo
1271 4195 1394 4247 ostendit.
