2934 4884
502 365 559 414 tiit.
579 365 597 414 l.
634 365 661 413 C.
682 364 721 413 lv.

222 520 286 585 Seu
309 529 420 605 poscat
441 539 523 606 agna
545 521 613 586 sive
635 519 722 586 malit
741 519 855 587 haedo.

93 675 217 742 Pallida
239 677 324 742 llors
346 697 452 764 aequo
475 675 581 763 pulsat
602 676 686 764 pedo
709 698 888 765 pauperum
911 677 1060 744 tabernas

219 799 407 884 Regumque
431 807 545 864 tumes.
592 797 738 866 Obeatc
761 798 857 872 Sesti,

89 919 181 982 l'itac
203 937 330 982 summa
351 917 459 984 brevis
481 939 573 1006 spem
594 939 654 984 nos
677 929 763 985 vetut
792 918 944 986 inchoare
965 918 1101 1008 longam.
1138 923 1174 988 ¹5

157 1145 198 1194 li.
217 1157 314 1206 444444
329 1169 344 1180 -
360 1170 375 1180 -
390 1145 469 1194 boedo
486 1145 583 1196 Marius
599 1145 748 1196 Victorinus
764 1159 790 1208 p.
811 1145 866 1196 473.
886 1145 975 1205 (laist,
993 1161 1088 1210 444444
1102 1175 1116 1184 -
1128 1175 1142 1186 ·

123 1218 217 1267 baedae
233 1215 277 1276 dl,
295 1231 390 1282 cpnnm
406 1245 446 1255 --
462 1219 569 1268 44444444
588 1219 642 1269 duo
660 1219 788 1277 Publici-ii,
813 1220 858 1270 Ll'.
888 1247 915 1255 -
944 1220 1139 1274 4484444441,

127 1319 155 1328 -
176 1293 217 1342 45.
237 1294 342 1341 eiecere
356 1293 390 1354 T,
407 1293 526 1343 incolare
542 1293 568 1343 F.

90 1479 187 1529 dimine
204 1491 316 1538 444444,
334 1491 404 1542 quiae
417 1477 619 1529 estvelutivin-
656 1479 766 1540 offensi,
794 1481 910 1542 npatacre
933 1486 1022 1534 minus
1043 1488 1116 1534 recte
1142 1485 1176 1536 de

90 1554 189 1614 444444,
209 1551 434 1617 impedimentum
451 1553 552 1616 cepitis.
655 1567 768 1604 accessu
789 1556 860 1605 dici»
889 1557 1089 1619 contendentes,
1116 1573 1177 1610 eam

123 1630 163 1678 40.
182 1629 256 1689 Vin-g.
277 1629 371 1690 Geel-g.
390 1627 414 1686 4,
434 1625 490 1678 lli:
508 1627 618 1690 Zepbprc
656 1641 781 1678 amovere
798 1631 885 1680 conati
902 1633 977 1691 sunl,
999 1632 1048 1682 sed
1070 1635 1177 1698 proprie

85 1705 169 1766 panis
184 1716 212 1752 se
228 1701 303 1764 plebe
318 1701 426 1750 roeclcit.
656 1704 841 1767 accipiendum
866 1719 898 1754 ex
916 1705 992 1756 solito
1008 1710 1177 1771 antiquorum

122 1779 163 1826 tt.
199 1775 300 1839 4444444]
330 1775 382 1827 Cir.
407 1776 443 1825 ed
463 1776 510 1825 Od.
533 1777 557 1836 4,
576 1777 616 1826 44.
656 1791 740 1828 more.
783 1777 936 1831 Callimachi
964 1783 1061 1844 ilymn.
1091 1783 1176 1847 Apoll.

90 1853 198 1913 monis.
219 1849 304 1900 Halic.
329 1851 353 1911 l,
372 1851 417 1900 34;
442 1847 555 1900 deivos
579 1844 619 1911 ὥς
655 1853 683 1902 3:
711 1853 769 1903 Kal
784 1850 879 1919 δήπου
899 1851 936 1906 τὰ
956 1853 1080 1928 θύρετρα
1099 1855 1177 1924 καλῷ

88 1921 247 1994 ἐπιχώριόν
272 1939 337 1973 τινα
355 1917 491 1988 Ῥωμαῖοι
515 1919 619 1988 taipe-
656 1927 722 1978 ποδὶ
734 1927 842 1992 Φοῖβος
853 1923 985 2000 ἀράσαει.
1004 1931 1086 1982 Plaut.
1099 1935 1175 1984 44444.

88 1991 617 2070 mdeolatgwlqidaigyepulpcccw.
656 2003 680 2064 4,
704 2005 728 2062 4,
751 2005 797 2054 43ῑ
824 2006 949 2066 pulsando
973 2007 1076 2068 pedibus
1096 2021 1178 2068 poene

89 2075 255 2124 oudinet.
278 2075 303 2134 2,
328 2073 390 2122 tis:
419 2073 501 2122 Idibus
523 2073 617 2136 (Febr.)
656 2079 768 2140 consrepi
784 2079 857 2128 besee
872 2079 960 2128 ambae
977 2081 1071 2142 (lones).
1102 2081 1175 2129 ovid.

90 2151 197 2213 49444444
214 2149 316 2210 mmet
337 2149 434 2198 4444444
453 2149 542 2198 Fauni.
580 2149 619 2210 (itt
657 2153 762 2201 lleroid.
781 2154 828 2211 it,
846 2153 893 2204 te:
915 2155 1066 2216 Persephone
1080 2161 1180 2204 neuros

89 2223 219 2272 4444444444
235 2225 303 2272 Non.
317 2222 460 2272 Decembr.
480 2221 564 2272 Scbol.
585 2223 619 2272 ad
652 2227 739 2289 pulsat
755 2227 846 2275 coebo
861 2229 935 2288 soree.
949 2255 976 2262 —
994 2229 1118 2291 44444444]
1131 2229 1179 2276 bu-

89 2297 137 2346 Od.
162 2297 188 2356 3,
216 2298 258 2356 48,
284 2297 351 2358 tui)
386 2297 440 2346 Ver
461 2300 549 2347 autem
567 2299 619 2348 lto-
658 2299 734 2350 miles
768 2302 918 2351 tenuiorum
945 2301 1119 2352 habitationes
1152 2302 1179 2351 44

89 2374 177 2423 manis
195 2370 341 2435 incipiebat
360 2373 413 2421 iam
430 2373 559 2422 a.d.Vil.
579 2372 616 2423 ld.
657 2375 775 2439 oppidis,
805 2376 859 2424 ruri
887 2377 1005 2437 tuguria,
1034 2389 1119 2426 casas.
1149 2404 1175 2412 —

90 2447 168 2496 Febr.
200 2449 271 2496 teste
297 2447 415 2496 Varrone
441 2448 490 2496 4444.
518 2448 542 2508 4,
565 2449 617 2510 48,
656 2451 947 2513 aequo-disponique]
970 2451 999 2500 ln
1016 2464 1094 2514 prosc
1116 2464 1178 2500 ora-

89 2536 142 2585 quo
170 2523 216 2571 die
243 2522 373 2572 Fauonius
395 2523 496 2586 spirare
519 2524 616 2587 incipit.
658 2525 728 2572 tione
747 2522 974 2584 cepue--ccvel
992 2529 1125 2588 etrepmn.
1145 2526 1174 2574 V.

90 2595 238 2646 Columella
265 2597 291 2655 2,
312 2597 338 2655 2,
357 2597 397 2646 45.
426 2623 454 2632 -
481 2599 618 2660 4444444444]
656 2599 703 2648 Od.
722 2600 748 2656 4,
767 2599 807 2658 48,
826 2598 867 2648 34.
902 2599 954 2649 Cir.
976 2599 1052 2649 lland
1069 2601 1175 2650 Tursl.

89 2675 116 2720 et
132 2683 196 2720 cum
216 2671 370 2719 accusativo
388 2673 548 2722 consimitur
565 2671 619 2735 (bo-
656 2685 682 2736 p.
703 2673 758 2722 484.

89 2759 144 2794 cen
161 2747 234 2794 44444.
255 2745 310 2794 Cic.
330 2744 364 2795 de
382 2747 411 2795 N.
426 2747 457 2794 4).
476 2746 499 2805 3,
518 2746 559 2796 34.
577 2748 619 2795 in·
690 2747 729 2796 44.
749 2748 838 2810 tare]
857 2747 1017 2812 locupletum
1034 2749 1117 2800 aedes
1133 2765 1178 2800 ex·

89 2821 166 2880 [nice
183 2821 256 2868 imm.
277 2820 341 2868 Aen.
362 2820 402 2880 to,
421 2820 487 2882 549.)
510 2825 537 2870 44
557 2834 619 2870 cum
657 2820 792 2871 celsiores.
813 2849 840 2857 -
859 2823 936 2886 beate]
955 2827 1007 2884 «tu,
1029 2825 1074 2887 qui
1090 2827 1177 2874 omni-

90 2893 217 2944 ablatiio.
236 2893 338 2956 (4444444
347 2894 432 2944 bestiis
441 2895 620 2945 imnowndum
657 2895 707 2945 bus
724 2897 793 2944 vitae
811 2898 958 2948 commodis
977 2897 1048 2962 large
1066 2900 1115 2949 tnui
1132 2913 1178 2950 eo-

89 2971 118 3018 sit
140 2971 198 3020 Cic.
224 2969 260 3018 de
278 2970 357 3030 chg.
383 2969 408 3028 4,
429 2969 468 3018 ts.
504 2971 557 3020 Lis.
576 2969 617 3032 44,
657 2969 716 3020 litus
734 2985 777 3030 es,
797 2974 824 3020 et
841 2973 885 3032 iis,
904 2985 973 3035 quae
990 2976 1079 3023 mente
1097 2977 1177 3038 atque

91 3044 133 3094 tt:
152 3043 345 3092 mutilibus
356 3044 409 3092 lovi
420 3045 523 3108 44444444
533 3045 618 3094 baden
656 3046 773 3106 ingenio,
792 3048 819 3095 et
836 3049 940 3106 celeris,
959 3061 1028 3110 quae
1045 3047 1178 3112 opulentia

89 3119 157 3182 virg.
169 3116 227 3168 Ecl.
248 3117 273 3177 3,
292 3117 337 3166 ii:
355 3118 549 3184 insuavitate.)
566 3119 619 3170 Sed
657 3121 806 3183 comparari
822 3124 958 3184 possunt.»

90 3205 121 3242 ea
148 3192 311 3257 pontificum
339 3204 476 3254 sermone,
512 3192 618 3256 qualem
690 3195 728 3243 itt.
748 3196 853 3258 444444]
872 3196 932 3257 quia
950 3195 1102 3258 exsingulis
1119 3195 1178 3244 die-

89 3268 280 3330 cognoscimus
292 3279 324 3316 ex
336 3265 441 3318 Tabulis
453 3267 562 3318 4444444]
575 3283 619 3318 ar-
656 3268 707 3318 bus
725 3269 863 3318 conficitur
873 3269 955 3318 breve
966 3269 1036 3318 vilae
1052 3270 1176 3332 spatium.

89 3341 198 3400 iulium,
214 3339 332 3402 legitima
344 3341 511 3392 haeserant:
529 3343 620 3392 44444-
658 3371 686 3380 -
704 3357 772 3406 spem
787 3368 820 3379 ··
836 3343 945 3406 lonpcin]
971 3343 1031 3390 Tac.
1049 3345 1116 3393 Anu.
1136 3343 1176 3404 43,

90 3417 262 3466 ibreicensem
273 3417 336 3476 cet„
353 3415 438 3478 facere
448 3421 503 3466 lare
519 3421 541 3468 et
551 3419 617 3468 uino.
657 3417 702 3468 37:
722 3419 814 3466 4444444
830 3430 872 3478 spe
882 3417 1019 3479 lonpinquc
1030 3420 1053 3464 et
1068 3429 1133 3467 sera
1148 3445 1176 3453 -

90 3489 245 3541 Ablatiwm
263 3489 289 3538 b.
309 3487 326 3538 4.
351 3493 470 3554 agnoscit
489 3493 540 3542 iam
558 3495 620 3544 Ser·
656 3492 781 3554 inchoare]
804 3503 914 3554 semper
934 3489 1063 3552 significat
1078 3491 1113 3540 ite
1131 3489 1179 3541 ali·

90 3562 468 3626 timenutensium.
494 3593 521 3603 -
548 3567 619 3632 tucis]
658 3565 722 3629 quid
739 3567 869 3630 incipere,
888 3567 986 3614 utnon
1003 3565 1115 3616 liniatur.
1134 3569 1180 3618 Se·

90 3639 175 3702 qualis
199 3641 260 3689 erat
277 3639 358 3688 Fauni
379 3637 468 3700 lucus,
490 3641 619 3706 templum
658 3654 724 3690 neca
743 3642 790 3704 Ep.
811 3640 871 3688 tot:
899 3641 1036 3702 opacata
1055 3643 1179 3693 4444444444

92 3714 288 3776 omculumque
312 3713 346 3764 ad
368 3715 468 3764 iontem
485 3715 619 3768 Albuneae
658 3721 692 3764 est
707 3729 763 3776 spes
779 3716 867 3778 lonpcs
882 3715 1066 3766 inchoantium!
1091 3719 1178 3768 Simo-

92 3789 116 3838 in
134 3801 201 3852 agm
219 3787 367 3838 Tiburtino.
398 3788 449 3839 Clr.
469 3791 618 3856 lnteiprctt.
657 3790 733 3839 nides
766 3790 869 3852 imam.
903 3789 944 3841 34.
982 3791 1176 3842 Schneidewin:

92 3864 125 3913 ad
142 3865 217 3926 virg.
237 3864 304 3913 Aen.
323 3865 348 3926 7,
366 3864 407 3914 82.
655 3859 824 3933 Ἀνθρώπων
851 3859 950 3931 ὀλίγον
975 3864 1030 3930 μὲν
1062 3862 1176 3949 κάρτος,

123 3938 163 3987 43.
188 3938 297 4002 mulda]
319 3939 380 4001 quia
390 3940 538 4002 exsanguis,
551 3953 617 3990 non:
657 3933 803 4010 ἄπρηκτοι
818 3936 849 3989 ct
865 3935 1033 4005 μεληδόνες,
1051 3937 1138 3990 Δίωνι
1153 3939 1177 3988 δ’

94 4010 222 4075 madidos
240 4011 383 4062 reddens.»
404 4039 431 4050 —-
456 4027 535 4076 aequo
548 4013 618 4078 peda]
657 4012 689 4064 ἐν
705 4010 806 4084 παύρῳ
823 4011 913 4077 πόνος
933 4007 1011 4078 ἀμφὶ
1032 4010 1120 4081 πόνῳ·
1143 4010 1178 4064 ‘0

96 4087 120 4133 in
137 4085 259 4148 pedestri
277 4087 410 4138 oratione:
430 4101 577 4152 «pauperes
594 4091 622 4138 et
657 4085 681 4137 δ’
699 4082 833 4151 ἄφυκτος
844 4088 1029 4157 ἐπικρέμαται
1039 4085 1176 4152 θάνατος·

95 4158 189 4210 diuites
206 4173 296 4223 acque
313 4159 436 4225 abripit.»
448 4189 475 4198 -
490 4163 621 4224 44444444-
659 4161 763 4213 Κείνοα
779 4158 834 4233 γὰρ
850 4160 916 4212 ἴσον
933 4159 1024 4223 λάχον
1035 4162 1067 4213 44
1075 4165 1097 4212 τ’
1109 4156 1178 4229 ἀγα-

95 4233 139 4296 snt]
169 4235 343 4286 uecentiores
371 4237 398 4286 in
426 4236 476 4288 bac
506 4237 619 4300 imagine
658 4230 969 4300 solemniacense.
