2934 4884
482 335 544 385 tiit.
562 336 581 384 l.
617 335 646 386 C.
665 335 751 386 svm.

101 490 171 558 Sub
192 490 306 556 ditum
328 490 462 578 rapiam
488 491 612 566 ,Saeva
633 499 708 557 tene
730 509 804 556 cum
825 491 1017 580 Berecyntio

102 614 214 680 Cornu
236 623 406 700 tympana,
429 631 515 699 quae
537 611 747 700 subsequitur
768 631 885 678 caecus
907 612 1004 678 Amor
1025 613 1084 690 sui,

101 737 141 802 Et
161 734 280 802 tollens
301 754 441 800 vacuum
461 731 535 821 plus
556 733 655 800 nimio
678 731 785 800 Gloria
806 733 975 808 verticem,
1146 731 1186 800 45

168 953 211 1004 43.
230 953 301 1001 dium
317 949 470 1002 Glareanus.
492 977 518 987 —
536 948 594 1000 benc
610 947 747 1010 mullei.
769 974 796 984 -
809 949 848 1000 lb.
862 947 989 1000 Eutollens
1000 949 1065 1000 Pott.
1079 951 1155 1012 quet·

134 1031 198 1152 ¹thloor
207 1027 358 1162 ,oefflqq
374 1027 441 1075 Pott.
459 1023 488 1085 i,
512 1024 542 1085 9,
565 1023 710 1074 Glareanus
732 1025 761 1074 et
785 1023 1000 1087 cuninghamius.
1027 1021 1154 1088 (Ettollou
1219 1113 1223 1120 ι

101 1295 160 1359 lego
185 1298 288 1345 conatu
310 1307 407 1345 meana
435 1297 480 1344 tua
507 1296 534 1344 in
558 1295 630 1346 cistis
667 1292 804 1352 cidemns,
834 1306 902 1358 quos
925 1295 1014 1346 statim
1038 1299 1186 1356 enumerat,

102 1373 226 1434 mysticis
242 1371 362 1434 reposita
376 1371 404 1419 et
425 1370 505 1418 omits
524 1368 630 1432 (110ch
666 1366 837 1429 φιλαυτίαν,
871 1369 996 1431 yios-lom,
1028 1371 1186 1434 iactantiam,

101 1444 174 1508 λοις)
215 1445 304 1495 omnis
341 1445 445 1507 generis
481 1443 628 1502 frondibus,
667 1437 828 1493 ἀπιστίαν.»
844 1469 871 1478 -
892 1443 1045 1508 Berecyntlo]
1066 1449 1087 1496 Α
1107 1447 1189 1496 llere-

103 1520 240 1585 pnmpinis
267 1521 385 1570 maxime
411 1521 493 1581 atque
519 1517 628 1577 hedera,
667 1521 759 1581 cynto,
778 1518 906 1580 Phrygiae
919 1521 1022 1580 monte,
1042 1519 1088 1570 nbi
1103 1519 1189 1583 Cybe-

102 1595 239 1653 inroluta‚
259 1607 293 1643 ex
310 1595 342 1643 iis
357 1605 480 1658 promam
497 1596 525 1641 et
539 1592 583 1642 aab
594 1593 632 1641 dt-
667 1592 706 1642 les
721 1605 795 1643 sacra
814 1592 910 1644 eodem
930 1605 983 1656 quo
1000 1595 1096 1646 Bacchi
1117 1597 1189 1660 orgia

101 1685 176 1730 m,
204 1667 314 1718 caelum
336 1671 474 1733 apertum,
495 1669 521 1717 in
541 1667 631 1732 proin·
667 1667 757 1716 lurore
774 1669 863 1730 peragi
882 1666 1011 1720 solebant.
1045 1671 1188 1723 Cornucio

101 1757 198 1794 norum
226 1744 309 1793 etiam
334 1744 509 1806 conspectum
530 1745 633 1806 protra·
666 1741 874 1792 Bacchanalibus
899 1741 980 1794 habet
999 1746 1078 1796 etiam
1095 1745 1187 1796 Catuli.

102 1819 200 1873 ham·;
220 1817 295 1881 quod
312 1819 338 1866 in
355 1818 434 1880 orgiis
449 1830 481 1866 ac
496 1817 631 1878 mysteriis
667 1816 684 1866 l.
704 1815 720 1865 l.
739 1829 765 1866 v.
782 1817 845 1866 263:
862 1817 947 1867 Multis
961 1821 1107 1870 ιιιιιάεοιιοι
1119 1821 1189 1886 cmo·

102 1893 275 1943 celebrandis
290 1890 448 1956 inexpiabile
466 1890 630 1952 eratscelus,
667 1892 727 1941 boot
746 1905 842 1940 comeo
858 1891 970 1952 toncou-
996 1907 1049 1958 quo
1073 1908 1104 1944 er
1129 1895 1188 1946 loco

102 1973 128 2018 ut
152 1968 272 2018 Penthei
296 1967 368 2031 apud
386 1967 498 2016 Theocr.
519 1967 561 2026 26,
585 1965 629 2014 ⁴3:
668 1967 712 2015 hie
726 1977 834 2028 quoque
851 1979 930 2014 corun
947 1965 1036 2018 malim
1059 1967 1188 2032 explicare

102 2039 155 2092 σύν
170 2044 198 2090 τ’
224 2037 348 2111 ἐτάραξε
371 2036 531 2105 μανιώδεος
548 2033 632 2110 ὄργια
667 2040 815 2097 Blurebom,
843 2052 923 2102 quam
937 2053 998 2090 cum
1015 2040 1071 2092 aliis
1088 2043 1121 2093 dc
1142 2059 1189 2094 κε-

102 2114 233 2177 Βώιχοο.
260 2114 354 2166 Canni.
373 2115 484 2180 Epithal.
503 2117 530 2165 P.
545 2121 572 2165 et
582 2117 629 2165 Th.
668 2108 808 2183 ρασφόρῳ
825 2107 918 2180 αὐλῷ,
938 2114 999 2164 libia
1015 2115 1127 2180 Phrygia
1143 2133 1190 2182 ag-

101 2193 162 2242 259:
186 2193 255 2241 Pars
269 2189 376 2240 ώιαιιο
394 2192 463 2240 cavit
478 2190 632 2241 celebrabant
669 2187 795 2250 glutinato
813 2188 944 2238 comoed
961 2202 1057 2240 sonum
1077 2205 1189 2256 exaspe-

102 2269 177 2331 orqia
189 2267 273 2326 cistis,
288 2266 377 2328 Ονοίο,
395 2267 568 2328 quaesnutra
586 2280 632 2315 οιι-
668 2262 792 2312 randum.
828 2262 933 2311 Luciao.
962 2261 1188 2317 Diel.1teor.it:

101 2345 175 2404 piant
189 2341 407 2402 οιιαένιρνοίαοί.
441 2341 533 2403 imago
549 2342 631 2392 cistae
669 2329 734 2386 ὁδὲ
750 2329 834 2386 αὐλεῖ
846 2333 886 2402 τῷ
902 2336 1008 2408 κέρατι.
1032 2337 1106 2389 Ovid.
1121 2341 1187 2392 Fast.

104 2417 253 2467 oacchtcne
277 2415 407 2478 {cordibus
427 2414 519 2465 obstas
537 2419 579 2468 est
604 2419 631 2466 in
668 2411 693 2471 4,
705 2411 1191 2476 l8ltProiin1uiostenollerscyntioti-

102 2492 187 2542 Husei
211 2487 358 2539 Borbonici
379 2487 437 2538 Vol.
459 2489 512 2540 vn.
533 2491 561 2540 T.
588 2491 629 2542 36,
668 2485 1073 2548 ὁίαιοιπιιΡὶαΙιίἰ.Μει.3,533ε
1092 2491 1189 2540 Mosco

101 2568 190 2616 Ριοιω
213 2564 351 2627 {midine
371 2563 446 2613 cistas
467 2563 532 2614 tales
553 2570 633 2616 vocat
667 2561 728 2610 ttbt'u
752 2575 838 2610 cornu.
874 2561 925 2611 Sed
948 2561 1071 2614 Horatius
1092 2565 1136 2614 vix
1156 2567 1190 2616 ti·

103 2639 190 2689 valer.
209 2637 298 2688 Flere.
317 2639 342 2698 2,
359 2639 417 2687 267.
442 2639 530 2688 Inerat
546 2641 573 2688 iu
589 2641 631 2690 his
668 2635 741 2685 biam
772 2635 926 2701 simpliciter
953 2651 1032 2686 curru
1057 2645 1187 2702 vocasset,

104 2714 251 2778 praecipue
269 2707 402 2780 δράκων,
419 2705 518 2781 ὄργιον
533 2709 633 2764 Διονύ-
667 2713 697 2760 ut
713 2709 776 2759 lecit
791 2723 855 2760 sene
870 2711 1000 2762 luvenalis
1013 2713 1038 2773 t,
1052 2713 1097 2762 90:
1115 2717 1191 2778 yenit

104 2802 158 2839 corr
175 2780 495 2858 Βωσσάρον--ροιαὶ-
507 2789 556 2838 καὶ
572 2787 631 2854 μή-
667 2785 706 2834 ltlc
722 2785 824 2834 tibicina
839 2799 925 2835 como.

104 2877 195 2925 κωνες
210 2859 274 2910 κτλ.
310 2860 434 2912 Clemens
450 2861 521 2911 Alex.
545 2865 630 2914 Protr.
701 2861 740 2909 tt.
767 2860 883 2924 coecum]
911 2862 1005 2925 «caput
1029 2863 1115 2922 inane,
1142 2877 1190 2914 va-

105 2951 130 3002 p.
150 2938 191 2987 ta.
208 2937 280 2986 ltem
295 2932 408 2998 φάλλος
423 2936 534 2988 velatus.
552 2937 631 2989 Millin
669 2947 758 2984 num.»
788 2935 915 2998 Loquitur
931 2949 994 2997 crgo
1009 2935 1043 2985 de
1060 2951 1127 2987 vana
1143 2939 1191 2988 ho-

106 3012 161 3061 Gul.
179 3011 263 3072 Mutat.
285 3009 327 3071 64,
344 3009 402 3060 243.
668 3009 771 3058 minum
780 3006 926 3070 volgarium
936 3009 1065 3070 iactantia,
1079 3013 1123 3074 qui
1136 3012 1191 3062 iru-

137 3085 178 3136 te.
196 3085 251 3135 Sub
265 3083 359 3149 dhreo]
376 3083 557 3136 hieroclem.
579 3087 631 3136 Sed
669 3085 724 3131 stra
749 3082 783 3131 de
816 3083 870 3132 suis
900 3084 1001 3134 meritis
1032 3083 1188 3147 gloriantem

107 3161 186 3210 eliam
212 3160 241 3209 in
268 3159 323 3209 Cic.
351 3161 428 3210 Vere.
448 3163 511 3210 Ace.
537 3161 560 3220 4,
590 3162 630 3211 49,
671 3156 818 3216 «otiosum,
857 3157 901 3218 qui
936 3156 1073 3208 nullodum
1099 3157 1190 3209 labore

107 3235 246 3298 Zumptius
280 3246 343 3284 cum
372 3233 456 3285 codd.
484 3236 632 3298 antiquiore
669 3230 779 3294 gloriam
804 3232 919 3281 meruit»
947 3230 1113 3294 (Doederlein
1138 3234 1191 3282 lle-

108 3307 371 3372 scripturantbdivc,
389 3307 541 3370 almodis,
559 3311 633 3373 quod
668 3309 727 3369 ptus
751 3307 781 3354 N.
802 3306 841 3355 ta.
863 3317 889 3368 p.
910 3303 954 3366 4.),
978 3305 1125 3367 significare
1148 3307 1189 3356 vir

107 3383 232 3447 praetulit
255 3385 378 3432 Garaton.
402 3411 429 3420 -
454 3383 545 3448 Saeva]
567 3399 633 3449 pro·
669 3382 770 3444 potest:
797 3393 859 3430 nam
876 3379 948 3442 quod
973 3381 1134 3432 contrarium
1152 3381 1192 3428 vi-

109 3462 166 3520 pter
181 3455 332 3507 terribilem
349 3469 454 3508 sonum.
476 3459 547 3521 Virg.
565 3462 631 3509 Aen.
670 3455 749 3505 detur
772 3454 842 3518 apud
863 3453 936 3503 Ovid.
962 3455 1036 3503 Pont.
1059 3455 1082 3514 l,
1104 3455 1127 3516 7,
1146 3455 1190 3504 ii:

110 3533 133 3593 t,
152 3531 216 3583 Gis:
248 3545 326 3580 wenc
348 3533 478 3582 scamno
501 3546 583 3582 omre.
603 3561 631 3569 -
669 3531 838 3580 Smtineoeut
851 3542 930 3589 occa,
956 3529 1084 3578 numam
1101 3531 1192 3581 vertice

110 3607 168 3670 tore]
187 3607 286 3657 Nescio
304 3605 439 3668 quomodo
450 3607 561 3657 Vossius
574 3620 635 3657 ver·
665 3606 740 3668 pleno
756 3610 804 3666 eet,
817 3605 850 3654 At
863 3604 929 3669 (tecti
943 3616 1032 3653 neruos
1047 3605 1067 3652 si
1081 3607 1191 3666 potiore,

111 3686 164 3730 tere
171 3681 306 3745 potuerit:
323 3680 633 3732 Hermrtmtrdooterm!
670 3681 750 3741 cadet,
772 3679 799 3730 id
816 3679 915 3730 Horatii
937 3691 1017 3728 vacuo
1038 3680 1124 3730 vertici
1141 3681 1192 3731 nai-

109 3755 635 3815 lemntbcrscvotiscbcsflomuodlrom-
670 3757 741 3805 nime
775 3755 934 3818 opponitur,
969 3766 1031 3803 cum
1065 3755 1193 3817 significet

109 3830 251 3895 mercat
266 3829 343 3893 quasi
358 3827 465 3880 sodales
476 3829 632 3893 alloquatur.
673 3831 817 3880 everticem
850 3827 974 3879 omnibus
1006 3828 1061 3878 suis
1092 3828 1193 3878 viribus

109 3905 154 3955 Est
169 3906 276 3970 potins:
295 3903 400 3954 «Sedtn
411 3916 529 3967 quoque,
545 3905 633 3968 Liber,
672 3903 888 3962 contendentem,
907 3905 936 3952 ut
952 3914 1019 3952 onus
1039 3903 1192 3953 sustineat.»

111 3981 225 4040 maline,
243 3977 350 4038 cohibe,
368 3981 489 4043 tempera
505 3993 635 4030 cornuum
675 4007 701 4016 -
716 3978 775 4041 piiss
790 3977 875 4040 simio]
892 3969 1045 4048 ὑπεράγαν.
1080 3977 1126 4026 Est
1143 3978 1194 4026 iam

111 4055 271 4118 saeptum»
293 4056 360 4113 cet,
381 4052 476 4113 idest,
503 4053 574 4104 «noli
594 4056 635 4105 ni·
672 4053 744 4118 apud
768 4051 889 4102 Plautum
912 4051 962 4102 llil.
988 4051 1026 4102 Gi.
1046 4051 1071 4110 2,
1093 4051 1117 4111 G,
1137 4049 1192 4100 406,

112 4129 159 4180 m'u
175 4130 299 4180 mentem
315 4129 434 4180 nostram
446 4130 588 4188 concitare,
601 4141 635 4179 ne
672 4128 768 4178 Bacch.
790 4129 818 4187 4,
843 4128 872 4187 h,
897 4125 937 4177 te.
963 4127 1024 4176 Erat
1041 4125 1119 4176 etiem
1136 4137 1195 4174 ser-

111 4204 136 4252 in
151 4202 274 4254 furorem
293 4203 345 4253 acti
365 4216 413 4254 eos
429 4204 456 4252 in
474 4215 579 4253 errores
596 4203 637 4252 in·
673 4203 761 4252 monis
777 4201 908 4252 cotidiani.
936 4200 1064 4251 Antonius
1086 4198 1119 4247 ad
1139 4201 1193 4250 Cic.
