<?xml version="1.0" encoding="UTF-8"?>
<!DOCTYPE html PUBLIC "-//W3C//DTD XHTML 1.0 Transitional//EN"
    "http://www.w3.org/TR/xhtml1/DTD/xhtml1-transitional.dtd">
<html xmlns="http://www.w3.org/1999/xhtml" xml:lang="en" lang="en">
 <head>
  <title>
</title>
<meta http-equiv="Content-Type" content="text/html;charset=utf-8" />
  <meta name='ocr-system' content='tesseract 3.04.00' />
  <meta name='ocr-capabilities' content='ocr_page ocr_carea ocr_par ocr_line ocrx_word'/>
</head>
<body>
  <div class='ocr_page' id='page_1' title='image "./qhoratiusflaccu04baitgoog/qhoratiusflaccu04baitgoog_0476.png"; bbox 0 0 2934 4884; ppageno 0'>
   <div class='ocr_carea' id='block_1_1' title="bbox 216 282 1009 347">
    <p class='ocr_par' dir='ltr' id='par_1_1' title="bbox 216 282 1009 347">
     <span class='ocr_line' id='line_1_1' title="bbox 216 282 1009 347; baseline 0.004 -11"><span class='ocrx_word' id='word_1_1' title='bbox 216 294 221 305; x_wconf 84' lang='lat'>·</span> <span class='ocrx_word' id='word_1_2' title='bbox 306 282 367 347; x_wconf 67' lang='lat' dir='ltr'><em>m</em></span> <span class='ocrx_word' id='word_1_3' title='bbox 695 285 824 337; x_wconf 75' lang='lat' dir='ltr'><strong>llOer&#39;l&#39;ll</strong></span> <span class='ocrx_word' id='word_1_4' title='bbox 841 285 1009 339; x_wconf 68' lang='lat' dir='ltr'><strong>clamauit</strong></span> 
     </span>
    </p>
   </div>
   <div class='ocr_carea' id='block_1_2' title="bbox 431 439 1140 771">
    <p class='ocr_par' dir='ltr' id='par_1_2' title="bbox 431 439 1140 771">
     <span class='ocr_line' id='line_1_2' title="bbox 431 439 1140 528; baseline -0.001 -21"><span class='ocrx_word' id='word_1_5' title='bbox 431 440 567 521; x_wconf 82' lang='lat' dir='ltr'>Quando</span> <span class='ocrx_word' id='word_1_6' title='bbox 590 450 622 507; x_wconf 89' lang='lat' dir='ltr'><strong>et</strong></span> <span class='ocrx_word' id='word_1_7' title='bbox 643 440 769 528; x_wconf 81' lang='lat' dir='ltr'><strong>priores</strong></span> <span class='ocrx_word' id='word_1_8' title='bbox 792 439 865 505; x_wconf 88' lang='lat' dir='ltr'><strong>hinc</strong></span> <span class='ocrx_word' id='word_1_9' title='bbox 886 442 1013 507; x_wconf 84' lang='lat' dir='ltr'>Lamias</span> <span class='ocrx_word' id='word_1_10' title='bbox 1036 439 1140 508; x_wconf 88' lang='lat' dir='ltr'><strong>ierunt</strong></span> 
     </span>
     <span class='ocr_line' id='line_1_3' title="bbox 472 562 930 649; baseline 0 -22"><span class='ocrx_word' id='word_1_11' title='bbox 472 562 701 629; x_wconf 82' lang='lat' dir='ltr'><strong>lienominatos</strong></span> <span class='ocrx_word' id='word_1_12' title='bbox 723 572 756 627; x_wconf 92' lang='lat' dir='ltr'><strong>et</strong></span> <span class='ocrx_word' id='word_1_13' title='bbox 778 571 930 649; x_wconf 80' lang='lat' dir='ltr'><strong>nepotum</strong></span> 
     </span>
     <span class='ocr_line' id='line_1_4' title="bbox 513 685 1139 771; baseline -0.002 -20"><span class='ocrx_word' id='word_1_14' title='bbox 513 686 575 751; x_wconf 92' lang='lat' dir='ltr'><strong>Per</strong></span> <span class='ocrx_word' id='word_1_15' title='bbox 596 704 758 750; x_wconf 87' lang='lat' dir='ltr'><strong>memores</strong></span> <span class='ocrx_word' id='word_1_16' title='bbox 780 704 883 771; x_wconf 82' lang='lat' dir='ltr'><strong>genus</strong></span> <span class='ocrx_word' id='word_1_17' title='bbox 905 704 1000 751; x_wconf 91' lang='lat' dir='ltr'><strong>omne</strong></span> <span class='ocrx_word' id='word_1_18' title='bbox 1022 685 1139 762; x_wconf 87' lang='lat' dir='ltr'><strong>iast0s;</strong></span> 
     </span>
    </p>
   </div>
   <div class='ocr_carea' id='block_1_3' title="bbox 429 840 1378 929">
    <p class='ocr_par' dir='ltr' id='par_1_3' title="bbox 429 840 1378 929">
     <span class='ocr_line' id='line_1_5' title="bbox 429 840 1378 929; baseline -0.002 -21"><span class='ocrx_word' id='word_1_19' title='bbox 429 843 566 908; x_wconf 77' lang='lat' dir='ltr'><strong>Auctore</strong></span> <span class='ocrx_word' id='word_1_20' title='bbox 589 841 630 908; x_wconf 91' lang='lat' dir='ltr'><strong>ab</strong></span> <span class='ocrx_word' id='word_1_21' title='bbox 653 840 706 909; x_wconf 92' lang='lat' dir='ltr'><strong>illo</strong></span> <span class='ocrx_word' id='word_1_22' title='bbox 730 841 822 908; x_wconf 90' lang='lat' dir='ltr'><strong>ducis</strong></span> <span class='ocrx_word' id='word_1_23' title='bbox 844 841 1015 929; x_wconf 79' lang='lat' dir='ltr'><strong>originem,</strong></span> <span class='ocrx_word' id='word_1_24' title='bbox 1361 845 1378 906; x_wconf 86' lang='lat'>5</span> 
     </span>
    </p>
   </div>
   <div class='ocr_carea' id='block_1_4' title="bbox 334 1020 1352 1383">
    <p class='ocr_par' dir='ltr' id='par_1_4' title="bbox 334 1020 1352 1383">
     <span class='ocr_line' id='line_1_6' title="bbox 368 1020 1350 1085; baseline 0.002 -14"><span class='ocrx_word' id='word_1_25' title='bbox 368 1022 415 1071; x_wconf 85' lang='lat' dir='ltr'><strong>Vr.</strong></span> <span class='ocrx_word' id='word_1_26' title='bbox 428 1022 484 1071; x_wconf 76' lang='grc'>2-5,</span> <span class='ocrx_word' id='word_1_27' title='bbox 499 1022 603 1083; x_wconf 81' lang='lat' dir='ltr'><strong>Quando</strong></span> <span class='ocrx_word' id='word_1_28' title='bbox 613 1046 626 1057; x_wconf 92' lang='lat'><em>-</em></span> <span class='ocrx_word' id='word_1_29' title='bbox 635 1047 647 1057; x_wconf 94' lang='lat'><strong>·</strong></span> <span class='ocrx_word' id='word_1_30' title='bbox 657 1020 780 1085; x_wconf 71' lang='grc' dir='ltr'><strong>οήρᾶηοιη</strong></span> <span class='ocrx_word' id='word_1_31' title='bbox 790 1023 907 1085; x_wconf 89' lang='lat' dir='ltr'><strong>suspecti</strong></span> <span class='ocrx_word' id='word_1_32' title='bbox 918 1021 1072 1082; x_wconf 84' lang='lat' dir='ltr'><strong>Sanadono,</strong></span> <span class='ocrx_word' id='word_1_33' title='bbox 1090 1023 1171 1083; x_wconf 88' lang='lat' dir='ltr'><strong>lanio,</strong></span> <span class='ocrx_word' id='word_1_34' title='bbox 1183 1024 1350 1083; x_wconf 82' lang='lat' dir='ltr'><strong>Buttmanno,</strong></span> 
     </span>
     <span class='ocr_line' id='line_1_7' title="bbox 335 1093 1352 1160; baseline 0.001 -13"><span class='ocrx_word' id='word_1_35' title='bbox 335 1095 466 1157; x_wconf 89' lang='lat' dir='ltr'><strong>Webero,</strong></span> <span class='ocrx_word' id='word_1_36' title='bbox 489 1096 631 1157; x_wconf 79' lang='lat' dir='ltr'><strong>lleineltio,</strong></span> <span class='ocrx_word' id='word_1_37' title='bbox 657 1093 778 1160; x_wconf 69' lang='lat' dir='ltr'><strong>flagelio,</strong></span> <span class='ocrx_word' id='word_1_38' title='bbox 796 1096 933 1157; x_wconf 82' lang='lat' dir='ltr'><strong>Liiblrero,</strong></span> <span class='ocrx_word' id='word_1_39' title='bbox 960 1095 1025 1147; x_wconf 87' lang='lat' dir='ltr'><strong>aliis.</strong></span> <span class='ocrx_word' id='word_1_40' title='bbox 1060 1097 1155 1147; x_wconf 82' lang='lat' dir='ltr'><strong>Totum</strong></span> <span class='ocrx_word' id='word_1_41' title='bbox 1172 1110 1284 1148; x_wconf 90' lang='lat' dir='ltr'><strong>carmen</strong></span> <span class='ocrx_word' id='word_1_42' title='bbox 1300 1099 1352 1148; x_wconf 89' lang='lat' dir='ltr'><strong>llo-</strong></span> 
     </span>
     <span class='ocr_line' id='line_1_8' title="bbox 334 1168 1352 1237; baseline 0.002 -18"><span class='ocrx_word' id='word_1_43' title='bbox 334 1170 392 1220; x_wconf 89' lang='lat' dir='ltr'><strong>ratii</strong></span> <span class='ocrx_word' id='word_1_44' title='bbox 410 1182 470 1219; x_wconf 90' lang='lat' dir='ltr'><strong>esse</strong></span> <span class='ocrx_word' id='word_1_45' title='bbox 487 1172 566 1233; x_wconf 89' lang='lat' dir='ltr'><strong>negat</strong></span> <span class='ocrx_word' id='word_1_46' title='bbox 582 1170 694 1221; x_wconf 87' lang='lat' dir='ltr'><strong>lloiman</strong></span> <span class='ocrx_word' id='word_1_47' title='bbox 712 1168 877 1236; x_wconf 82' lang='lat' dir='ltr'><strong>Peerlkamp.</strong></span> <span class='ocrx_word' id='word_1_48' title='bbox 896 1198 924 1206; x_wconf 89' lang='lat'>—</span> <span class='ocrx_word' id='word_1_49' title='bbox 942 1169 966 1222; x_wconf 85' lang='lat' dir='ltr'><strong>l.</strong></span> <span class='ocrx_word' id='word_1_50' title='bbox 985 1172 1076 1220; x_wconf 67' lang='lat' dir='ltr'><strong>aaran</strong></span> <span class='ocrx_word' id='word_1_51' title='bbox 1092 1172 1122 1230; x_wconf 86' lang='lat' dir='ltr'><strong>S,</strong></span> <span class='ocrx_word' id='word_1_52' title='bbox 1140 1168 1174 1231; x_wconf 80' lang='grc' dir='ltr'><strong>β,</strong></span> <span class='ocrx_word' id='word_1_53' title='bbox 1191 1184 1233 1236; x_wconf 90' lang='lat' dir='ltr'><strong>pr.</strong></span> <span class='ocrx_word' id='word_1_54' title='bbox 1246 1189 1273 1222; x_wconf 84' lang='grc' dir='ltr'><strong>κ.</strong></span> <span class='ocrx_word' id='word_1_55' title='bbox 1294 1174 1352 1237; x_wconf 78' lang='lat' dir='ltr'><strong>(non</strong></span> 
     </span>
     <span class='ocr_line' id='line_1_9' title="bbox 337 1244 1349 1308; baseline -0.003 -12"><span class='ocrx_word' id='word_1_56' title='bbox 337 1244 450 1308; x_wconf 80' lang='lat' dir='ltr'><strong>lichd.)</strong></span> <span class='ocrx_word' id='word_1_57' title='bbox 465 1245 518 1297; x_wconf 85' lang='lat' dir='ltr'><strong>Cir.</strong></span> <span class='ocrx_word' id='word_1_58' title='bbox 532 1246 620 1296; x_wconf 82' lang='lat' dir='ltr'><strong>carm.</strong></span> <span class='ocrx_word' id='word_1_59' title='bbox 632 1246 658 1307; x_wconf 79' lang='lat' dir='ltr'><strong>i,</strong></span> <span class='ocrx_word' id='word_1_60' title='bbox 672 1245 717 1307; x_wconf 83' lang='lat' dir='ltr'><strong>tt,</strong></span> <span class='ocrx_word' id='word_1_61' title='bbox 730 1246 756 1297; x_wconf 81' lang='lat' dir='ltr'><strong>i.</strong></span> <span class='ocrx_word' id='word_1_62' title='bbox 770 1271 799 1281; x_wconf 95' lang='lat'><em>-</em></span> <span class='ocrx_word' id='word_1_63' title='bbox 813 1248 838 1296; x_wconf 80' lang='lat'><strong>5.</strong></span> <span class='ocrx_word' id='word_1_64' title='bbox 851 1246 919 1295; x_wconf 66' lang='lat' dir='ltr'><strong>duat</strong></span> <span class='ocrx_word' id='word_1_65' title='bbox 928 1247 1036 1295; x_wconf 74' lang='lat' dir='ltr'><strong>auctme</strong></span> <span class='ocrx_word' id='word_1_66' title='bbox 1048 1244 1080 1296; x_wconf 88' lang='lat' dir='ltr'><strong>D.</strong></span> <span class='ocrx_word' id='word_1_67' title='bbox 1092 1244 1199 1296; x_wconf 79' lang='lat' dir='ltr'><strong>Heinsio</strong></span> <span class='ocrx_word' id='word_1_68' title='bbox 1211 1245 1349 1297; x_wconf 85' lang='lat' dir='ltr'><strong>Bentleins.</strong></span> 
     </span>
     <span class='ocr_line' id='line_1_10' title="bbox 339 1317 1110 1383; baseline -0.004 -12"><span class='ocrx_word' id='word_1_69' title='bbox 339 1321 445 1382; x_wconf 82' lang='lat' dir='ltr'><strong>(Omnes</strong></span> <span class='ocrx_word' id='word_1_70' title='bbox 457 1322 519 1381; x_wconf 89' lang='lat' dir='ltr'><strong>mei,</strong></span> <span class='ocrx_word' id='word_1_71' title='bbox 539 1322 620 1372; x_wconf 85' lang='lat' dir='ltr'><strong>etiam</strong></span> <span class='ocrx_word' id='word_1_72' title='bbox 631 1322 657 1383; x_wconf 82' lang='lat' dir='ltr'><strong>d,</strong></span> <span class='ocrx_word' id='word_1_73' title='bbox 676 1320 799 1382; x_wconf 79' lang='lat' dir='ltr'><strong>Bentleii,</strong></span> <span class='ocrx_word' id='word_1_74' title='bbox 817 1319 934 1371; x_wconf 85' lang='lat' dir='ltr'><strong>Pottierii</strong></span> <span class='ocrx_word' id='word_1_75' title='bbox 952 1320 1005 1370; x_wconf 86' lang='lat' dir='ltr'><strong>cet.</strong></span> <span class='ocrx_word' id='word_1_76' title='bbox 1023 1317 1110 1380; x_wconf 72' lang='lat' dir='ltr'><strong>ducis.)</strong></span> 
     </span>
    </p>
   </div>
   <div class='ocr_carea' id='block_1_5' title="bbox 297 1469 1382 4068">
    <p class='ocr_par' dir='ltr' id='par_1_5' title="bbox 297 1469 1382 4068">
     <span class='ocr_line' id='line_1_11' title="bbox 334 1469 1379 1535; baseline 0 -16"><span class='ocrx_word' id='word_1_77' title='bbox 334 1470 359 1519; x_wconf 70' lang='lat' dir='ltr'><strong>i.</strong></span> <span class='ocrx_word' id='word_1_78' title='bbox 378 1470 402 1519; x_wconf 89' lang='grc'><strong>3.</strong></span> <span class='ocrx_word' id='word_1_79' title='bbox 439 1470 552 1535; x_wconf 69' lang='grc' dir='ltr'><strong>ουωιᾰο]</strong></span> <span class='ocrx_word' id='word_1_80' title='bbox 566 1471 722 1533; x_wconf 83' lang='lat' dir='ltr'><strong>«qnoniam,</strong></span> <span class='ocrx_word' id='word_1_81' title='bbox 742 1470 827 1534; x_wconf 87' lang='lat' dir='ltr'><strong>siqni-</strong></span> <span class='ocrx_word' id='word_1_82' title='bbox 863 1469 996 1519; x_wconf 73' lang='lat' dir='ltr'><strong>nidorum</strong></span> <span class='ocrx_word' id='word_1_83' title='bbox 1012 1480 1057 1519; x_wconf 87' lang='lat' dir='ltr'><strong>res</strong></span> <span class='ocrx_word' id='word_1_84' title='bbox 1074 1470 1162 1531; x_wconf 89' lang='lat' dir='ltr'><strong>gestas</strong></span> <span class='ocrx_word' id='word_1_85' title='bbox 1180 1470 1260 1533; x_wconf 79' lang='lat' dir='ltr'><strong>atque</strong></span> <span class='ocrx_word' id='word_1_86' title='bbox 1272 1472 1379 1519; x_wconf 87' lang='lat' dir='ltr'><strong>honores</strong></span> 
     </span>
     <span class='ocr_line' id='line_1_12' title="bbox 303 1543 1381 1607; baseline 0.001 -14"><span class='ocrx_word' id='word_1_87' title='bbox 303 1543 391 1593; x_wconf 80' lang='lat' dir='ltr'><strong>dem.»</strong></span> <span class='ocrx_word' id='word_1_88' title='bbox 418 1544 510 1594; x_wconf 81' lang='lat' dir='ltr'><strong>Senon.</strong></span> <span class='ocrx_word' id='word_1_89' title='bbox 553 1545 621 1594; x_wconf 81' lang='lat' dir='ltr'><strong>Raro</strong></span> <span class='ocrx_word' id='word_1_90' title='bbox 650 1543 760 1607; x_wconf 87' lang='lat' dir='ltr'><strong>quidem</strong></span> <span class='ocrx_word' id='word_1_91' title='bbox 787 1544 827 1594; x_wconf 89' lang='lat' dir='ltr'><strong>sie</strong></span> <span class='ocrx_word' id='word_1_92' title='bbox 863 1543 898 1594; x_wconf 88' lang='lat' dir='ltr'><strong>ad</strong></span> <span class='ocrx_word' id='word_1_93' title='bbox 915 1544 1099 1607; x_wconf 86' lang='lat' dir='ltr'><strong>posteritatem</strong></span> <span class='ocrx_word' id='word_1_94' title='bbox 1110 1546 1286 1607; x_wconf 78' lang='lat' dir='ltr'><strong>propagant.»</strong></span> <span class='ocrx_word' id='word_1_95' title='bbox 1304 1547 1381 1605; x_wconf 80' lang='lat' dir='ltr'><strong>Quae·</strong></span> 
     </span>
     <span class='ocr_line' id='line_1_13' title="bbox 303 1617 1381 1684; baseline 0.003 -17"><span class='ocrx_word' id='word_1_96' title='bbox 303 1618 413 1681; x_wconf 81' lang='lat' dir='ltr'><strong>usurpat</strong></span> <span class='ocrx_word' id='word_1_97' title='bbox 435 1617 557 1668; x_wconf 74' lang='lat' dir='ltr'><strong>Horatius</strong></span> <span class='ocrx_word' id='word_1_98' title='bbox 579 1617 643 1681; x_wconf 86' lang='lat' dir='ltr'><strong>(sat.</strong></span> <span class='ocrx_word' id='word_1_99' title='bbox 664 1618 693 1679; x_wconf 72' lang='lat'><strong>2,</strong></span> <span class='ocrx_word' id='word_1_100' title='bbox 716 1619 750 1680; x_wconf 83' lang='lat' dir='ltr'><strong>o,</strong></span> <span class='ocrx_word' id='word_1_101' title='bbox 773 1618 824 1681; x_wconf 84' lang='lat'><strong>9.);</strong></span> <span class='ocrx_word' id='word_1_102' title='bbox 863 1620 926 1668; x_wconf 91' lang='lat' dir='ltr'><strong>rnnt</strong></span> <span class='ocrx_word' id='word_1_103' title='bbox 942 1617 1106 1679; x_wconf 73' lang='lat' dir='ltr'><strong>grammatici</strong></span> <span class='ocrx_word' id='word_1_104' title='bbox 1122 1618 1235 1680; x_wconf 72' lang='lat' dir='ltr'><strong>sanusne</strong></span> <span class='ocrx_word' id='word_1_105' title='bbox 1253 1632 1289 1669; x_wconf 88' lang='lat' dir='ltr'><strong>an</strong></span> <span class='ocrx_word' id='word_1_106' title='bbox 1309 1621 1381 1684; x_wconf 63' lang='lat' dir='ltr'><strong>swas</strong></span> 
     </span>
     <span class='ocr_line' id='line_1_14' title="bbox 302 1690 1381 1756; baseline 0.005 -16"><span class='ocrx_word' id='word_1_107' title='bbox 302 1691 346 1740; x_wconf 89' lang='lat' dir='ltr'><strong>hic</strong></span> <span class='ocrx_word' id='word_1_108' title='bbox 362 1692 454 1741; x_wconf 87' lang='lat' dir='ltr'><strong>neseio</strong></span> <span class='ocrx_word' id='word_1_109' title='bbox 471 1692 534 1755; x_wconf 92' lang='lat' dir='ltr'><strong>quid</strong></span> <span class='ocrx_word' id='word_1_110' title='bbox 551 1691 634 1741; x_wconf 86' lang='lat' dir='ltr'><strong>habet</strong></span> <span class='ocrx_word' id='word_1_111' title='bbox 650 1690 755 1756; x_wconf 89' lang='lat' dir='ltr'><strong>lepidae</strong></span> <span class='ocrx_word' id='word_1_112' title='bbox 769 1705 828 1756; x_wconf 86' lang='lat' dir='ltr'><strong>gru-</strong></span> <span class='ocrx_word' id='word_1_113' title='bbox 862 1693 961 1743; x_wconf 89' lang='lat' dir='ltr'><strong>rectior</strong></span> <span class='ocrx_word' id='word_1_114' title='bbox 981 1690 1065 1742; x_wconf 83' lang='lat' dir='ltr'><strong>torma</strong></span> <span class='ocrx_word' id='word_1_115' title='bbox 1087 1693 1130 1743; x_wconf 84' lang='lat' dir='ltr'><strong>sit.</strong></span> <span class='ocrx_word' id='word_1_116' title='bbox 1165 1694 1241 1742; x_wconf 88' lang='lat' dir='ltr'><strong>Prior</strong></span> <span class='ocrx_word' id='word_1_117' title='bbox 1256 1706 1323 1745; x_wconf 91' lang='lat' dir='ltr'><strong>sane</strong></span> <span class='ocrx_word' id='word_1_118' title='bbox 1339 1708 1381 1745; x_wconf 83' lang='lat' dir='ltr'><strong>an-</strong></span> 
     </span>
     <span class='ocr_line' id='line_1_15' title="bbox 301 1765 1382 1829; baseline 0.003 -14"><span class='ocrx_word' id='word_1_119' title='bbox 301 1765 402 1825; x_wconf 84' lang='lat' dir='ltr'><strong>vltatis,</strong></span> <span class='ocrx_word' id='word_1_120' title='bbox 421 1766 497 1829; x_wconf 77' lang='lat' dir='ltr'><strong>quasi</strong></span> <span class='ocrx_word' id='word_1_121' title='bbox 514 1778 641 1829; x_wconf 90' lang='lat' dir='ltr'><strong>magnum</strong></span> <span class='ocrx_word' id='word_1_122' title='bbox 658 1767 720 1817; x_wconf 89' lang='lat' dir='ltr'><strong>hnic</strong></span> <span class='ocrx_word' id='word_1_123' title='bbox 732 1767 767 1817; x_wconf 87' lang='lat' dir='ltr'><strong>de</strong></span> <span class='ocrx_word' id='word_1_124' title='bbox 779 1768 827 1817; x_wconf 84' lang='lat' dir='ltr'><strong>La-</strong></span> <span class='ocrx_word' id='word_1_125' title='bbox 862 1766 1071 1829; x_wconf 86' lang='lat' dir='ltr'><strong>tiquiorlloratii</strong></span> <span class='ocrx_word' id='word_1_126' title='bbox 1088 1768 1169 1817; x_wconf 86' lang='lat' dir='ltr'><strong>etiam</strong></span> <span class='ocrx_word' id='word_1_127' title='bbox 1180 1768 1268 1817; x_wconf 83' lang='lat' dir='ltr'><strong>aetate</strong></span> <span class='ocrx_word' id='word_1_128' title='bbox 1282 1768 1382 1818; x_wconf 73' lang='lat' dir='ltr'><strong>videtin</strong></span> 
     </span>
     <span class='ocr_line' id='line_1_16' title="bbox 304 1836 1382 1910; baseline 0.005 -22"><span class='ocrx_word' id='word_1_129' title='bbox 304 1852 349 1889; x_wconf 89' lang='lat' dir='ltr'><strong>mo</strong></span> <span class='ocrx_word' id='word_1_130' title='bbox 361 1836 519 1910; x_wconf 68' lang='lat' dir='ltr'><strong>rapadion</strong></span> <span class='ocrx_word' id='word_1_131' title='bbox 529 1840 635 1905; x_wconf 91' lang='lat' dir='ltr'><strong>pondus</strong></span> <span class='ocrx_word' id='word_1_132' title='bbox 646 1841 823 1892; x_wconf 77' lang='lat' dir='ltr'><strong>tribueret·</strong></span> <span class='ocrx_word' id='word_1_133' title='bbox 861 1840 957 1891; x_wconf 63' lang='lat' dir='ltr'><strong>natata</strong></span> <span class='ocrx_word' id='word_1_134' title='bbox 974 1840 1063 1891; x_wconf 85' lang='lat' dir='ltr'><strong>tuisse.</strong></span> <span class='ocrx_word' id='word_1_135' title='bbox 1098 1840 1213 1892; x_wconf 72' lang='lat' dir='ltr'><strong>altadus</strong></span> <span class='ocrx_word' id='word_1_136' title='bbox 1228 1844 1382 1893; x_wconf 86' lang='lat' dir='ltr'><strong>certumest</strong></span> 
     </span>
     <span class='ocr_line' id='line_1_17' title="bbox 302 1913 1381 1982; baseline 0.004 -19"><span class='ocrx_word' id='word_1_137' title='bbox 302 1913 372 1978; x_wconf 80' lang='lat' dir='ltr'><strong>lise]</strong></span> <span class='ocrx_word' id='word_1_138' title='bbox 391 1915 425 1965; x_wconf 87' lang='lat' dir='ltr'><strong>da</strong></span> <span class='ocrx_word' id='word_1_139' title='bbox 441 1928 558 1979; x_wconf 88' lang='lat' dir='ltr'><strong>persona</strong></span> <span class='ocrx_word' id='word_1_140' title='bbox 574 1916 618 1967; x_wconf 86' lang='lat' dir='ltr'><strong>vel</strong></span> <span class='ocrx_word' id='word_1_141' title='bbox 635 1918 715 1967; x_wconf 86' lang='lat' dir='ltr'><strong>etiam</strong></span> <span class='ocrx_word' id='word_1_142' title='bbox 733 1918 824 1982; x_wconf 79' lang='lat' dir='ltr'><strong>stirpe,</strong></span> <span class='ocrx_word' id='word_1_143' title='bbox 863 1913 1015 1979; x_wconf 84' lang='lat' dir='ltr'><strong>exemplum</strong></span> <span class='ocrx_word' id='word_1_144' title='bbox 1039 1916 1139 1966; x_wconf 84' lang='lat' dir='ltr'><strong>Lucan.</strong></span> <span class='ocrx_word' id='word_1_145' title='bbox 1166 1916 1212 1977; x_wconf 82' lang='lat' dir='ltr'><strong>to,</strong></span> <span class='ocrx_word' id='word_1_146' title='bbox 1240 1917 1307 1967; x_wconf 77' lang='lat'><strong>⁴87:</strong></span> <span class='ocrx_word' id='word_1_147' title='bbox 1335 1918 1381 1967; x_wconf 80' lang='lat' dir='ltr'><strong>Nee</strong></span> 
     </span>
     <span class='ocr_line' id='line_1_18' title="bbox 302 1989 1381 2055; baseline 0 -16"><span class='ocrx_word' id='word_1_148' title='bbox 302 1990 332 2039; x_wconf 93' lang='lat' dir='ltr'><strong>nt</strong></span> <span class='ocrx_word' id='word_1_149' title='bbox 355 1989 426 2051; x_wconf 86' lang='lat' dir='ltr'><strong>virg.</strong></span> <span class='ocrx_word' id='word_1_150' title='bbox 451 1993 516 2040; x_wconf 80' lang='lat' dir='ltr'><strong>Aen.</strong></span> <span class='ocrx_word' id='word_1_151' title='bbox 536 1991 565 2053; x_wconf 88' lang='lat' dir='ltr'><strong>t,</strong></span> <span class='ocrx_word' id='word_1_152' title='bbox 583 1992 633 2041; x_wconf 79' lang='lat' dir='ltr'><strong>et:</strong></span> <span class='ocrx_word' id='word_1_153' title='bbox 661 1992 725 2041; x_wconf 81' lang='lat' dir='ltr'><strong>Hinc</strong></span> <span class='ocrx_word' id='word_1_154' title='bbox 741 2004 826 2054; x_wconf 83' lang='lat' dir='ltr'><strong>popu-</strong></span> <span class='ocrx_word' id='word_1_155' title='bbox 861 1990 1381 2055; x_wconf 70' lang='lat' dir='ltr'><strong>messliudceioiscetwsastibusm.</strong></span> 
     </span>
     <span class='ocr_line' id='line_1_19' title="bbox 302 2063 1380 2129; baseline 0 -15"><span class='ocrx_word' id='word_1_156' title='bbox 302 2064 405 2114; x_wconf 61' lang='lat' dir='ltr'><strong>timu</strong></span> <span class='ocrx_word' id='word_1_157' title='bbox 418 2064 560 2116; x_wconf 66' lang='lat' dir='ltr'><strong>Ventorum.</strong></span> <span class='ocrx_word' id='word_1_158' title='bbox 595 2064 661 2116; x_wconf 87' lang='lat' dir='ltr'><strong>ibid.</strong></span> <span class='ocrx_word' id='word_1_159' title='bbox 680 2067 745 2117; x_wconf 75' lang='lat'><strong>235:</strong></span> <span class='ocrx_word' id='word_1_160' title='bbox 763 2067 826 2116; x_wconf 77' lang='lat' dir='ltr'><strong>Herc</strong></span> <span class='ocrx_word' id='word_1_161' title='bbox 862 2064 952 2113; x_wconf 68' lang='lat' dir='ltr'><strong>ratis</strong></span> <span class='ocrx_word' id='word_1_162' title='bbox 967 2063 1050 2113; x_wconf 89' lang='lat' dir='ltr'><strong>edunt</strong></span> <span class='ocrx_word' id='word_1_163' title='bbox 1066 2064 1147 2114; x_wconf 84' lang='lat' dir='ltr'><strong>etiam</strong></span> <span class='ocrx_word' id='word_1_164' title='bbox 1163 2064 1236 2129; x_wconf 86' lang='lat' dir='ltr'><strong>apud</strong></span> <span class='ocrx_word' id='word_1_165' title='bbox 1252 2064 1380 2125; x_wconf 73' lang='lat' dir='ltr'><strong>Silium,</strong></span> 
     </span>
     <span class='ocr_line' id='line_1_20' title="bbox 303 2138 1381 2205; baseline 0.004 -17"><span class='ocrx_word' id='word_1_166' title='bbox 303 2138 357 2202; x_wconf 75' lang='lat' dir='ltr'><strong>sore</strong></span> <span class='ocrx_word' id='word_1_167' title='bbox 381 2138 494 2188; x_wconf 78' lang='lat' dir='ltr'><strong>doewres</strong></span> <span class='ocrx_word' id='word_1_168' title='bbox 519 2146 636 2191; x_wconf 74' lang='lat' dir='ltr'><strong>rwoeato</strong></span> <span class='ocrx_word' id='word_1_169' title='bbox 663 2154 682 2191; x_wconf 84' lang='lat' dir='ltr'><strong>o</strong></span> <span class='ocrx_word' id='word_1_170' title='bbox 704 2141 827 2205; x_wconf 61' lang='lat' dir='ltr'><strong>soom</strong></span> <span class='ocrx_word' id='word_1_171' title='bbox 863 2138 904 2188; x_wconf 83' lang='lat' dir='ltr'><strong>to.</strong></span> <span class='ocrx_word' id='word_1_172' title='bbox 922 2138 1071 2188; x_wconf 79' lang='lat' dir='ltr'><strong>Pnacianns</strong></span> <span class='ocrx_word' id='word_1_173' title='bbox 1089 2139 1120 2200; x_wconf 84' lang='lat'><strong>6,</strong></span> <span class='ocrx_word' id='word_1_174' title='bbox 1139 2138 1185 2191; x_wconf 83' lang='lat' dir='ltr'><strong>ti:</strong></span> <span class='ocrx_word' id='word_1_175' title='bbox 1213 2140 1381 2202; x_wconf 77' lang='lat' dir='ltr'><strong>Apudflore-</strong></span> 
     </span>
     <span class='ocr_line' id='line_1_21' title="bbox 304 2212 1382 2278; baseline 0.003 -15"><span class='ocrx_word' id='word_1_176' title='bbox 304 2214 399 2263; x_wconf 70' lang='lat' dir='ltr'><strong>Tenui.</strong></span> <span class='ocrx_word' id='word_1_177' title='bbox 435 2214 483 2265; x_wconf 91' lang='lat' dir='ltr'><strong>0d.</strong></span> <span class='ocrx_word' id='word_1_178' title='bbox 503 2217 532 2276; x_wconf 83' lang='lat' dir='ltr'><strong>t,</strong></span> <span class='ocrx_word' id='word_1_179' title='bbox 556 2216 601 2277; x_wconf 69' lang='lat' dir='ltr'><strong>ti,</strong></span> <span class='ocrx_word' id='word_1_180' title='bbox 625 2217 672 2265; x_wconf 80' lang='lat' dir='ltr'><strong>tr:</strong></span> <span class='ocrx_word' id='word_1_181' title='bbox 704 2214 828 2266; x_wconf 68' lang='lat' dir='ltr'><strong>domuit</strong></span> <span class='ocrx_word' id='word_1_182' title='bbox 862 2212 1382 2278; x_wconf 58' lang='lat' dir='ltr'><strong>mammaemammal</strong></span> 
     </span>
     <span class='ocr_line' id='line_1_22' title="bbox 300 2289 1381 2354; baseline 0.001 -17"><span class='ocrx_word' id='word_1_183' title='bbox 300 2289 594 2354; x_wconf 73' lang='lat' dir='ltr'><strong>matmgsneraturtpro.</strong></span> <span class='ocrx_word' id='word_1_184' title='bbox 606 2290 824 2352; x_wconf 76' lang='lat' dir='ltr'><strong>Censorin.22‚9:</strong></span> <span class='ocrx_word' id='word_1_185' title='bbox 860 2298 952 2339; x_wconf 75' lang='lat' dir='ltr'><strong>russos</strong></span> <span class='ocrx_word' id='word_1_186' title='bbox 971 2293 995 2337; x_wconf 84' lang='lat' dir='ltr'><strong>et</strong></span> <span class='ocrx_word' id='word_1_187' title='bbox 1008 2299 1101 2340; x_wconf 77' lang='lat' dir='ltr'><strong>mm</strong></span> <span class='ocrx_word' id='word_1_188' title='bbox 1116 2290 1145 2339; x_wconf 77' lang='lat' dir='ltr'><strong>is</strong></span> <span class='ocrx_word' id='word_1_189' title='bbox 1158 2290 1202 2340; x_wconf 83' lang='lat' dir='ltr'><strong>tu.</strong></span> <span class='ocrx_word' id='word_1_190' title='bbox 1221 2290 1381 2341; x_wconf 62' lang='lat' dir='ltr'><strong>mian:</strong></span> 
     </span>
     <span class='ocr_line' id='line_1_23' title="bbox 301 2362 1382 2427; baseline 0.001 -14"><span class='ocrx_word' id='word_1_191' title='bbox 301 2363 827 2427; x_wconf 70' lang='lat' dir='ltr'><strong>ttomulusnominavitrlptitemobdpbro-</strong></span> <span class='ocrx_word' id='word_1_192' title='bbox 861 2362 912 2412; x_wconf 81' lang='lat' dir='ltr'><strong>Pna</strong></span> <span class='ocrx_word' id='word_1_193' title='bbox 923 2373 1064 2414; x_wconf 78' lang='lat' dir='ltr'><strong>--risros</strong></span> <span class='ocrx_word' id='word_1_194' title='bbox 1080 2367 1104 2412; x_wconf 87' lang='lat' dir='ltr'><strong>et</strong></span> <span class='ocrx_word' id='word_1_195' title='bbox 1118 2374 1210 2415; x_wconf 70' lang='lat' dir='ltr'><strong>susm</strong></span> <span class='ocrx_word' id='word_1_196' title='bbox 1226 2365 1255 2414; x_wconf 80' lang='lat' dir='ltr'><strong>in</strong></span> <span class='ocrx_word' id='word_1_197' title='bbox 1271 2366 1331 2415; x_wconf 78' lang='lat' dir='ltr'><strong>otiis</strong></span> <span class='ocrx_word' id='word_1_198' title='bbox 1344 2378 1382 2414; x_wconf 72' lang='lat' dir='ltr'><strong>eo</strong></span> 
     </span>
     <span class='ocr_line' id='line_1_24' title="bbox 302 2435 1380 2501; baseline 0.002 -15"><span class='ocrx_word' id='word_1_199' title='bbox 302 2438 364 2498; x_wconf 83' lang='lat' dir='ltr'><strong>dite,</strong></span> <span class='ocrx_word' id='word_1_200' title='bbox 383 2439 476 2500; x_wconf 83' lang='lat' dir='ltr'><strong>idest,</strong></span> <span class='ocrx_word' id='word_1_201' title='bbox 497 2440 602 2501; x_wconf 79' lang='lat' dir='ltr'><strong>Venere,</strong></span> <span class='ocrx_word' id='word_1_202' title='bbox 628 2439 694 2489; x_wconf 78' lang='lat' dir='ltr'><strong>ende</strong></span> <span class='ocrx_word' id='word_1_203' title='bbox 717 2439 827 2489; x_wconf 83' lang='lat' dir='ltr'><strong>maiores</strong></span> <span class='ocrx_word' id='word_1_204' title='bbox 862 2436 964 2486; x_wconf 68' lang='lat' dir='ltr'><strong>dicitu</strong></span> <span class='ocrx_word' id='word_1_205' title='bbox 998 2437 1029 2487; x_wconf 85' lang='lat' dir='ltr'><strong>ll.</strong></span> <span class='ocrx_word' id='word_1_206' title='bbox 1048 2435 1065 2486; x_wconf 92' lang='lat' dir='ltr'><strong>l.</strong></span> <span class='ocrx_word' id='word_1_207' title='bbox 1079 2436 1198 2501; x_wconf 81' lang='lat' dir='ltr'><strong>intellige</strong></span> <span class='ocrx_word' id='word_1_208' title='bbox 1216 2440 1380 2501; x_wconf 83' lang='lat' dir='ltr'><strong>potissimum</strong></span> 
     </span>
     <span class='ocr_line' id='line_1_25' title="bbox 302 2510 1382 2577; baseline 0.002 -16"><span class='ocrx_word' id='word_1_209' title='bbox 302 2512 354 2561; x_wconf 67' lang='lat' dir='ltr'><strong>dau</strong></span> <span class='ocrx_word' id='word_1_210' title='bbox 372 2514 473 2562; x_wconf 64' lang='lat' dir='ltr'><strong>mesot</strong></span> <span class='ocrx_word' id='word_1_211' title='bbox 492 2514 644 2563; x_wconf 64' lang='lat' dir='ltr'><strong>damnetur.</strong></span> <span class='ocrx_word' id='word_1_212' title='bbox 669 2540 696 2549; x_wconf 97' lang='lat'>-</span> <span class='ocrx_word' id='word_1_213' title='bbox 711 2513 822 2577; x_wconf 74' lang='lat' dir='ltr'><strong>priores]</strong></span> <span class='ocrx_word' id='word_1_214' title='bbox 861 2510 896 2560; x_wconf 91' lang='lat' dir='ltr'><strong>de</strong></span> <span class='ocrx_word' id='word_1_215' title='bbox 912 2512 1061 2561; x_wconf 86' lang='lat' dir='ltr'><strong>stemmatis</strong></span> <span class='ocrx_word' id='word_1_216' title='bbox 1080 2510 1256 2576; x_wconf 84' lang='lat' dir='ltr'><strong>(genealogiis)</strong></span> <span class='ocrx_word' id='word_1_217' title='bbox 1275 2514 1382 2563; x_wconf 86' lang='lat' dir='ltr'><strong>huiusce</strong></span> 
     </span>
     <span class='ocr_line' id='line_1_26' title="bbox 302 2583 1381 2651; baseline 0.004 -16"><span class='ocrx_word' id='word_1_218' title='bbox 302 2586 353 2636; x_wconf 83' lang='lat' dir='ltr'><strong>Eos</strong></span> <span class='ocrx_word' id='word_1_219' title='bbox 376 2586 506 2651; x_wconf 89' lang='lat' dir='ltr'><strong>intelligit,</strong></span> <span class='ocrx_word' id='word_1_220' title='bbox 536 2589 581 2651; x_wconf 88' lang='lat' dir='ltr'><strong>qui</strong></span> <span class='ocrx_word' id='word_1_221' title='bbox 607 2589 702 2639; x_wconf 80' lang='lat' dir='ltr'><strong>vixisse</strong></span> <span class='ocrx_word' id='word_1_222' title='bbox 728 2588 825 2638; x_wconf 89' lang='lat' dir='ltr'><strong>crede·</strong></span> <span class='ocrx_word' id='word_1_223' title='bbox 862 2583 983 2635; x_wconf 78' lang='lat' dir='ltr'><strong>familiae.</strong></span> <span class='ocrx_word' id='word_1_224' title='bbox 1018 2587 1085 2635; x_wconf 84' lang='lat' dir='ltr'><strong>Nam</strong></span> <span class='ocrx_word' id='word_1_225' title='bbox 1106 2587 1133 2637; x_wconf 89' lang='lat' dir='ltr'><strong>in</strong></span> <span class='ocrx_word' id='word_1_226' title='bbox 1150 2587 1234 2637; x_wconf 83' lang='lat' dir='ltr'><strong>Pastis</strong></span> <span class='ocrx_word' id='word_1_227' title='bbox 1259 2587 1381 2639; x_wconf 82' lang='lat' dir='ltr'><strong>consulu-</strong></span> 
     </span>
     <span class='ocr_line' id='line_1_27' title="bbox 301 2656 1382 2727; baseline 0.002 -18"><span class='ocrx_word' id='word_1_228' title='bbox 301 2658 399 2711; x_wconf 86' lang='lat' dir='ltr'><strong>bantur</strong></span> <span class='ocrx_word' id='word_1_229' title='bbox 423 2662 492 2711; x_wconf 90' lang='lat' dir='ltr'><strong>inter</strong></span> <span class='ocrx_word' id='word_1_230' title='bbox 515 2662 632 2726; x_wconf 89' lang='lat' dir='ltr'><strong>primum</strong></span> <span class='ocrx_word' id='word_1_231' title='bbox 648 2660 752 2712; x_wconf 77' lang='lat' dir='ltr'><strong>aelium</strong></span> <span class='ocrx_word' id='word_1_232' title='bbox 774 2662 824 2711; x_wconf 81' lang='lat' dir='ltr'><strong>La-</strong></span> <span class='ocrx_word' id='word_1_233' title='bbox 861 2656 935 2709; x_wconf 86' lang='lat' dir='ltr'><strong>ribus</strong></span> <span class='ocrx_word' id='word_1_234' title='bbox 951 2672 1021 2709; x_wconf 91' lang='lat' dir='ltr'><strong>unns</strong></span> <span class='ocrx_word' id='word_1_235' title='bbox 1037 2664 1176 2723; x_wconf 85' lang='lat' dir='ltr'><strong>comparet</strong></span> <span class='ocrx_word' id='word_1_236' title='bbox 1191 2662 1235 2711; x_wconf 89' lang='lat' dir='ltr'><strong>bic</strong></span> <span class='ocrx_word' id='word_1_237' title='bbox 1258 2663 1318 2727; x_wconf 87' lang='lat' dir='ltr'><strong>lpse</strong></span> <span class='ocrx_word' id='word_1_238' title='bbox 1335 2664 1382 2711; x_wconf 81' lang='lat' dir='ltr'><strong>la-</strong></span> 
     </span>
     <span class='ocr_line' id='line_1_28' title="bbox 301 2732 1381 2796; baseline 0.004 -13"><span class='ocrx_word' id='word_1_239' title='bbox 301 2734 382 2784; x_wconf 90' lang='lat' dir='ltr'><strong>miam</strong></span> <span class='ocrx_word' id='word_1_240' title='bbox 404 2734 430 2784; x_wconf 94' lang='lat' dir='ltr'><strong>in</strong></span> <span class='ocrx_word' id='word_1_241' title='bbox 453 2736 531 2786; x_wconf 89' lang='lat' dir='ltr'><strong>huius</strong></span> <span class='ocrx_word' id='word_1_242' title='bbox 553 2734 665 2785; x_wconf 81' lang='lat' dir='ltr'><strong>familiae</strong></span> <span class='ocrx_word' id='word_1_243' title='bbox 684 2748 825 2787; x_wconf 86' lang='lat' dir='ltr'><strong>commen-</strong></span> <span class='ocrx_word' id='word_1_244' title='bbox 860 2734 929 2795; x_wconf 85' lang='lat' dir='ltr'><strong>mia,</strong></span> <span class='ocrx_word' id='word_1_245' title='bbox 948 2732 1233 2796; x_wconf 78' lang='lat' dir='ltr'><strong>consulane&#39;ibd3</strong></span> <span class='ocrx_word' id='word_1_246' title='bbox 1250 2736 1381 2787; x_wconf 83' lang='lat' dir='ltr'><strong>necetius</strong></span> 
     </span>
     <span class='ocr_line' id='line_1_29' title="bbox 300 2808 1382 2875; baseline 0.003 -17"><span class='ocrx_word' id='word_1_247' title='bbox 300 2808 372 2858; x_wconf 89' lang='lat' dir='ltr'><strong>tariis</strong></span> <span class='ocrx_word' id='word_1_248' title='bbox 389 2808 431 2859; x_wconf 85' lang='lat' dir='ltr'><strong>vel</strong></span> <span class='ocrx_word' id='word_1_249' title='bbox 447 2808 642 2860; x_wconf 82' lang='lat' dir='ltr'><strong>laudationibus</strong></span> <span class='ocrx_word' id='word_1_250' title='bbox 666 2808 824 2861; x_wconf 73' lang='lat' dir='ltr'><strong>turnebu-ibus</strong></span> <span class='ocrx_word' id='word_1_251' title='bbox 860 2810 968 2871; x_wconf 88' lang='lat' dir='ltr'><strong>praeter</strong></span> <span class='ocrx_word' id='word_1_252' title='bbox 978 2809 1100 2870; x_wconf 85' lang='lat' dir='ltr'><strong>Lucium,</strong></span> <span class='ocrx_word' id='word_1_253' title='bbox 1114 2809 1171 2859; x_wconf 90' lang='lat' dir='ltr'><strong>eius</strong></span> <span class='ocrx_word' id='word_1_254' title='bbox 1182 2812 1298 2873; x_wconf 86' lang='lat' dir='ltr'><strong>patrem,</strong></span> <span class='ocrx_word' id='word_1_255' title='bbox 1308 2824 1382 2875; x_wconf 83' lang='lat' dir='ltr'><strong>prae·</strong></span> 
     </span>
     <span class='ocr_line' id='line_1_30' title="bbox 300 2885 1294 2948; baseline 0.005 -17"><span class='ocrx_word' id='word_1_256' title='bbox 300 2885 478 2933; x_wconf 83' lang='lat' dir='ltr'><strong>memoratum</strong></span> <span class='ocrx_word' id='word_1_257' title='bbox 512 2887 540 2934; x_wconf 88' lang='lat' dir='ltr'><strong>et</strong></span> <span class='ocrx_word' id='word_1_258' title='bbox 575 2886 685 2935; x_wconf 85' lang='lat' dir='ltr'><strong>Lamum</strong></span> <span class='ocrx_word' id='word_1_259' title='bbox 714 2897 822 2948; x_wconf 86' lang='lat' dir='ltr'><strong>regem,</strong></span> <span class='ocrx_word' id='word_1_260' title='bbox 860 2885 962 2943; x_wconf 88' lang='lat' dir='ltr'><strong>torem,</strong></span> <span class='ocrx_word' id='word_1_261' title='bbox 980 2886 1146 2934; x_wconf 86' lang='lat' dir='ltr'><strong>memoratur</strong></span> <span class='ocrx_word' id='word_1_262' title='bbox 1161 2896 1177 2935; x_wconf 87' lang='lat' dir='ltr'><strong>e</strong></span> <span class='ocrx_word' id='word_1_263' title='bbox 1194 2885 1294 2947; x_wconf 89' lang='lat' dir='ltr'><strong>Pigbio.</strong></span> 
     </span>
     <span class='ocr_line' id='line_1_31' title="bbox 301 2956 1381 3025; baseline 0.004 -19"><span class='ocrx_word' id='word_1_264' title='bbox 301 2958 472 3009; x_wconf 84' lang='lat' dir='ltr'><strong>Troianorum</strong></span> <span class='ocrx_word' id='word_1_265' title='bbox 494 2960 646 3023; x_wconf 87' lang='lat' dir='ltr'><strong>temporum</strong></span> <span class='ocrx_word' id='word_1_266' title='bbox 663 2958 820 3023; x_wconf 76' lang='lat' dir='ltr'><strong>aequalem3</strong></span> <span class='ocrx_word' id='word_1_267' title='bbox 893 2961 918 3009; x_wconf 86' lang='lat' dir='ltr'><strong>t.</strong></span> <span class='ocrx_word' id='word_1_268' title='bbox 947 2958 971 3008; x_wconf 89' lang='grc'><strong>6.</strong></span> <span class='ocrx_word' id='word_1_269' title='bbox 1001 2956 1085 3022; x_wconf 72' lang='lat' dir='ltr'><strong>ducis]</strong></span> <span class='ocrx_word' id='word_1_270' title='bbox 1108 2958 1177 3017; x_wconf 83' lang='lat' dir='ltr'><strong>Quid</strong></span> <span class='ocrx_word' id='word_1_271' title='bbox 1193 2971 1243 3023; x_wconf 89' lang='lat' dir='ltr'><strong>pro</strong></span> <span class='ocrx_word' id='word_1_272' title='bbox 1260 2961 1381 3025; x_wconf 87' lang='lat' dir='ltr'><strong>speciosa</strong></span> 
     </span>
     <span class='ocr_line' id='line_1_32' title="bbox 303 3031 1378 3099; baseline 0 -18"><span class='ocrx_word' id='word_1_273' title='bbox 303 3044 364 3081; x_wconf 86' lang='lat' dir='ltr'><strong>nam</strong></span> <span class='ocrx_word' id='word_1_274' title='bbox 389 3036 461 3083; x_wconf 84' lang='lat' dir='ltr'><strong>certa</strong></span> <span class='ocrx_word' id='word_1_275' title='bbox 487 3048 520 3084; x_wconf 87' lang='lat' dir='ltr'><strong>ne</strong></span> <span class='ocrx_word' id='word_1_276' title='bbox 543 3031 606 3083; x_wconf 85' lang='lat' dir='ltr'><strong>iulia</strong></span> <span class='ocrx_word' id='word_1_277' title='bbox 632 3034 742 3098; x_wconf 88' lang='lat' dir='ltr'><strong>quidem</strong></span> <span class='ocrx_word' id='word_1_278' title='bbox 759 3048 824 3099; x_wconf 92' lang='lat' dir='ltr'><strong>gens</strong></span> <span class='ocrx_word' id='word_1_279' title='bbox 861 3033 892 3082; x_wconf 89' lang='lat' dir='ltr'><strong>D.</strong></span> <span class='ocrx_word' id='word_1_280' title='bbox 911 3032 1011 3081; x_wconf 86' lang='lat' dir='ltr'><strong>lleinsit</strong></span> <span class='ocrx_word' id='word_1_281' title='bbox 1028 3032 1096 3082; x_wconf 91' lang='lat' dir='ltr'><strong>coni.</strong></span> <span class='ocrx_word' id='word_1_282' title='bbox 1123 3033 1193 3081; x_wconf 79' lang='lat' dir='ltr'><strong>ducit</strong></span> <span class='ocrx_word' id='word_1_283' title='bbox 1215 3032 1268 3083; x_wconf 87' lang='lat' dir='ltr'><strong>diei</strong></span> <span class='ocrx_word' id='word_1_284' title='bbox 1290 3035 1378 3098; x_wconf 82' lang='lat' dir='ltr'><strong>possit,</strong></span> 
     </span>
     <span class='ocr_line' id='line_1_33' title="bbox 301 3105 1382 3171; baseline 0.001 -16"><span class='ocrx_word' id='word_1_285' title='bbox 301 3107 491 3158; x_wconf 87' lang='lat' dir='ltr'><strong>totamseriem</strong></span> <span class='ocrx_word' id='word_1_286' title='bbox 499 3110 825 3160; x_wconf 85' lang='lat' dir='ltr'><strong>maiorumsuoruminter</strong></span> <span class='ocrx_word' id='word_1_287' title='bbox 860 3106 922 3156; x_wconf 84' lang='lat' dir='ltr'><strong>vide</strong></span> <span class='ocrx_word' id='word_1_288' title='bbox 948 3106 1021 3171; x_wconf 90' lang='lat' dir='ltr'><strong>apud</strong></span> <span class='ocrx_word' id='word_1_289' title='bbox 1045 3105 1207 3169; x_wconf 68' lang='lat' dir='ltr'><strong>benficium,</strong></span> <span class='ocrx_word' id='word_1_290' title='bbox 1237 3120 1330 3159; x_wconf 87' lang='lat' dir='ltr'><strong>acrem</strong></span> <span class='ocrx_word' id='word_1_291' title='bbox 1356 3110 1382 3157; x_wconf 90' lang='lat' dir='ltr'><strong>et</strong></span> 
     </span>
     <span class='ocr_line' id='line_1_34' title="bbox 300 3181 1380 3247; baseline 0.001 -16"><span class='ocrx_word' id='word_1_292' title='bbox 300 3182 416 3247; x_wconf 87' lang='lat' dir='ltr'><strong>primum</strong></span> <span class='ocrx_word' id='word_1_293' title='bbox 430 3181 523 3233; x_wconf 88' lang='lat' dir='ltr'><strong>lulium</strong></span> <span class='ocrx_word' id='word_1_294' title='bbox 535 3195 567 3233; x_wconf 85' lang='lat' dir='ltr'><strong>ex</strong></span> <span class='ocrx_word' id='word_1_295' title='bbox 579 3182 723 3235; x_wconf 78' lang='lat' dir='ltr'><strong>Annalibus</strong></span> <span class='ocrx_word' id='word_1_296' title='bbox 735 3187 825 3236; x_wconf 90' lang='lat' dir='ltr'><strong>Ponti·</strong></span> <span class='ocrx_word' id='word_1_297' title='bbox 860 3182 1027 3245; x_wconf 88' lang='lat' dir='ltr'><strong>ingeniosum</strong></span> <span class='ocrx_word' id='word_1_298' title='bbox 1043 3183 1101 3233; x_wconf 87' lang='lat' dir='ltr'><strong>eius</strong></span> <span class='ocrx_word' id='word_1_299' title='bbox 1117 3182 1301 3235; x_wconf 82' lang='lat' dir='ltr'><strong>defensorem.</strong></span> <span class='ocrx_word' id='word_1_300' title='bbox 1329 3185 1380 3245; x_wconf 80' lang='lat' dir='ltr'><strong>Ego</strong></span> 
     </span>
     <span class='ocr_line' id='line_1_35' title="bbox 300 3255 1380 3321; baseline 0.002 -16"><span class='ocrx_word' id='word_1_301' title='bbox 300 3256 380 3306; x_wconf 89' lang='lat' dir='ltr'><strong>ticum</strong></span> <span class='ocrx_word' id='word_1_302' title='bbox 392 3260 438 3307; x_wconf 89' lang='lat' dir='ltr'><strong>aut</strong></span> <span class='ocrx_word' id='word_1_303' title='bbox 448 3255 553 3308; x_wconf 87' lang='lat' dir='ltr'><strong>aliunde</strong></span> <span class='ocrx_word' id='word_1_304' title='bbox 565 3258 690 3309; x_wconf 85' lang='lat' dir='ltr'><strong>historica</strong></span> <span class='ocrx_word' id='word_1_305' title='bbox 706 3259 758 3309; x_wconf 86' lang='lat' dir='ltr'><strong>fide</strong></span> <span class='ocrx_word' id='word_1_306' title='bbox 774 3274 825 3310; x_wconf 92' lang='lat' dir='ltr'><strong>no-</strong></span> <span class='ocrx_word' id='word_1_307' title='bbox 859 3268 890 3305; x_wconf 92' lang='lat' dir='ltr'><strong>re</strong></span> <span class='ocrx_word' id='word_1_308' title='bbox 915 3256 1005 3306; x_wconf 90' lang='lat' dir='ltr'><strong>denno</strong></span> <span class='ocrx_word' id='word_1_309' title='bbox 1030 3258 1161 3321; x_wconf 87' lang='lat' dir='ltr'><strong>pensitata</strong></span> <span class='ocrx_word' id='word_1_310' title='bbox 1191 3256 1227 3307; x_wconf 87' lang='lat' dir='ltr'><strong>ad</strong></span> <span class='ocrx_word' id='word_1_311' title='bbox 1253 3256 1380 3307; x_wconf 90' lang='lat' dir='ltr'><strong>librorum</strong></span> 
     </span>
     <span class='ocr_line' id='line_1_36' title="bbox 299 3329 1380 3399; baseline 0.003 -20"><span class='ocrx_word' id='word_1_312' title='bbox 299 3332 356 3380; x_wconf 93' lang='lat' dir='ltr'><strong>tum</strong></span> <span class='ocrx_word' id='word_1_313' title='bbox 373 3334 400 3381; x_wconf 89' lang='lat' dir='ltr'><strong>et</strong></span> <span class='ocrx_word' id='word_1_314' title='bbox 413 3329 499 3383; x_wconf 90' lang='lat' dir='ltr'><strong>lulum</strong></span> <span class='ocrx_word' id='word_1_315' title='bbox 510 3334 615 3399; x_wconf 76' lang='lat' dir='ltr'><strong>Aeneae</strong></span> <span class='ocrx_word' id='word_1_316' title='bbox 627 3334 654 3383; x_wconf 89' lang='lat' dir='ltr'><strong>F.</strong></span> <span class='ocrx_word' id='word_1_317' title='bbox 668 3334 824 3383; x_wconf 88' lang='lat' dir='ltr'><strong>nominatim</strong></span> <span class='ocrx_word' id='word_1_318' title='bbox 860 3331 1045 3381; x_wconf 84' lang='lat' dir='ltr'><strong>auctoritatem</strong></span> <span class='ocrx_word' id='word_1_319' title='bbox 1069 3342 1141 3381; x_wconf 89' lang='lat' dir='ltr'><strong>nunc</strong></span> <span class='ocrx_word' id='word_1_320' title='bbox 1161 3332 1275 3393; x_wconf 85' lang='lat' dir='ltr'><strong>reverti,</strong></span> <span class='ocrx_word' id='word_1_321' title='bbox 1301 3331 1380 3382; x_wconf 87' lang='lat' dir='ltr'><strong>labnii</strong></span> 
     </span>
     <span class='ocr_line' id='line_1_37' title="bbox 299 3404 1380 3470; baseline 0 -16"><span class='ocrx_word' id='word_1_322' title='bbox 299 3404 406 3469; x_wconf 86' lang='lat' dir='ltr'><strong>explere</strong></span> <span class='ocrx_word' id='word_1_323' title='bbox 423 3418 542 3470; x_wconf 86' lang='lat' dir='ltr'><strong>unquam</strong></span> <span class='ocrx_word' id='word_1_324' title='bbox 562 3411 656 3458; x_wconf 84' lang='lat' dir='ltr'><strong>conata</strong></span> <span class='ocrx_word' id='word_1_325' title='bbox 674 3410 748 3468; x_wconf 90' lang='lat' dir='ltr'><strong>erat,</strong></span> <span class='ocrx_word' id='word_1_326' title='bbox 773 3421 823 3458; x_wconf 89' lang='lat' dir='ltr'><strong>nec</strong></span> <span class='ocrx_word' id='word_1_327' title='bbox 859 3405 1077 3469; x_wconf 85' lang='lat' dir='ltr'><strong>interpretatione</strong></span> <span class='ocrx_word' id='word_1_328' title='bbox 1097 3404 1219 3469; x_wconf 87' lang='lat' dir='ltr'><strong>probata.</strong></span> <span class='ocrx_word' id='word_1_329' title='bbox 1252 3407 1284 3455; x_wconf 88' lang='lat' dir='ltr'><strong>ln</strong></span> <span class='ocrx_word' id='word_1_330' title='bbox 1300 3406 1380 3456; x_wconf 85' lang='lat' dir='ltr'><strong>llein·</strong></span> 
     </span>
     <span class='ocr_line' id='line_1_38' title="bbox 299 3479 1380 3543; baseline -0.002 -12"><span class='ocrx_word' id='word_1_331' title='bbox 299 3481 383 3543; x_wconf 88' lang='lat' dir='ltr'><strong>magis</strong></span> <span class='ocrx_word' id='word_1_332' title='bbox 401 3493 449 3531; x_wconf 87' lang='lat' dir='ltr'><strong>eae</strong></span> <span class='ocrx_word' id='word_1_333' title='bbox 467 3484 574 3543; x_wconf 88' lang='lat' dir='ltr'><strong>gentes,</strong></span> <span class='ocrx_word' id='word_1_334' title='bbox 594 3480 691 3543; x_wconf 87' lang='lat' dir='ltr'><strong>quibus</strong></span> <span class='ocrx_word' id='word_1_335' title='bbox 709 3480 823 3533; x_wconf 86' lang='lat' dir='ltr'><strong>similem</strong></span> <span class='ocrx_word' id='word_1_336' title='bbox 859 3480 933 3529; x_wconf 89' lang='lat' dir='ltr'><strong>siana</strong></span> <span class='ocrx_word' id='word_1_337' title='bbox 949 3481 1052 3529; x_wconf 73' lang='lat' dir='ltr'><strong>radone</strong></span> <span class='ocrx_word' id='word_1_338' title='bbox 1070 3480 1148 3529; x_wconf 88' lang='lat' dir='ltr'><strong>nimis</strong></span> <span class='ocrx_word' id='word_1_339' title='bbox 1165 3479 1253 3529; x_wconf 62' lang='lat' dir='ltr'><strong>anuis</strong></span> <span class='ocrx_word' id='word_1_340' title='bbox 1278 3479 1380 3530; x_wconf 65' lang='lat' dir='ltr'><strong>videm</strong></span> 
     </span>
     <span class='ocr_line' id='line_1_39' title="bbox 299 3552 1381 3621; baseline -0.002 -17"><span class='ocrx_word' id='word_1_341' title='bbox 299 3556 427 3618; x_wconf 77' lang='lat' dir='ltr'><strong>originem</strong></span> <span class='ocrx_word' id='word_1_342' title='bbox 438 3554 585 3606; x_wconf 83' lang='lat' dir='ltr'><strong>fabulosam</strong></span> <span class='ocrx_word' id='word_1_343' title='bbox 604 3556 722 3607; x_wconf 91' lang='lat' dir='ltr'><strong>tribuunt</strong></span> <span class='ocrx_word' id='word_1_344' title='bbox 738 3556 824 3621; x_wconf 84' lang='lat' dir='ltr'><strong>Virgi-</strong></span> <span class='ocrx_word' id='word_1_345' title='bbox 859 3553 901 3604; x_wconf 87' lang='lat' dir='ltr'><strong>illa</strong></span> <span class='ocrx_word' id='word_1_346' title='bbox 917 3555 996 3604; x_wconf 90' lang='lat' dir='ltr'><strong>unlus</strong></span> <span class='ocrx_word' id='word_1_347' title='bbox 1017 3552 1144 3604; x_wconf 83' lang='lat' dir='ltr'><strong>versiculi</strong></span> <span class='ocrx_word' id='word_1_348' title='bbox 1164 3552 1308 3617; x_wconf 87' lang='lat' dir='ltr'><strong>appellatio</strong></span> <span class='ocrx_word' id='word_1_349' title='bbox 1330 3553 1381 3604; x_wconf 77' lang='lat' dir='ltr'><strong>deti</strong></span> 
     </span>
     <span class='ocr_line' id='line_1_40' title="bbox 299 3627 1380 3695; baseline 0.002 -18"><span class='ocrx_word' id='word_1_350' title='bbox 299 3627 824 3695; x_wconf 61' lang='lat' dir='ltr'><strong>linsetsittnsrrtortorepnerror-</strong></span> <span class='ocrx_word' id='word_1_351' title='bbox 858 3630 1014 3687; x_wconf 80' lang='lat' dir='ltr'><strong>--Lomo;</strong></span> <span class='ocrx_word' id='word_1_352' title='bbox 1051 3628 1131 3679; x_wconf 90' lang='lat' dir='ltr'><strong>nimis</strong></span> <span class='ocrx_word' id='word_1_353' title='bbox 1164 3629 1274 3691; x_wconf 85' lang='lat' dir='ltr'><strong>copiosa</strong></span> <span class='ocrx_word' id='word_1_354' title='bbox 1301 3628 1380 3679; x_wconf 75' lang='lat' dir='ltr'><strong>lanii</strong></span> 
     </span>
     <span class='ocr_line' id='line_1_41' title="bbox 299 3702 1380 3770; baseline -0.001 -17"><span class='ocrx_word' id='word_1_355' title='bbox 299 3702 559 3765; x_wconf 72' lang='lat' dir='ltr'><strong>restituentem,</strong></span> <span class='ocrx_word' id='word_1_356' title='bbox 578 3704 824 3770; x_wconf 74' lang='lat' dir='ltr'><strong>vosalautemop-</strong></span> <span class='ocrx_word' id='word_1_357' title='bbox 859 3704 964 3768; x_wconf 88' lang='lat' dir='ltr'><strong>generis</strong></span> <span class='ocrx_word' id='word_1_358' title='bbox 992 3704 1110 3768; x_wconf 75' lang='lat' dir='ltr'><strong>mythice</strong></span> <span class='ocrx_word' id='word_1_359' title='bbox 1138 3704 1267 3763; x_wconf 76' lang='lat' dir='ltr'><strong>historia3</strong></span> <span class='ocrx_word' id='word_1_360' title='bbox 1296 3704 1380 3768; x_wconf 83' lang='lat' dir='ltr'><strong>aptius</strong></span> 
     </span>
     <span class='ocr_line' id='line_1_42' title="bbox 298 3776 1378 3843; baseline -0.003 -15"><span class='ocrx_word' id='word_1_361' title='bbox 298 3780 434 3843; x_wconf 90' lang='lat' dir='ltr'><strong>ponuntur</strong></span> <span class='ocrx_word' id='word_1_362' title='bbox 457 3783 569 3841; x_wconf 63' lang='lat' dir='ltr'><strong>motas,</strong></span> <span class='ocrx_word' id='word_1_363' title='bbox 596 3779 625 3840; x_wconf 82' lang='lat' dir='ltr'><strong>it,</strong></span> <span class='ocrx_word' id='word_1_364' title='bbox 649 3791 765 3842; x_wconf 86' lang='lat' dir='ltr'><strong>quorum</strong></span> <span class='ocrx_word' id='word_1_365' title='bbox 788 3781 822 3831; x_wconf 89' lang='lat' dir='ltr'><strong>de</strong></span> <span class='ocrx_word' id='word_1_366' title='bbox 859 3792 923 3842; x_wconf 89' lang='lat' dir='ltr'><strong>ergo</strong></span> <span class='ocrx_word' id='word_1_367' title='bbox 946 3784 1008 3843; x_wconf 90' lang='lat' dir='ltr'><strong>post</strong></span> <span class='ocrx_word' id='word_1_368' title='bbox 1033 3778 1227 3842; x_wconf 85' lang='lat' dir='ltr'><strong>digressionem</strong></span> <span class='ocrx_word' id='word_1_369' title='bbox 1249 3792 1277 3827; x_wconf 86' lang='lat' dir='ltr'><strong>v.</strong></span> <span class='ocrx_word' id='word_1_370' title='bbox 1304 3776 1378 3828; x_wconf 74' lang='grc' dir='ltr'><strong>Μ.</strong></span> 
     </span>
     <span class='ocr_line' id='line_1_43' title="bbox 299 3852 1380 3905; baseline -0.002 -2"><span class='ocrx_word' id='word_1_371' title='bbox 299 3852 450 3903; x_wconf 89' lang='lat' dir='ltr'><strong>nominibus</strong></span> <span class='ocrx_word' id='word_1_372' title='bbox 467 3855 540 3903; x_wconf 85' lang='lat' dir='ltr'><strong>certa</strong></span> <span class='ocrx_word' id='word_1_373' title='bbox 557 3852 610 3903; x_wconf 89' lang='lat' dir='ltr'><strong>tide</strong></span> <span class='ocrx_word' id='word_1_374' title='bbox 623 3854 771 3905; x_wconf 87' lang='lat' dir='ltr'><strong>constabat.</strong></span> <span class='ocrx_word' id='word_1_375' title='bbox 793 3882 820 3891; x_wconf 85' lang='lat'><strong>-·</strong></span> <span class='ocrx_word' id='word_1_376' title='bbox 858 3866 884 3901; x_wconf 87' lang='lat' dir='ltr'><strong>v.</strong></span> <span class='ocrx_word' id='word_1_377' title='bbox 902 3855 927 3902; x_wconf 82' lang='lat' dir='ltr'><strong>t.</strong></span> <span class='ocrx_word' id='word_1_378' title='bbox 946 3853 1016 3903; x_wconf 89' lang='lat' dir='ltr'><strong>redit</strong></span> <span class='ocrx_word' id='word_1_379' title='bbox 1031 3853 1066 3903; x_wconf 87' lang='lat' dir='ltr'><strong>ad</strong></span> <span class='ocrx_word' id='word_1_380' title='bbox 1082 3868 1108 3903; x_wconf 83' lang='lat' dir='ltr'><strong>v.</strong></span> <span class='ocrx_word' id='word_1_381' title='bbox 1122 3855 1146 3903; x_wconf 86' lang='lat' dir='ltr'><strong>t.</strong></span> <span class='ocrx_word' id='word_1_382' title='bbox 1165 3856 1228 3905; x_wconf 87' lang='lat' dir='ltr'><strong>Post</strong></span> <span class='ocrx_word' id='word_1_383' title='bbox 1243 3853 1380 3903; x_wconf 84' lang='lat' dir='ltr'><strong>exordium</strong></span> 
     </span>
     <span class='ocr_line' id='line_1_44' title="bbox 297 3928 1380 3993; baseline -0.002 -15"><span class='ocrx_word' id='word_1_384' title='bbox 297 3928 394 3993; x_wconf 73' lang='lat' dir='ltr'><strong>femen]</strong></span> <span class='ocrx_word' id='word_1_385' title='bbox 417 3929 536 3979; x_wconf 80' lang='lat' dir='ltr'><strong>«vetusta</strong></span> <span class='ocrx_word' id='word_1_386' title='bbox 559 3930 587 3977; x_wconf 89' lang='lat' dir='ltr'><strong>et</strong></span> <span class='ocrx_word' id='word_1_387' title='bbox 608 3930 734 3979; x_wconf 89' lang='lat' dir='ltr'><strong>constans</strong></span> <span class='ocrx_word' id='word_1_388' title='bbox 752 3930 821 3979; x_wconf 87' lang='lat' dir='ltr'><strong>tama</strong></span> <span class='ocrx_word' id='word_1_389' title='bbox 859 3929 963 3988; x_wconf 57' lang='lat' dir='ltr'><strong>auum,</strong></span> <span class='ocrx_word' id='word_1_390' title='bbox 990 3928 1063 3991; x_wconf 90' lang='lat' dir='ltr'><strong>quod</strong></span> <span class='ocrx_word' id='word_1_391' title='bbox 1079 3929 1137 3992; x_wconf 90' lang='lat' dir='ltr'><strong>ipsa</strong></span> <span class='ocrx_word' id='word_1_392' title='bbox 1154 3941 1203 3978; x_wconf 86' lang='lat' dir='ltr'><strong>sua</strong></span> <span class='ocrx_word' id='word_1_393' title='bbox 1219 3928 1380 3978; x_wconf 82' lang='lat' dir='ltr'><strong>verbositate</strong></span> 
     </span>
     <span class='ocr_line' id='line_1_45' title="bbox 299 4000 1380 4068; baseline 0.003 -19"><span class='ocrx_word' id='word_1_394' title='bbox 299 4003 364 4051; x_wconf 79' lang='lat' dir='ltr'><strong>est.»</strong></span> <span class='ocrx_word' id='word_1_395' title='bbox 383 4001 450 4052; x_wconf 78' lang='lat' dir='ltr'><strong>uiuit</strong></span> <span class='ocrx_word' id='word_1_396' title='bbox 461 4002 531 4053; x_wconf 89' lang='lat' dir='ltr'><strong>inest</strong></span> <span class='ocrx_word' id='word_1_397' title='bbox 541 4003 633 4053; x_wconf 89' lang='lat' dir='ltr'><strong>incerti</strong></span> <span class='ocrx_word' id='word_1_398' title='bbox 646 4016 677 4053; x_wconf 88' lang='lat' dir='ltr'><strong>ac</strong></span> <span class='ocrx_word' id='word_1_399' title='bbox 690 4002 772 4053; x_wconf 89' lang='lat' dir='ltr'><strong>dubii.</strong></span> <span class='ocrx_word' id='word_1_400' title='bbox 858 4003 946 4051; x_wconf 85' lang='lat' dir='ltr'><strong>iocum</strong></span> <span class='ocrx_word' id='word_1_401' title='bbox 963 4002 1088 4064; x_wconf 85' lang='lat' dir='ltr'><strong>adiuvat,</strong></span> <span class='ocrx_word' id='word_1_402' title='bbox 1107 4002 1247 4068; x_wconf 88' lang='lat' dir='ltr'><strong>abruptius</strong></span> <span class='ocrx_word' id='word_1_403' title='bbox 1263 4000 1380 4067; x_wconf 84' lang='lat' dir='ltr'><strong>procedit</strong></span> 
     </span>
    </p>
   </div>
   <div class='ocr_carea' id='block_1_6' title="bbox 216 4073 1380 4141">
    <p class='ocr_par' dir='ltr' id='par_1_6' title="bbox 216 4073 1380 4141">
     <span class='ocr_line' id='line_1_46' title="bbox 216 4073 1380 4141; baseline 0 -17"><span class='ocrx_word' id='word_1_404' title='bbox 216 4130 220 4140; x_wconf 23' lang='grc' dir='ltr'>ι</span> <span class='ocrx_word' id='word_1_405' title='bbox 331 4073 355 4124; x_wconf 83' lang='lat' dir='ltr'><strong>l.</strong></span> <span class='ocrx_word' id='word_1_406' title='bbox 373 4075 819 4141; x_wconf 70' lang='lat' dir='ltr'><strong>mamrn--tasaslod.t,ti,t:</strong></span> <span class='ocrx_word' id='word_1_407' title='bbox 857 4076 892 4127; x_wconf 88' lang='lat' dir='ltr'><strong>ad</strong></span> <span class='ocrx_word' id='word_1_408' title='bbox 907 4078 1082 4141; x_wconf 85' lang='lat' dir='ltr'><strong>praecipuum</strong></span> <span class='ocrx_word' id='word_1_409' title='bbox 1098 4079 1223 4128; x_wconf 85' lang='lat' dir='ltr'><strong>carminis</strong></span> <span class='ocrx_word' id='word_1_410' title='bbox 1239 4089 1380 4141; x_wconf 87' lang='lat' dir='ltr'><strong>argumen-</strong></span> 
     </span>
    </p>
   </div>
   <div class='ocr_carea' id='block_1_7' title="bbox 299 4148 1380 4217">
    <p class='ocr_par' dir='ltr' id='par_1_7' title="bbox 299 4148 1380 4217">
     <span class='ocr_line' id='line_1_47' title="bbox 299 4148 1380 4217; baseline 0 -20"><span class='ocrx_word' id='word_1_411' title='bbox 299 4148 345 4197; x_wconf 86' lang='lat' dir='ltr'><strong>Per</strong></span> <span class='ocrx_word' id='word_1_412' title='bbox 361 4150 444 4201; x_wconf 78' lang='lat' dir='ltr'><strong>titides</strong></span> <span class='ocrx_word' id='word_1_413' title='bbox 459 4164 625 4213; x_wconf 79' lang='lat' dir='ltr'><strong>memoresque</strong></span> <span class='ocrx_word' id='word_1_414' title='bbox 641 4151 735 4213; x_wconf 54' lang='lat' dir='ltr'><strong>susten</strong></span> <span class='ocrx_word' id='word_1_415' title='bbox 755 4153 821 4215; x_wconf 81' lang='lat' dir='ltr'><strong>«qui</strong></span> <span class='ocrx_word' id='word_1_416' title='bbox 858 4154 916 4203; x_wconf 91' lang='lat' dir='ltr'><strong>turn</strong></span> <span class='ocrx_word' id='word_1_417' title='bbox 932 4165 991 4202; x_wconf 83' lang='lat' dir='ltr'><strong>eres</strong></span> <span class='ocrx_word' id='word_1_418' title='bbox 1007 4154 1059 4202; x_wconf 90' lang='lat' dir='ltr'><strong>cet.</strong></span> <span class='ocrx_word' id='word_1_419' title='bbox 1084 4154 1199 4203; x_wconf 85' lang='lat' dir='ltr'><strong>Criticus</strong></span> <span class='ocrx_word' id='word_1_420' title='bbox 1215 4154 1323 4217; x_wconf 88' lang='lat' dir='ltr'><strong>quidem</strong></span> <span class='ocrx_word' id='word_1_421' title='bbox 1333 4163 1380 4199; x_wconf 86' lang='lat' dir='ltr'><strong>uo-</strong></span> 
     </span>
    </p>
   </div>
   <div class='ocr_carea' id='block_1_8' title="bbox 0 0 1472 4884">
    <p class='ocr_par' dir='ltr' id='par_1_8' title="bbox 0 0 1472 4884">
     <span class='ocr_line' id='line_1_48' title="bbox 0 0 1472 4884; baseline 0 0"><span class='ocrx_word' id='word_1_422' title='bbox 0 0 1472 4884; x_wconf 95' lang='lat' dir='ltr'><strong> </strong></span> 
     </span>
    </p>
   </div>
  </div>
 </body>
</html>
