2934 4884
494 390 553 439 Llll.
573 390 614 439 lll.
651 390 679 439 C.
699 391 763 441 xix.

462 932 839 1029 cmm

236 1128 397 1205 Quantum
421 1126 516 1193 distet
538 1128 578 1194 ab
601 1128 720 1196 lnacho

277 1246 403 1313 Codrus
425 1268 485 1335 pro
507 1249 610 1335 patria
632 1269 697 1316 non
719 1248 850 1316 timidus
874 1252 973 1327 mori,

234 1368 352 1433 Narras
375 1376 407 1433 ct
432 1388 535 1454 genus
557 1370 654 1436 Aeaci

275 1488 313 1553 Et
333 1497 474 1575 pugnata
496 1508 591 1555 sacro
613 1488 698 1556 bella
721 1490 782 1556 sub
804 1490 877 1555 llio:

169 1721 236 1771 iux.
255 1722 339 1772 inser.
356 1702 425 1784 von.
451 1722 490 1772 aa
514 1722 655 1784 russiam,
682 1724 709 1771 et
733 1724 772 1773 sn
788 1724 856 1773 nsr.
885 1750 914 1761 -
940 1726 979 1776 aa
1002 1726 1131 1790 ruspans·
1146 1742 1164 1777 a

134 1796 248 1846 surm
269 1796 379 1859 cucone
402 1796 554 1846 ionmatm
570 1794 614 1845 hc.
634 1822 663 1832 -
683 1796 706 1844 l.
726 1798 802 1846 dirtos
818 1796 905 1860 h'l'cd,
930 1802 961 1849 nt
984 1799 1093 1852 volebat
1110 1804 1164 1853 Cu·

135 1870 314 1934 ninghamius.
335 1870 395 1931 (non
412 1870 470 1932 BS.)

133 2085 200 2135 XIX.
220 2081 361 2134 Probabile
378 2094 460 2145 sane,
478 2095 530 2133 noc
541 2084 632 2133 temen
669 2096 702 2134 ne
720 2084 746 2133 in
763 2086 912 2146 Angusmm
929 2086 1100 2149 conspiravit.
1126 2086 1197 2149 (Vol-

99 2170 214 2223 prorsns
241 2158 346 2206 certum
367 2158 420 2216 est,
450 2156 522 2207 hunc
544 2158 632 2207 Murs-
668 2156 711 2207 lei.
724 2158 755 2218 i,
769 2157 810 2206 et.
829 2159 901 2207 Suet.
914 2159 971 2208 Oct.
986 2160 1031 2220 lii,
1044 2161 1085 2209 66.
1104 2161 1193 2211 liber.

100 2245 164 2281 noan
189 2244 315 2295 οοοονοοι
338 2229 455 2281 cundem
481 2244 541 2282 esse
568 2244 631 2281 cum
668 2232 692 2281 8.
722 2232 817 2281 Senec.
837 2231 871 2280 de
890 2229 974 2282 Clem.
996 2233 1021 2282 a
1051 2235 1099 2283 Dio
1118 2236 1193 2285 Cass.

100 2309 129 2357 L.
149 2305 251 2356 Licinio
268 2304 388 2353 Varrone
405 2304 630 2364 Murena‚‘lrntre
667 2302 711 2363 si,
731 2303 767 2365 3,)
801 2304 870 2366 Ergo
889 2303 977 2367 aliqua
1001 2309 1075 2356 certe
1092 2306 1194 2370 proba-

99 2380 242 2430 Terentino
254 2378 428 2438 Maecenatis,
447 2378 547 2429 Horatii
562 2378 631 2428 emi·
667 2376 776 2429 hilitetis
801 2380 892 2443 specie
918 2380 990 2429 circa
1016 2392 1040 2429 a.
1068 2381 1125 2430 729.
1152 2380 1195 2431 vel

102 2468 134 2503 co
153 2452 211 2515 (cir.
232 2452 281 2501 0d.
295 2452 323 2511 2,
338 2452 398 2513 iti).
421 2454 446 2501 ls
463 2452 551 2515 igitur,
570 2453 631 2515 qui·
668 2452 724 2502 73⁰.
745 2454 773 2501 et
789 2453 899 2515 quidem
915 2454 1005 2503 hieme
1023 2455 1056 2517 (v.
1070 2454 1105 2517 8.)
1118 2467 1196 2505 corn·

101 2525 282 2590 cunqueluit,
294 2526 537 2587 cuminlngurum
549 2523 632 2575 colle·
668 2526 785 2591 positum
803 2526 928 2577 dixeris.»
947 2528 1056 2577 Funus.

102 2602 177 2664 num
195 2600 335 2663 cooptatus
347 2600 432 2659 esset,
451 2599 509 2648 eins
521 2598 630 2649 honoris
701 2601 724 2649 t.
756 2602 884 2661 οοοοεοοι
911 2601 996 2664 dotet]
1038 2602 1194 2662 «Quantum

103 2674 189 2737 mila
205 2674 380 2733 nocturnum,
399 2674 426 2721 et
443 2684 504 2721 enm
520 2671 631 2735 qtridem
667 2675 796 2737 temporis
812 2675 848 2725 sit
864 2673 898 2724 ab
916 2675 1027 2735 inacho,
1045 2676 1133 2738 primo
1144 2677 1196 2725 lr-

102 2746 311 2807 hilurissimam,
347 2746 572 2808 compotationem
589 2747 631 2795 in·
667 2748 789 2809 givornm
807 2760 883 2811 rego,
910 2761 997 2811 nsque
1014 2748 1049 2798 nd
1066 2748 1194 2810 Codrum,

102 2822 195 2870 stituit.
232 2821 326 2869 Totam
344 2820 401 2869 eius
421 2820 554 2883 picturam
576 2832 630 2883 qno
667 2820 870 2871 Atheniensium
902 2821 1056 2872 ultimum.»
1096 2823 1193 2871 lictant

99 2894 260 2943 viridiorem
271 2891 380 2953 reddet,
400 2894 517 2957 primum
535 2906 564 2944 se
582 2907 630 2943 ex·
668 2892 798 2945 interesse
829 2908 915 2946 annos
951 2896 1057 2946 circiter
1092 2896 1190 2945 DCCC.

99 2964 238 3031 postulare
255 2966 330 3029 fingit
346 2979 409 3017 cum
425 2964 557 3030 Telepho,
585 2968 630 3029 qui
668 2966 804 3028 (Inachum
821 2982 845 3017 a.
866 2972 927 3018 ante
945 2970 1008 3019 Chr.
1028 2969 1101 3018 4667.
1121 2968 1196 3031 pontt

99 3039 243 3104 philologis
260 3040 467 3103 quaestiunculis
482 3045 629 3103 occupatus
666 3040 757 3089 Bocklr
780 3042 898 3091 Montio
923 3056 949 3105 p.
977 3041 1044 3103 493.)
1089 3039 1195 3091 ocellos

100 3114 133 3165 dc
160 3114 288 3165 convivio
316 3115 366 3164 rite
392 3114 512 3179 parando
540 3127 627 3175 nunc,
667 3114 790 3164 Lucanus
807 3114 838 3173 3,
857 3116 881 3163 t.
909 3128 936 3177 p.
955 3115 996 3164 37.
1025 3114 1093 3164 llud.
1124 3114 1194 3175 Τοῖς

101 3202 163 3239 cum
193 3188 230 3237 sil
257 3188 496 3257 consectanctur,
531 3189 627 3238 tacent.
666 3184 784 3252 λέγουσι
794 3181 848 3251 τὴν
858 3184 913 3251 τῆς
926 3182 1094 3251 Ἑλληνικῆς
1112 3187 1193 3236 icto·

101 3261 180 3322 Quod
191 3258 339 3325 Telephum
353 3262 500 3311 «Graecum
511 3263 627 3325 poetam,
666 3260 731 3329 ρίας
748 3253 842 3330 ἀρχὴν
854 3255 914 3309 ἀπὸ
928 3254 1042 3319 Ἰνάχου
1055 3256 1129 3310 εἶναι
1138 3258 1192 3311 τοῦ

100 3334 223 3387 sodalem
241 3335 362 3386 Horatii»
380 3338 574 3398 vocationem
602 3336 629 3385 id
662 3327 788 3404 Ἀργείου
808 3334 984 3404 προσεκτέον
994 3332 1054 3382 κτλ.
1081 3335 1121 3383 De
1141 3334 1192 3383 Co·

100 3412 179 3461 unice
217 3422 251 3459 ex
278 3410 403 3461 carminis
432 3410 541 3459 exordio
579 3410 630 3460 de·
666 3407 715 3457 dro
734 3408 782 3459 cfr.
801 3406 867 3458 Veli.
886 3409 943 3458 Pal.
961 3409 990 3469 l,
1012 3408 1037 3457 2.
1061 3407 1151 3456 lustin.
1165 3407 1191 3469 ἰ,

100 3485 241 3548 sumptum
270 3486 328 3545 est;
358 3484 511 3547 ignoramus
542 3485 627 3546 onim,
666 3483 690 3532 6.
721 3481 900 3533 soloecismus
917 3482 994 3532 diem
1009 3483 1084 3530 ortus
1101 3482 1144 3530 est
1160 3492 1194 3530 ex

101 3560 227 3608 utrumne
245 3558 280 3607 sit
294 3570 411 3622 persona
428 3558 503 3617 ficto,
522 3572 556 3608 an
578 3558 629 3609 icci
666 3556 730 3607 lelsa
757 3556 938 3607 distinctione:
968 3558 1097 3619 Quamuis
1116 3555 1193 3605 dista

101 3644 182 3682 cansa
200 3631 302 3692 amico,
321 3633 364 3681 cui
380 3644 508 3682 unacum
519 3634 629 3683 Murena
665 3656 703 3668 ·-
713 3630 802 3681 mori?
818 3632 922 3681 Nar-ror
936 3636 961 3681 st
978 3628 1075 3694 (etiarn)
1094 3631 1146 3679 cet.

102 3704 153 3753 hcc
182 3716 295 3755 carmen
327 3706 442 3767 miserit,
479 3706 628 3769 mythicum
699 3705 723 3755 3.
752 3704 777 3755 l.
811 3704 929 3769 Nosses]
964 3702 1191 3765 «Quaestionum

101 3775 164 3827 illud
180 3779 463 3843 comsumpsissent,
482 3792 536 3842 quo
548 3780 630 3829 utitur
665 3774 835 3845 φιλολόγοις
862 3790 962 3829 vacans
990 3776 1055 3827 alias
1080 3788 1191 3827 namuro

102 3852 182 3901 etiam
198 3851 248 3901 0d.
268 3853 296 3913 l,
316 3853 362 3914 43,
382 3853 406 3902 l.
426 3854 453 3902 et
468 3852 516 3903 od.
536 3852 566 3913 l,
586 3854 626 3915 tl,
664 3852 752 3913 soles;
774 3853 825 3903 sed
842 3866 914 3904 nnnc
930 3850 1027 3902 tulibm
1044 3851 1120 3901 locus
1136 3861 1191 3899 ncn

101 3926 141 3975 il.
170 3926 234 3990 (Cir.
258 3926 340 3977 otiam
356 3925 467 3978 Websrl
489 3927 628 3991 opiniones
665 3927 734 3977 est.»
766 3954 795 3964 -
824 3941 903 3991 ceusu
927 3925 1018 3989 Amci]
1052 3921 1190 3986 «explicas

101 3998 187 4049 lloras
203 4012 231 4064 p.
250 4000 301 4063 93.)
336 4002 431 4051 Totum
454 4013 566 4052 carmen
587 4002 629 4052 est
663 4000 841 4052 Aeacidarum
876 4002 1018 4051 stemma.»
1062 3994 1187 4060 (Peleus,

100 4069 342 4138 μιμητικώτατον.
354 4100 383 4111 -
394 4075 579 4126 «Manifestum
587 4076 629 4125 est
663 4074 796 4136 Achilles,
815 4072 1022 4139 Neoptolemum
1051 4066 1187 4127 Telamon,

103 4149 230 4212 scripturn
253 4160 314 4199 esse
336 4153 398 4199 anto
419 4162 443 4199 a.
470 4150 547 4210 732..
573 4162 626 4212 quc
663 4150 727 4199 Aiax
740 4161 803 4199 cum
814 4143 1071 4208 Trocmi-sucro]
1083 4142 1189 4213 Τροίης

104 4222 228 4272 Muraena
246 4235 299 4272 una
318 4234 380 4273 curn
397 4222 495 4273 Fannio
513 4223 626 4286 Caepio-
665 4217 743 4293 ἱερὸν
760 4219 944 4289 πτολίεθρον,
955 4212 1043 4281 Ἴλιος
1060 4214 1116 4288 ἱρή.

188 4312 351 4359 rioms-ros.
370 4312 385 4359 l.
414 4326 452 4361 so.
470 4324 547 4359 aaron
564 4312 598 4357 lli.
991 4310 1018 4355 sa
