2934 4884
290 344 352 406 570
675 344 804 395 llORATll
821 344 990 395 clamauit

646 905 1005 967 cmm

285 1142 291 1151 ,
334 1072 500 1161 Diffugere
523 1074 628 1151 nives,
654 1074 877 1140 redeuntium
898 1074 1043 1161 gramina
1064 1074 1186 1162 campis

457 1193 701 1280 Arboribusque
723 1213 855 1272 comee;

353 1398 604 1523 Villiblnscrbvolg÷
616 1399 654 1449 Ad
673 1399 836 1461 Torquataon,
855 1402 882 1449 ct
899 1400 937 1451 sic
953 1413 976 1449 c.
993 1428 1020 1435 -
1036 1400 1215 1451 aasentias
1234 1402 1346 1463 Torque-

322 1480 375 1523 tum
434 1502 489 1522 .-
529 1486 566 1523 m.
608 1511 613 1520 .

320 1660 373 1707 Vll.
393 1659 469 1707 llunc
488 1658 665 1718 Torquatum,
685 1655 813 1720 adquam
851 1656 877 1705 in
895 1657 963 1706 vivis
980 1656 1028 1706 luit
1044 1658 1073 1706 A.
1093 1658 1136 1705 hic
1148 1658 1301 1720 Torquatus
1318 1662 1375 1723 post

288 1732 330 1781 est
341 1730 509 1793 ctiamllpiat.
523 1731 547 1787 l,
560 1730 584 1778 b.
594 1767 600 1789 ‚
610 1728 730 1792 plerique
742 1742 814 1779 nunc
850 1742 875 1779 a.
893 1729 970 1790 73th
993 1730 1017 1779 si
1033 1742 1087 1779 non
1104 1730 1253 1781 admodum
1270 1732 1375 1794 gunda

288 1804 391 1855 habent
409 1816 458 1867 pro
476 1804 573 1867 nepote
591 1805 619 1853 L.
638 1801 725 1854 Manlii
747 1803 814 1853 ror-
850 1804 926 1863 natu‚
956 1804 1047 1853 tanam
1070 1804 1124 1853 iam
1148 1806 1238 1854 aetate
1263 1808 1302 1855 ita
1318 1820 1376 1870 pro-

288 1880 375 1942 quati‚
402 1890 456 1941 quo
485 1876 594 1929 consule
616 1891 640 1927 a.
659 1891 686 1927 u.
706 1891 730 1927 c.
753 1878 811 1927 689.
850 1878 944 1926 vectus
961 1888 1022 1926 cese
1039 1874 1174 1936 debebat,
1195 1880 1227 1926 ut
1247 1879 1321 1929 inter
1335 1894 1375 1931 eo

288 1956 366 2003 natus
388 1956 429 2003 ast
449 1952 585 2012 Horatium
615 1950 733 2002 nonnulli
750 1950 813 2001 olim
850 1949 924 2000 dales
951 1951 1050 2000 lloratii
1074 1952 1118 2000 vix
1139 1950 1230 2002 locum
1250 1953 1373 2004 baberet

288 2040 338 2092 pro
356 2024 471 2077 consulis
489 2025 554 2086 filio,
580 2027 625 2089 qui
643 2030 735 2077 tamen
751 2028 812 2075 ante
852 2052 879 2059 -
891 2023 956 2073 lnde
973 2023 1045 2087 quod
1066 2024 1110 2074 bic
1127 2037 1249 2088 quoque,
1268 2031 1301 2077 ut
1315 2043 1374 2079 sae-

287 2114 311 2151 a.
330 2114 357 2149 u.
380 2114 404 2150 c.
428 2100 485 2151 709.
516 2100 579 2165 (Cic.
607 2102 679 2151 Brut.
706 2101 757 2162 76.)
785 2100 812 2149 iu
849 2098 972 2160 pissime,
998 2095 1097 2148 laetum
1116 2100 1186 2148 vitea
1205 2113 1289 2151 usum
1305 2116 1375 2153 oom-

287 2174 373 2225 Alrica
404 2175 510 2224 interiit.
552 2174 629 2237 [Ball.
654 2175 732 2225 Atrio.
754 2172 811 2235 96.)
848 2171 1085 2233 normannico,
1120 2185 1295 2237 nequaquam
1317 2190 1375 2240 pro

287 2250 386 2299 Verum
404 2262 467 2299 cum
484 2248 519 2298 de
535 2251 563 2299 L.
582 2248 669 2299 llanlli
687 2247 811 2310 Torquati
848 2244 918 2295 tecto
950 2258 1013 2295 cum
1041 2244 1208 2300 scholasticis
1242 2249 1374 2301 nonnullis

287 2324 385 2385 nepote
410 2321 472 2373 nihil
497 2324 605 2373 omnino
626 2324 743 2382 constet,
769 2320 811 2371 alii
849 2318 1026 2383 colligendum
1047 2323 1089 2369 est
1109 2321 1189 2371 nimia
1207 2322 1294 2375 tuisse
1310 2326 1373 2375 Tor-

287 2396 401 2461 umplexi
418 2400 480 2449 sunt
499 2396 606 2450 Marcilii
623 2400 650 2449 et
666 2396 811 2449 Weicberti
848 2396 960 2456 quotum
977 2394 1138 2456 parsimonia
1154 2397 1237 2458 atque
1254 2399 1372 2447 avarita.

287 2472 485 2533 coniecturam,
516 2472 657 2536 probatam
686 2473 767 2521 etiam
795 2483 810 2519 a
847 2468 954 2518 Minime
971 2468 1044 2517 enim
1060 2469 1210 2528 urbanitas,
1230 2484 1315 2533 quam
1327 2473 1375 2522 llo·

287 2547 415 2607 frenkin,
433 2544 631 2608 intelligendum
650 2558 710 2595 esse
729 2546 758 2595 C.
777 2545 810 2608 (in
848 2542 931 2591 ratius
948 2543 1067 2591 omnium
1084 2543 1185 2606 optime
1196 2542 1331 2605 canebat,
1348 2546 1373 2595 id

286 2619 371 2669 Testis
406 2618 575 2683 Capitolinis:
614 2620 661 2681 Q.)
695 2619 811 2669 Nonium
848 2616 1039 2675 concessisset.
1065 2617 1096 2665 nt
1115 2617 1203 2665 urtam
1224 2614 1372 2679 illustrem,

286 2694 476 2756 Asprenatem,
495 2692 632 2743 consulem
648 2695 743 2757 postea
759 2691 812 2743 sut·
847 2688 899 2739 sibi
915 2688 1090 2750 benevolum,
1109 2704 1160 2740 nec
1173 2692 1267 2742 nmen
1283 2695 1373 2747 intima

287 2765 387 2816 lectum
404 2780 428 2815 a.
442 2780 469 2815 u.
483 2780 507 2815 c.
521 2766 595 2827 liu,
620 2764 654 2815 de
672 2779 725 2829 quo
743 2766 810 2815 Sue·
846 2760 888 2813 illa
914 2763 1029 2812 amicitia
1059 2776 1153 2813 secum
1180 2767 1372 2819 coniunctum.

287 2842 341 2889 ton.
358 2840 416 2888 Oct.
433 2838 483 2889 ld:
507 2840 536 2887 ln
556 2840 649 2889 Troiae
667 2840 764 2889 ludicro
781 2842 808 2891 C.
847 2850 917 2900 quae
931 2839 1027 2899 poittae
1042 2837 1228 2888 intercedebat
1244 2853 1310 2891 oum
1319 2844 1374 2891 Vir·

286 2913 398 2962 Nonium
419 2911 580 2973 Asprenatem
599 2913 674 2974 lapsa
695 2912 811 2964 debuitn-
847 2909 921 2973 gilio,
941 2910 1034 2971 Vario,
1053 2912 1219 2973 llaecenate,
1242 2916 1304 2965 sine
1322 2915 1372 2965 ulla

287 2992 340 3036 teon
357 2999 435 3034 aaran
452 2990 540 3047 toruae
556 2987 660 3036 donooit
671 3000 810 3049 passioque
847 2985 1007 3035 necessitate
1016 2983 1148 3045 laederet,
1159 2999 1224 3037 cum
1233 2988 1296 3037 vitia
1305 2991 1370 3044 eius.

287 3064 322 3110 est
337 3060 419 3121 ipsam
432 3064 591 3122 posterosque
609 3062 728 3122 Torquati
743 3063 811 3125 serre
847 3059 870 3109 si
886 3057 929 3109 vel
941 3059 1056 3108 maxime
1067 3057 1161 3118 velet,
1179 3060 1272 3122 uiginti
1288 3063 1370 3122 hisee,

285 3146 428 3196 coquorum.
452 3136 607 3197 Atquesina
626 3148 706 3185 causa
724 3148 810 3200 nuper
847 3134 952 3195 triginta
982 3131 1110 3196 epistolae
1141 3131 1210 3183 illius
1232 3136 1371 3187 versiculis

286 3207 395 3271 quidam
407 3206 544 3257 contendit
559 3208 670 3259 huiusce
682 3210 745 3273 viri,
764 3214 810 3275 qut
847 3207 979 3268 corrigere
991 3219 1044 3255 non
1054 3209 1155 3269 posset,
1170 3208 1308 3271 siquidem
1319 3210 1371 3259 lon

285 3286 377 3332 minen
388 3281 482 3333 consul
493 3282 579 3333 tactus
591 3287 645 3344 est,
663 3297 742 3347 amas
756 3298 810 3335 non
846 3294 878 3342 80
893 3279 949 3330 tiliis
964 3280 1094 3329 machinis
1108 3293 1177 3343 opus
1189 3285 1233 3331 est
1242 3284 1279 3332 ad
1296 3298 1371 3333 «era-

284 3357 403 3420 potuisae
416 3355 556 3407 celebrari.
570 3356 664 3420 (uid.)
684 3360 810 3409 Ceterum
846 3353 934 3402 dende
959 3355 1035 3416 pravi
1060 3353 1191 3419 cupidinis
1208 3354 1368 3407 elemento.»

284 3430 309 3478 in
336 3443 365 3479 re
391 3432 446 3479 tam
472 3431 572 3480 incerta
602 3432 674 3481 haud
701 3434 809 3483 omnino
845 3427 930 3476 immo
959 3427 1101 3490 utrobique
1132 3425 1258 3479 liberales
1287 3432 1368 3494 ipsius

284 3502 406 3566 displicet
421 3504 591 3565 coniectura,
619 3516 700 3567 quam
723 3520 810 3570 nuper
844 3501 969 3563 Torquati
990 3513 1085 3551 seusus
1106 3499 1190 3551 mulie
1206 3515 1272 3552 cum
1288 3518 1367 3554 veru

284 3578 423 3641 proposuit
444 3580 519 3629 Estra
542 3580 603 3628 llor.
627 3581 668 3629 Pr.
690 3593 716 3642 p.
739 3580 807 3642 itt,
844 3574 912 3622 stete
924 3576 1068 3636 expressit,
1088 3576 1206 3625 acircum
1218 3578 1279 3626 aius
1290 3591 1368 3640 prae-

284 3664 345 3701 esse
362 3652 434 3701 hunc
445 3652 541 3702 Aulum
551 3651 625 3703 illum
635 3655 806 3717 Torquatum,
844 3647 936 3696 cordia
953 3646 1074 3698 ludens.»
1093 3674 1122 3685 -·
1143 3650 1285 3712 Temporis
1301 3650 1367 3700 indi-

284 3724 318 3775 do
340 3738 394 3789 quo
416 3727 495 3776 Corn.
520 3728 587 3789 Nep.
610 3728 661 3776 stt.
682 3728 729 3775 ll:
761 3729 808 3788 (iot
844 3722 886 3771 cio
917 3722 969 3770 hoc
1001 3735 1109 3772 carmen
1139 3735 1252 3786 prorsus
1277 3726 1364 3774 caret:

283 3799 359 3848 eamn
379 3803 436 3860 post
457 3800 582 3861 proelium
606 3800 782 3861 Philippense·
793 3825 807 3836 -
844 3794 986 3845 Grotelend
1004 3796 1086 3845 refert
1101 3796 1136 3845 ad
1152 3810 1177 3845 a.
1196 3796 1253 3847 738.

282 3872 311 3921 Α.
332 3872 485 3933 Torquotmn
509 3878 649 3935 ceterosque
666 3876 728 3935 pari
751 3874 808 3936 sor-
878 3870 958 3920 l-l.
993 3871 1123 3933 Diffbpere
1148 3870 1230 3934 niues]
1261 3872 1310 3920 Od.
1336 3871 1364 3929 l,

283 3946 713 4007 taaapcroaisosimtitaettttaeti,
732 3953 809 4009 atque
845 3946 890 4000 ⁴2.
909 3945 942 3993 3:
960 3958 1005 3994 sec
1027 3945 1098 4008 {lamii
1120 3949 1234 4005 saepem
1255 3944 1367 3994 litterato

284 4032 317 4067 aa
332 4020 411 4079 Epiro
435 4020 473 4068 itis
496 4022 581 4070 mania
606 4022 807 4071 Samothraciam
843 4021 899 4069 nive
917 4021 1020 4084 torpidi.
1036 4047 1063 4055 -
1077 4021 1178 4081 mmoe]
1194 4019 1249 4069 Cir.
1268 4018 1316 4070 Od.
1337 4021 1363 4076 4,

284 4094 428 4153 apportari
451 4094 557 4143 irase-it
593 4095 646 4145 Nisi
671 4094 738 4144 torte
756 4094 806 4145 ob·
842 4094 1006 4154 2⁴‚5.l.3‚
1023 4092 1364 4153 tt-llatottemoices]

284 4168 336 4217 siat
356 4168 443 4226 aetem
474 4180 553 4227 nam,
581 4168 603 4218 si
624 4166 667 4218 vel
689 4169 805 4220 maxime
843 4168 945 4220 dictum
962 4169 1005 4217 est
1020 4167 1077 4218 iere
1094 4170 1124 4216 ut
1148 4163 1239 4217 πόνον
1256 4171 1361 4226 πονεῖν,
