2934 4884
296 345 357 410 448
676 346 805 398 uonlrrr
824 347 992 400 claumou

421 505 480 572 llic
500 503 621 571 bellom
640 502 861 578 lacrimosum,
887 501 939 570 hic
960 503 1111 570 miseram
1133 503 1249 572 lamem

421 628 614 714 Pestemque
636 645 656 691 a
676 622 797 712 populo
820 634 852 690 et
874 623 1020 712 principe
1041 624 1181 692 Caesare
1204 627 1235 690 in

530 749 645 813 Persas
667 756 764 834 atque
786 745 953 810 Britannos
1336 749 1376 813 l5

572 868 684 933 Vestra
705 875 812 931 motus
834 873 907 952 aget
927 885 1034 953 prece.

362 1068 401 1116 43.
419 1068 486 1116 llaec
502 1065 592 1115 44444444
606 1062 724 1114 malebat
741 1060 870 1113 ouhamel
887 1075 1034 1126 rursusque
1051 1063 1135 1115 Bentl.
1157 1091 1184 1102 -
1204 1065 1244 1118 44.
1263 1081 1281 1116 ο
1293 1082 1342 1131 po-

242 1152 244 1161 ¹
325 1142 399 1204 pulo,
415 1142 529 1202 mecine
545 1141 597 1189 los.
611 1137 727 1201 Scaliger
744 1151 775 1187 ac
792 1149 886 1190 rursus
897 1137 1063 1190 Medenbach
1075 1140 1198 1190 Waklrer.
1229 1142 1279 1204 (Slo
1291 1143 1359 1192 iarn·

328 1215 412 1266 Editio
429 1217 498 1265 Petri
515 1227 568 1264 van
584 1214 632 1274 Os,
655 1212 769 1274 zwollls,
793 1215 820 1263 in
837 1216 889 1276 lto,
908 1213 943 1264 ad
959 1226 1059 1263 annum
1077 1214 1140 1264 laco
1157 1213 1248 1265 relata.
1284 1217 1341 1266 vid.

330 1290 437 1340 Klrchn.
457 1290 521 1339 Nou.
543 1288 660 1348 Quaestt.
679 1289 769 1338 llorat.
788 1301 815 1352 p.
835 1290 886 1352 57.)
907 1316 934 1324 -
952 1289 980 1338 io
996 1301 1050 1338 om.
1068 1290 1097 1338 T.
1120 1315 1146 1358 7
1166 1289 1206 1338 46.
1225 1291 1279 1354 ogit
1295 1291 1324 1340 B.

330 1466 371 1516 43.
389 1467 428 1516 Ne
445 1463 531 1516 nullae
546 1466 645 1514 Dianae
655 1466 682 1515 in
694 1478 821 1517 averrun-
855 1467 916 1516 256:
935 1465 968 1515 li't
982 1465 1148 1528 somniculosa
1162 1466 1261 1516 Partitis
1275 1469 1376 1530 κονίο-

297 1541 389 1591 modis
406 1539 485 1590 malls
501 1542 593 1604 partes
611 1541 710 1599 essent,
728 1540 820 1589 Duha-
855 1542 909 1601 cipe
924 1541 1036 1590 llornmn.
1062 1539 1110 1589 Od.
1129 1539 1153 1600 3,
1167 1539 1207 1600 44,
1221 1541 1265 1590 ts:
1284 1546 1377 1592 onena

297 1614 351 1666 mel
377 1617 404 1664 et
428 1613 561 1664 Bentlelus
586 1613 717 1678 probante
738 1615 764 1664 F.
788 1618 818 1664 ll.
856 1615 962 1664 Caesare
978 1619 1067 1663 maroa.
1092 1613 1139 1664 Od.
1157 1613 1183 1672 4,
1202 1616 1242 1675 la,
1261 1617 1307 1664 ll:
1331 1631 1375 1666 cu-

296 1687 393 1738 Wolfio
410 1687 552 1739 voluerunt
566 1688 634 1738 Haec
650 1687 747 1737 boum
767 1689 819 1738 Sed
855 1689 922 1738 stede
937 1701 1024 1737 rerum
1041 1688 1153 1738 Caesare.
1180 1688 1377 1740 SedCodd.le-

296 1775 348 1812 nec
365 1763 465 1812 Dieana
482 1763 525 1812 hic
542 1761 624 1812 ullam
640 1763 695 1812 vim
712 1764 821 1813 exercet
856 1763 908 1813 ctio
933 1761 1095 1812 teneriorem
1119 1761 1232 1826 praebat
1255 1775 1373 1824 sensum,

297 1838 326 1886 et
335 1839 453 1899 praestat
463 1830 600 1908 ἀναφορὰ
610 1837 743 1898 liic-mie,
763 1836 819 1886 «ille
856 1837 917 1899 quia
939 1837 1038 1886 Cacsar
1062 1837 1098 1884 lta
1122 1849 1183 1886 cum
1203 1836 1302 1901 populo
1325 1839 1376 1888 llo-

296 1913 406 1973 Augusti
422 1911 644 1976 costcslpollo.»
658 1937 686 1947 —
700 1911 820 1960 marimo·
855 1923 936 1960 mano
953 1911 1084 1961 artissime
1103 1912 1276 1974 coniungitur.
1303 1912 1377 1962 «Fre-

296 1985 360 2049 sum]
378 1984 450 2036 lliad.
468 2001 491 2048 ε,
510 1985 570 2036 737:
589 1985 619 2048 ἐς
636 1982 763 2050 πόλεμον
774 1983 822 2035 δα-
856 1997 942 2048 quens
960 1997 1026 2035 usus
1043 1985 1086 2034 est
1096 1985 1205 2046 Horatii,
1223 1987 1376 2049 otperticu·

296 2056 446 2130 κρυόεντα.
484 2063 623 2111 Anacreon
648 2062 751 2124 Fragm.
778 2061 819 2112 28.
856 2058 887 2108 lis
904 2063 927 2108 et
944 2060 971 2107 et
988 2072 1035 2120 oue
1049 2059 1375 2122 universlsrerumgene·

298 2135 408 2197 Bergk:
426 2130 626 2205 δακρυόεσσοίν
641 2137 665 2185 i
683 2135 820 2200 ἐφίλησεν
855 2131 930 2182 ribus
947 2130 1067 2195 singulae
1088 2134 1179 2196 partes
1195 2131 1238 2183 vel
1254 2146 1301 2184 res
1312 2133 1377 2184 sub·

297 2205 424 2273 αἰχμάν,
442 2211 540 2260 amavit
561 2209 821 2260 lammebilcbellum
854 2209 984 2259 ilciantur.
1028 2207 1075 2257 Od.
1099 2208 1122 2268 4,
1144 2207 1169 2268 3,
1199 2209 1223 2258 9.
1248 2210 1272 2269 4,
1299 2207 1324 2270 4,
1352 2210 1373 2257 l.

298 2284 368 2347 virg.
386 2287 452 2334 Aen.
465 2287 489 2344 7,
503 2283 559 2335 sol.
575 2311 603 2322 -
618 2285 745 2348 miseram]
764 2286 818 2336 Cic.
857 2283 881 2342 4,
903 2282 928 2342 8,
952 2281 992 2331 46.
1012 2281 1036 2341 4,
1055 2283 1094 2342 47,
1113 2282 1137 2331 6.
1161 2283 1185 2344 2,
1204 2283 1228 2342 2,
1247 2284 1288 2334 2⁴.
1308 2285 1374 2334 cel.»

298 2358 334 2408 ad
355 2361 408 2408 444.
435 2362 460 2420 ll,
486 2360 531 2410 st:
557 2359 662 2422 samm,
688 2373 739 2421 qua
761 2359 823 2408 oiliil
856 2357 1054 2406 Drnnnurunonn.

297 2433 413 2482 musitio
428 2438 471 2483 est.
501 2432 603 2482 Pariter
619 2436 709 2482 autern
727 2433 820 2483 Graeci
890 2433 929 2480 444.
958 2430 1054 2494 Persas]
1083 2431 1204 2481 Parthos.
1228 2457 1254 2468 —
1276 2431 1377 2480 nmmo

298 2503 461 2569 coniungere
477 2504 565 2556 solent
580 2501 666 2570 λιμὸν
683 2500 760 2570 ὁμοῦ
772 2507 822 2556 καὶ
855 2504 907 2568 eos]
932 2503 980 2554 0d.
1005 2506 1029 2566 4,
1048 2505 1088 2566 344,
1108 2507 1152 2556 29:
1175 2505 1263 2556 Sanies
1283 2505 1376 2554 iturum

297 2576 410 2644 λοιμόν.
455 2578 562 2630 Hesiod.
588 2581 617 2630 0.
647 2582 675 2629 et
701 2581 731 2630 D.
762 2579 818 2630 als.
857 2579 988 2628 Gaesarem
1009 2579 1037 2628 4ο
1058 2579 1158 2630 taliam
1180 2579 1251 2628 Orbis
1273 2579 1375 2628 Briton-

298 2651 390 2716 Apollo
406 2657 434 2704 et
450 2654 532 2702 Diana
549 2652 721 2724 ἐπικουρίων
742 2651 821 2704 Θεῶν
855 2667 908 2702 rios.
930 2653 962 2716 (a.
981 2666 1008 2704 u.
1027 2667 1051 2704 c.
1071 2655 1137 2718 727.)
1166 2656 1312 2718 Utrumque
1328 2665 1374 2716 po-

299 2729 456 2791 cognomine
485 2726 641 2777 colebantur
667 2729 695 2778 in
722 2727 820 2792 templo
855 2726 949 2790 pulum
970 2730 1000 2779 ut
1019 2728 1110 2779 hostes
1130 2729 1234 2794 imperii
1256 2727 1372 2785 Romani,

297 2802 421 2852 Bassensi
439 2801 509 2864 apud
526 2801 677 2864 Phigallam.
700 2802 821 2853 Staclrel-
856 2815 909 2852 non
921 2803 950 2851 ut
960 2804 1093 2854 remotum
1105 2802 1243 2853 dumtaxat
1253 2802 1297 2852 laio
1308 2813 1374 2865 quo·

297 2875 365 2938 berg
398 2875 494 2937 reaper
526 2877 567 2925 des
592 2877 679 2938 Apono
706 2877 734 2926 T.
764 2878 818 2928 7-9.
857 2889 909 2938 quo
932 2875 1072 2939 designare
1093 2875 1375 2940 videtur.‚Pl1llippus

298 2948 392 3000 Miiller
407 2949 512 3000 Deokm,
530 2951 550 2999 1.
569 2951 599 3000 N.
620 2951 676 3000 443.
706 2953 818 3002 Pausan.
856 2949 971 3000 inAnth.
985 2949 1037 3000 Pal.
1056 2952 1075 3001 l.
1094 2963 1121 3015 p.
1140 2951 1201 3002 alo:
1219 2946 1313 3016 Ζηνὸς
1328 2945 1374 2997 καὶ

298 3023 323 3082 8,
342 3022 383 3083 44,
401 3023 429 3074 8:
455 3019 491 3073 τὸ
507 3021 539 3074 aa
559 3017 656 3088 ὄνομα
670 3020 723 3075 τοῦ
738 3018 821 3076 ’Ear-
856 3022 969 3089 Λητοῦς
980 3021 1148 3115 infecerim
1159 3021 1259 3089 τοξότι
1274 3019 1372 3094 κούρη,

297 3099 417 3168 κοορίοο
429 3096 542 3165 ἐγένετο
551 3095 592 3165 τῷ
600 3093 753 3150 Ἀπόλλωνι
764 3101 822 3153 ἐπι·
856 3093 1026 3169 Ἣρτεμις,ὴ
1042 3097 1194 3166 θαλάμους
1210 3091 1373 3171 rorigonem

297 3167 475 3244 κοορήοαντι
491 3171 539 3222 trel
554 3169 633 3240 νόσῳ
649 3170 794 3239 λοιμώδει.
856 3167 971 3236 ἔλαχες,
1005 3172 1122 3225 Νοϋσον
1149 3170 1203 3241 τὴν
1236 3165 1372 3244 στυγερὴν

332 3247 371 3298 44.
400 3253 424 3299 et
440 3247 564 3310 mecine]
590 3246 707 3310 Scaliger
727 3248 821 3299 delen·
855 3242 1023 3319 αὗθήμερον
1044 3247 1077 3299 ἐκ
1092 3246 1234 3315 βασιλῆος
1251 3241 1373 3300 ’neele

298 3323 363 3372 dum
388 3323 494 3373 censuit
517 3327 552 3383 et,
576 3324 607 3371 ut
631 3324 666 3372 sit
688 3334 742 3372 non
766 3325 820 3372 tarn
855 3317 944 3373 τάτοο
972 3323 1105 3387 πέμψαις
1131 3317 1215 3393 ἄχρις
1244 3317 1372 3393 Ὑπερβο-

302 3397 383 3447 «dum
394 3399 495 3448 Caesar
506 3399 548 3447 est
558 3398 709 3460 princeps»,
728 3409 818 3459 quarn:
855 3397 937 3466 ρέων·
949 3395 1001 3447 Σοὶ
1011 3391 1066 3468 γὰρ
1078 3391 1148 3469 aiulo
1164 3395 1271 3462 βωμῶν
1282 3389 1372 3462 ἀτμὸν

300 3474 457 3535 «propterea
475 3471 548 3537 quod
564 3473 690 3536 princeps
701 3473 745 3521 est
757 3472 822 3522 Cae·
855 3467 989 3533 λιβάνοιο
1007 3469 1145 3535 Φίλιππος
1161 3466 1257 3536 ‘aegra
1278 3469 1371 3522 καλλι-

298 3557 375 3605 sar·;
402 3551 519 3610 suntque
540 3545 635 3598 similia
655 3547 722 3610 app.
744 3546 769 3605 2,
796 3546 819 3606 4,
855 3544 950 3598 aaron
966 3541 1078 3618 κάπρον
1096 3540 1275 3617 ὀρειονόμον.
