2934 4884
680 346 809 398 nonam
827 347 996 398 CARMIMUM

466 512 578 576 Portas
599 504 649 571 vir
669 502 803 570 Macedo
824 512 857 568 et
877 502 1004 567 subruit
1024 501 1170 569 aemulos

464 633 569 717 Reges
591 623 796 702 muneribus3
820 644 956 689 munera
976 625 1107 690 navium

548 750 670 816 Saevos
693 745 868 834 illaqueant
888 748 998 814 duces.

465 894 670 959 Crescentem
691 889 841 977 sequitur
861 909 939 955 cura
960 888 1131 975 pecuniam

465 1014 687 1100 Maioremque
709 1009 820 1077 fames.
864 1011 936 1075 lure
961 1006 1132 1096 perhorrui

464 1138 540 1202 Late
562 1133 774 1220 conspicuum
796 1129 909 1197 toMerc
930 1130 1101 1206 verticem,

546 1257 730 1332 Maecenas,
759 1252 905 1341 equitum
927 1251 1037 1318 decus.

461 1400 587 1477 Quanto
610 1394 750 1483 quisque
773 1391 834 1459 sibi
855 1390 948 1479 plura
968 1392 1149 1478 negaverit,

464 1516 511 1584 nh
535 1516 585 1583 dis
607 1515 699 1604 plura
721 1515 819 1581 leret:
843 1512 886 1578 nil
908 1512 1105 1599 cupientium

357 1700 397 1749 tt.
416 1697 436 1747 A
453 1697 564 1757 uncti.

292 1845 432 1899 Φιλίππου
453 1846 582 1915 χρυσίον.
619 1844 649 1893 Et
673 1842 813 1892 vaticinata
848 1844 1005 1907 rumpunt.»
992 1840 1116 1893 »Multo
1142 1842 1307 1906 trequentins
1334 1845 1372 1893 est

291 1935 315 1972 44
309 1919 720 1983 eraththratesthrogeurano
730 1916 812 1979 Adag
849 1916 959 1966 irretire.

291 1995 366 2046 Ceut
386 1996 415 2055 2,
434 1994 483 2045 84.
504 1986 667 2078 Ἀργυρέαις
679 1986 814 2057 λόγχαισι
884 1991 923 2041 li.
946 1989 986 2041 48
1012 1992 1177 2057 0444444444]
1203 1992 1315 2042 Theocr.
1334 1994 1372 2045 46

288 2066 387 2135 μάχου
404 2069 454 2119 4444
471 2061 738 2153 πάντακρατὴσεις.
758 2066 812 2115 Cic.
850 2062 899 2115 64:
918 2058 1123 2134 ἆνὴριθμοςδέ
1134 2062 1219 2131 οἱεῖη
1227 2060 1372 2152 'ilpyqpog

289 2144 324 2194 ad
341 2146 392 2195 ntt.
413 2146 442 2205 4,
457 2144 502 2194 464
526 2142 651 2204 Philippis
668 2142 753 2191 444444
768 2155 814 2190 44-
849 2140 906 2190 arat
914 2136 945 2190 44
954 2133 1106 2191 44444444
1091 2154 1157 2201 exoa
1169 2139 1267 2211 ἵμερος
1275 2134 1372 2191 αὑτόν.

288 2220 360 2269 stello
385 2218 529 2281 ccpupcmt
550 2230 623 2280 posse
648 2215 759 2276 44444444,
787 2215 814 2263 ic
849 2215 939 2264 iuven
953 2213 997 2276 44,
1017 2215 1082 2266 tes:
1100 2216 1192 2267 0444444
1208 2230 1283 2266 cruor
1298 2230 1372 2266 4444-

290 2307 354 2357 4444
370 2294 443 2343 modo
461 2292 550 2343 4444444
567 2296 668 2341 onustae
684 2304 749 2340 carro
757 2303 816 2351 poc·
847 2289 898 2349 mi,
918 2291 1061 2351 4444444444
1051 2291 1221 2353 tpscpceucic
1231 2293 1370 2341 4444444.-

290 2374 324 2419 444
341 2368 480 2418 ascendere.
512 2365 628 2416 iuvenali
649 2366 693 2426 ta,
712 2363 753 2415 47.
773 2364 815 2413 est
847 2363 1032 2427 Maiorcrnque]
1051 2366 1202 2415 «maiorum
1218 2378 1327 2429 opum.»

288 2442 394 2493 callidae
409 2445 506 2503 crnptor
522 2440 628 2501 04444444.
655 2466 681 2474 -
708 2437 812 2501 submit]
882 2438 922 2487 48,
949 2438 990 2487 49.
1018 2439 1077 2487 ltere
1090 2438 1239 2503 partomi]
1257 2439 1373 2489 «Divitiis

289 2516 436 2567 «subvertit
460 2528 531 2578 repes
558 2514 684 2574 44444444,
714 2515 813 2564 Pausa-
849 2512 969 2561 eminere
980 2511 1050 2562 iuter
1061 2514 1166 2563 ceteros
1177 2526 1209 2562 ac
1228 2516 1371 2577 propterea

289 2592 373 2649 niam,
396 2592 528 2651 argaeum
545 2590 595 2649 44,,
621 2590 651 2639 ut
668 2590 695 2637 44
711 2587 813 2648 Arrlny-
848 2588 929 2649 caput
944 2584 1082 2647 attollere,
1112 2586 1252 2651 superbire
1275 2588 1372 2638 merito

288 2663 353 2714 ham
383 2662 571 2723 Molossorum,
603 2658 813 2724 Chersoblcpteu
848 2672 957 2725 semper
979 2662 1136 2725 aspernatus
1153 2675 1240 2712 sum.»
1269 2688 1299 2697 -
1325 2662 1373 2711 tol-

286 2737 420 2787 'l'hracum
437 2748 542 2798 regem,
561 2735 691 2799 corruptis
710 2734 813 2782 exerci-
848 2734 898 2784 lere
913 2735 1042 2800 4444444444]
1060 2735 1107 2785 od.
1123 2737 1151 2797 4,
1165 2737 1209 2797 48,
1223 2737 1269 2786 ts:
1288 2736 1373 2785 44444444

287 2814 363 2862 tuum
380 2810 519 2861 ducibus.»
554 2809 633 2871 Quid,
653 2808 725 2873 quod
740 2808 812 2873 apud
846 2822 956 2859 4444444444
969 2810 1027 2871 plus
1047 2810 1125 2860 4444444
1147 2811 1231 2875 plotio
1245 2812 1371 2861 certiccrn.

287 2886 394 2949 poetam
419 2898 445 2934 v.
471 2896 541 2947 repca
565 2881 707 2947 complecti
733 2882 812 2934 simul
850 2912 878 2921 -
896 2884 1067 2949 conspicatum]
1084 2898 1135 2949 per
1149 2885 1300 2950 prolepsin:
1323 2888 1371 2935 «ita

287 2958 367 3009 etiam
388 2960 476 3022 potest
492 2957 681 3021 Euthycratem
712 2960 739 3008 44
761 2960 813 3007 La·
847 2958 953 3019 tollere,
983 2964 1012 3009 ut
1029 2961 1171 3024 propterea
1192 2958 1245 3009 late
1265 2962 1373 3025 conspi-

286 3033 418 3093 stlrenem,
437 3030 621 3095 Olynthiorum
631 3034 776 3097 principes,
795 3046 809 3081 4
847 3046 914 3084 cuns
931 3033 1003 3084 liat.»

285 3112 426 3157 mercatore
443 3108 564 3158 64444444
582 3106 645 3171 (Vel.
664 3108 732 3160 Max.
746 3108 770 3169 7,
784 3109 808 3158 2.
879 3110 920 3158 20.
938 3110 1050 3171 4444444444
1061 3108 1141 3173 decre]
1157 3110 1371 3161 Nousinecausa

287 3182 340 3232 ext.
361 3181 412 3245 40.)
431 3182 593 3245 corruptos?
612 3208 639 3218 -
668 3184 759 3246 imago
783 3183 811 3232 in
847 3184 873 3232 in
890 3181 935 3233 tali
952 3184 1145 3235 sententiarum
1161 3184 1230 3234 serie
1253 3184 1305 3234 hec
1328 3198 1373 3249 ap

286 3270 311 3305 v.
330 3256 427 3305 44444444
443 3269 459 3307 4
476 3254 603 3306 cuniculis
621 3257 647 3306 in
663 3255 747 3307 urbes
764 3255 811 3307 ob-
846 3255 987 3320 pellatione
1008 3270 1074 3309 usus
1092 3261 1145 3319 est,
1172 3269 1225 3320 qua
1248 3260 1371 3321 quemn's

286 3344 375 3382 sessus
392 3330 457 3381 actis
474 3330 587 3416 repetita
605 3330 654 3380 est.
847 3332 965 3394 equitem
982 3332 1131 3382 Romanum
1147 3330 1277 3381 illustrem
1299 3331 1372 3382 salu-

321 3406 360 3456 45.
375 3405 415 3455 46.
433 3405 563 3455 4444444444-
574 3404 687 3481 -duccsj
703 3406 808 3467 Menas,
847 3408 902 3455 4444
920 3407 1039 3470 poterat,
1062 3406 1213 3469 significans
1229 3408 1372 3457 44444444-

287 3480 334 3530 Cn
353 3480 471 3543 Pompeii
490 3478 619 3541 libertus,
644 3479 698 3529 dux
717 3478 810 3530 classis
846 3482 902 3529 tem
919 3479 997 3530 huius
1014 3480 1113 3530 ordinis
1123 3480 1176 3530 line
1188 3492 1299 3545 semper
1308 3494 1372 3531 con

287 3555 346 3604 Sex.
359 3555 494 3617 Pompeii,
512 3554 564 3604 hoc
583 3553 730 3604 desertos.
745 3568 771 3603 u.
785 3567 808 3604 c.
846 3554 949 3603 tentum
959 3553 1049 3613 iursse
1062 3568 1122 3615 nec,
1136 3553 1208 3618 quod
1217 3552 1371 3605 lacrlhmum

287 3628 344 3677 746.
355 3626 389 3677 ad
398 3627 570 3677 Octavianum
579 3627 738 3689 desciverat,
748 3639 810 3678 mox
847 3625 996 3688 siluisset,
1017 3626 1132 3678 voluisse
1151 3629 1288 3678 transire'
1282 3642 1309 3679 m
1326 3643 1371 3679 or·

287 3712 320 3749 eo
332 3699 422 3750 relicto
434 3700 469 3750 ad
481 3702 598 3765 Pompeii
614 3714 707 3752 rursus
719 3703 810 3765 partes
846 3701 936 3751 dinem
953 3704 1116 3752 senatorium
1133 3705 1179 3752 aut
1194 3700 1262 3753 ullos
1275 3716 1370 3766 gerere

286 3774 427 3824 transierat
436 3773 551 3838 indeque
560 3776 658 3825 iterum
667 3777 811 3826 444440444-
846 3777 1015 3839 magistratus
1044 3776 1207 3836 ordinarios;
1242 3776 1269 3825 id
1298 3776 1372 3841 quod

285 3850 363 3899 444444
373 3862 402 3900 44
412 3850 592 3900 coniunxerat.
606 3851 810 3900 Poteratautem
845 3850 982 3913 perspexit
999 3851 1052 3899 iam
1068 3852 1164 3900 Acron.

286 3924 359 3974 hunc
384 3924 520 3974 homiuem
547 3924 668 3975 Horatius
690 3938 723 3973 eo
746 3923 810 3974 iaci·
879 3925 920 3974 44.
940 3924 1049 3988 04444444]
1069 3926 1188 3985 «Quanto
1200 3926 1371 3989 paucioribus

286 3996 335 4047 lius
353 4000 459 4061 notare,
479 3997 586 4048 cumei)
599 3999 655 4063 ipso
668 3998 809 4049 Octaviano
845 3998 915 4049 vitae
940 3998 1088 4049 commodis
1121 3999 1201 4049 homo
1229 4004 1370 4052 contentus

286 4072 419 4136 proditor,
456 4074 484 4123 ut
508 4073 550 4133 iit,
584 4074 809 4124 contemneretur.
847 4074 904 4133 est,
931 4086 963 4124 4ο
989 4072 1110 4139 pluribus
1133 4074 1236 4137 gaudiis
1261 4074 1368 4132 fruitur,

287 4145 336 4195 Dio
353 4144 400 4207 48,
418 4146 459 4197 46.
478 4149 506 4197 44
522 4146 567 4207 49,
582 4147 605 4197 4.
625 4148 731 4197 sueton.
752 4148 807 4198 Oct.
846 4160 908 4198 cum
925 4149 1084 4213 praesertim
1104 4146 1172 4199 liber
1188 4148 1222 4199 sit
1242 4146 1278 4198 444
1297 4142 1368 4199 omni

287 4216 327 4269 44.
345 4246 371 4255 -
389 4219 538 4285 illaqueent]
558 4220 695 4273 «alliciunt
711 4223 740 4273 44
754 4234 811 4273 cor·
845 4222 933 4274 taedio
958 4237 989 4274 ac
1015 4223 1135 4285 fastidio,
1165 4235 1233 4287 quae
1259 4222 1368 4287 quidem
1446 4267 1447 4270 ,
