2934 4884
436 377 495 427 llll.
514 377 556 427 lll.
592 379 620 426 C.
640 377 726 428 lllllll.

307 532 367 596 Aut
388 531 505 598 crescit
527 530 657 598 Albanis
680 533 711 597 in
733 531 843 600 herbis

345 651 478 718 Victima
499 651 686 740 pontificum
709 673 843 721 securos

262 811 395 876 Cervioe
418 811 528 898 tinget:
551 821 584 876 te
606 809 681 876 nihil
705 811 816 878 attinet

261 931 396 997 Tentare
419 928 518 996 multa
539 930 641 998 caede
662 929 841 998 bidentium

304 1052 424 1118 Parvos
447 1063 656 1118 coronantem
677 1053 802 1119 marino

343 1175 428 1238 liora
450 1171 532 1238 deos
554 1172 723 1261 fragilique
746 1183 861 1262 myrto.

262 1329 415 1396 immunis
438 1350 526 1396 aram
549 1331 576 1395 si
600 1329 701 1417 tetigit
722 1351 855 1408 manus,

154 1493 195 1542 ti.
215 1491 323 1540 secumm
339 1491 422 1556 Syax
440 1492 468 1540 et
483 1503 525 1556 pr.
543 1506 573 1551 ν,
593 1491 657 1540 item
674 1490 792 1540 Pottierii
808 1487 838 1550 l,
857 1489 901 1551 43,
925 1490 976 1550 ⁴7..
1000 1489 1142 1542 Bentleiua.

120 1569 161 1628 tot
178 1577 243 1626 nos,
262 1563 316 1625 Tc.)
338 1591 364 1600 -
384 1564 424 1614 ⁴3.
444 1565 538 1628 tinpuet
554 1565 583 1614 T.

84 1705 249 1756 alliciebant.
274 1705 345 1767 virg.
368 1705 413 1753 Ge.
432 1703 461 1764 2,
480 1702 536 1755 tto.
556 1715 616 1752 ma·
652 1705 744 1754 loven.
763 1704 794 1765 9,
820 1704 879 1754 ⁴37:
908 1705 929 1753 0
950 1706 1027 1767 porci
1051 1707 1179 1769 umerique

85 1781 175 1830 morat
192 1779 315 1828 victimas
332 1777 367 1826 ad
384 1775 546 1827 Clitumnum
566 1789 615 1840 pa·
652 1779 742 1838 Larci,
765 1791 827 1840 pros
843 1778 915 1828 merc
930 1780 1027 1828 minato
1042 1779 1092 1830 Aac
1107 1781 1179 1845 {aare

84 1855 154 1914 stas,
179 1852 255 1902 mid.
274 1851 342 1901 Fast.
364 1853 392 1912 t,
408 1850 449 1901 84.
470 1863 528 1913 eas,
548 1853 616 1913 onas
651 1855 675 1900 ct
691 1853 759 1900 aaut
774 1853 838 1901 aoleo
854 1865 964 1902 aaaron
979 1867 1082 1904 corato.
1112 1856 1177 1904 Cato

85 1927 150 1976 αιιιῑι
171 1927 270 1987 campis
289 1925 366 1974 berito
386 1923 563 1974 runcano.
585 1951 613 1961 —-
652 1925 681 1976 li.
704 1925 732 1976 li.
753 1924 813 1976 lla:
831 1924 921 1975 villica
933 1927 1064 1988 Kalendis,
1084 1927 1176 1988 idibus,

85 2000 197 2063 Dareta]
227 2000 353 2048 «iamiam
379 2000 431 2048 aris
457 1997 613 2048 destinata.»
651 2000 742 2060 Nonis,
764 1999 841 2062 {enac
860 2000 912 2049 dics
933 2013 991 2048 man
1011 2002 1073 2062 erit,
1103 2013 1177 2050 coro·

87 2101 117 2112 -
133 2075 282 2138 pontificum
293 2073 400 2137 maaca]
423 2071 451 2121 id
472 2075 525 2134 est,
544 2072 614 2122 hanc
650 2086 710 2122 nom
727 2072 853 2135 insacrum
870 2074 1178 2136 {commemoratumque

84 2147 128 2199 vel
154 2147 228 2199 illam
253 2147 372 2206 accarim,
399 2146 470 2196 unda
493 2149 550 2196 ortu
573 2149 614 2197 est
651 2149 702 2196 dias
725 2147 789 2195 lari
808 2146 932 2208 tumibunt
950 2161 1001 2208 pro
1022 2148 1096 2208 copia
1115 2163 1177 2212 nap-

85 2225 154 2273 haee
177 2223 235 2285 ipsa
254 2232 402 2284 paucorum
420 2219 503 2270 codd.
517 2218 612 2281 leotio;
646 2221 729 2283 plicet.
763 2221 812 2270 ilic
831 2220 927 2270 cadem
946 2220 1007 2270 lacit
1031 2223 1106 2284 virgo
1132 2237 1177 2272 m·

85 2297 135 2347 sed
164 2295 274 2346 Horatio
303 2293 352 2357 ipsi
379 2295 422 2343 vix
452 2293 615 2358 placuissent
651 2295 715 2344 stica
739 2295 861 2356 ingenua.
889 2296 926 2356 (ln
944 2294 1097 2345 Felicissimi
1117 2299 1176 2361 epi-

86 2371 288 2421 termiuationes
316 2381 371 2428 am,
401 2369 444 2418 im.
472 2369 613 2419 Pontifices
650 2369 741 2433 taphio
762 2381 849 2432 nuper
871 2371 979 2432 reperto
999 2369 1112 2431 (Rouard
1132 2373 1175 2420 ln-

85 2449 177 2496 autem
193 2455 326 2509 poparum
344 2443 378 2492 ad
402 2442 452 2493 boc
469 2443 614 2494 utebantur
649 2445 781 2506 scriptione
803 2456 834 2492 cn
853 2455 910 2492 ocra
930 2443 965 2491 da
984 2445 1067 2494 musto
1088 2445 1171 2495 d'Aia.

85 2519 244 2570 ministerio.
649 2519 696 2568 Ain
710 2517 783 2567 l839.
796 2531 823 2580 p.
837 2517 895 2580 l6:)
913 2531 994 2567 corner
1009 2519 1047 2566 bia
1060 2519 1099 2581 Μ
1109 2544 1121 2554 -
1131 2519 1175 2581 qut

117 2595 158 2644 ⁴3.
179 2592 220 2643 tr.
235 2592 343 2656 canae]
357 2593 542 2656 «sanguinem
556 2605 613 2642 ccr-
648 2597 781 2654 ·temporc
799 2593 867 2641 certa
883 2591 996 2640 Fimbria
1010 2593 1114 2642 intactis
1131 2606 1175 2642 ro-
1206 2595 1214 2606 ’

84 2669 142 2717 ricc
160 2663 333 2716 ebulliente.»
351 2667 420 2729 virg.
439 2669 485 2716 Ge.
501 2666 529 2726 3,
548 2665 610 2716 tar:
647 2666 878 2729 smmtrtmalocro
889 2665 1013 2729 aconem.)
1029 2693 1059 2703 -
1075 2667 1173 2732 treptia]

84 2741 118 2791 Ac
133 2742 181 2790 uia
197 2741 319 2802 supporta
340 2741 471 2803 linquatur
491 2741 613 2802 scapulae
649 2755 702 2790 non
726 2739 857 2800 toenia»,
887 2739 936 2789 sed
963 2741 1059 2790 «ouius
1079 2739 1175 2791 ramuli

85 2815 168 2864 adiri.
189 2841 218 2850 -
238 2819 261 2863 te
277 2815 340 2863 nibil
357 2813 457 2878 attinet]
482 2814 611 2863 «minime
650 2813 724 2865 laoile
737 2815 918 2877 frangentem,
930 2816 1014 2877 spritu.
1034 2814 1174 2865 Coniliu-

88 2903 156 2954 opus
169 2882 316 2950 estoridlv
327 2883 494 2960 προσήκει.»
510 2913 537 2923 -
554 2887 613 2936 Terr-
649 2890 697 2953 rip.
725 2888 763 2940 El.
781 2890 841 2939 778:
860 2891 986 2959 τερείνης
1001 2891 1144 2959 μυρσίνης
1159 2915 1174 2926 -

87 2965 150 3028 tore]
169 2966 200 3014 at
211 2962 272 3013 alibi
283 2965 402 3027 sutipcre,
416 2964 535 3012 macerare
547 2963 610 3011 deos.
648 2961 785 3026 πλόκους.

85 3039 140 3102 (Od.
161 3040 191 3098 ἰ,
217 3039 262 3100 48,
288 3039 338 3100 li.)
367 3036 489 3098 «Nihil»,
517 3037 610 3100 iuquit,
682 3038 722 3087 li.
740 3039 919 3088 Immaniaest
942 3037 1172 3098 liberammtcre,

86 3125 169 3177 «opus
189 3113 244 3170 est,
263 3115 293 3162 ut
310 3111 399 3162 multis
415 3112 531 3162 victimis
549 3111 613 3161 deo-
649 3111 749 3161 tributo
775 3113 840 3160 oet:
871 3113 916 3174 qui
941 3112 1005 3162 nibil
1034 3114 1174 3175 praestare

85 3201 143 3237 rum
167 3200 263 3250 pacem
287 3201 319 3237 ac
345 3187 463 3237 savorem
482 3185 528 3236 tibi
545 3199 612 3236 con·
649 3185 741 3236 debet.
776 3186 807 3235 il.
831 3184 849 3234 l.
876 3187 994 3234 monia
1016 3199 1108 3234 monta
1131 3187 1173 3236 eat

85 3260 174 3312 cillere
192 3261 315 3322 studeas,
340 3261 499 3322 dummodo,
523 3265 553 3312 ut
573 3262 611 3312 ta·
649 3261 721 3320 eius,
741 3260 785 3323 qui
798 3259 943 3320 sacrificat,
962 3271 1016 3309 non
1028 3259 1089 3308 ideo
1101 3258 1175 3322 quod

85 3337 134 3396 cis,
150 3349 249 3400 parvos
261 3339 320 3386 tuos
332 3339 413 3387 Lares
425 3349 539 3387 corones
549 3349 610 3386 rore
649 3347 748 3385 noxam
783 3333 900 3397 aliquam
936 3335 1044 3397 expiare
1076 3333 1175 3382 debeat

84 3411 202 3470 marino,
221 3409 314 3460 frutice
331 3410 401 3461 bene
420 3409 534 3460 olente.»
559 3412 613 3461 Du·
649 3409 818 3472 deorumque
858 3408 926 3457 iram
962 3405 1085 3470 placare,
1124 3407 1174 3456 scd

85 3483 144 3547 plex
169 3487 261 3535 aulem
286 3487 314 3534 et
332 3483 465 3550 implicata
487 3486 528 3535 cst
545 3499 611 3536 coo·
650 3484 711 3546 quia
729 3485 805 3545 grato
822 3483 921 3545 pioque
944 3482 1033 3530 animo
1058 3479 1173 3529 deorum

85 3560 195 3608 structio
216 3564 311 3609 tortore
331 3560 432 3609 decret
451 3565 612 3609 coronantem
650 3559 818 3608 maiestatem
837 3557 997 3617 veneratur,
1016 3551 1072 3614 vel,
1099 3556 1129 3603 ut
1145 3554 1172 3602 h.

85 3633 149 3682 ocor.
165 3661 192 3669 -
207 3632 349 3697 ῠίιίοιιιίιιηι]
368 3635 394 3683 in
405 3647 530 3684 sermone
543 3647 611 3698 pon·
649 3631 666 3681 l.
692 3631 834 3694 significari
868 3629 988 3691 videtur,
1026 3627 1173 3679 immeritae

86 3707 185 3758 lificum
208 3710 235 3758 et
254 3708 326 3772 apud
346 3711 440 3772 po'etas
463 3721 547 3757 «oves
568 3706 612 3756 bi·
649 3705 813 3756 calamitates
831 3718 846 3754 a
864 3718 894 3755 se
912 3705 1022 3767 suisque
1033 3701 1173 3765 deprecari

86 3793 172 3832 mae.»
192 3783 298 3832 Festus:
327 3781 475 3832 «Ambitione
494 3782 550 3831 sive
568 3781 612 3831 bi·
649 3783 769 3830 conatur.
791 3779 832 3829 Ad
848 3779 921 3829 idem
939 3791 1004 3841 ergo
1021 3777 1092 3826 redit
1108 3776 1174 3824 acsi

86 3855 151 3905 dens
168 3856 225 3906 ovis
240 3854 432 3919 appellabatur.
451 3867 520 3919 quae
533 3867 612 3920 supe-
649 3856 760 3905 dixisset
775 3855 873 3903 sonans
885 3866 968 3916 patro,
986 3846 1071 3918 ἁγνή.
1095 3849 1171 3898 0vid.

86 3929 198 3980 rioribus
220 3931 248 3980 et
269 3930 438 3981 interioribus
463 3932 503 3980 est
524 3929 611 3980 denti·
649 3931 711 3980 Her.
725 3927 770 3989 li,
789 3928 819 3978 8:
838 3926 1174 3989 Nonplpcttnanuncrcoc-

87 4002 163 4054 bus.»
181 4004 234 4054 Cir.
254 4003 317 4054 Gall.
337 4005 383 4064 to,
400 4005 424 4054 6.
649 4004 687 4052 dis
702 4002 907 4052 bubercmanar.
937 3997 1002 4048 Veli.
1020 3999 1050 4057 2,
1069 3997 1097 4045 7:
1123 3997 1174 4046 int-

118 4078 158 4127 te.
172 4079 212 4127 46.
230 4078 609 4142 Poruorooronantcmudcos]
648 4079 731 4128 numia
752 4077 898 4126 delictam
916 4077 1091 4134 paternorum.
1126 4071 1173 4120 ili—

88 4151 160 4200 ovio.
189 4154 257 4204 Fast.
288 4155 318 4214 t,
342 4153 398 4204 430.
435 4154 469 4204 do
499 4151 609 4203 Laribus
649 4152 748 4202 mirum
770 4153 801 4199 ut
824 4146 885 4198 talia
907 4143 1038 4196 vocabula
1061 4142 1174 4194 relativa

88 4227 273 4286 praestitibus:
294 4229 415 4291 ripaeque
426 4240 512 4292 paruo
526 4227 608 4278 maor.
649 4225 785 4276 interdum
795 4222 931 4288 ponuntur
942 4219 1043 4271 omisso
1052 4215 1092 4288 τῷ
1101 4213 1173 4289 πρὸς
