2934 4884
500 364 558 413 tin.
579 364 619 414 lV.
655 366 684 415 C.
703 366 745 413 Vl.

341 518 478 585 Pulvere
502 522 635 585 Teucro.

255 676 309 743 llle
333 698 397 742 non
420 675 564 742 inclusus
587 698 674 765 equo
697 678 859 744 Minervae

254 798 353 863 Sacra
375 796 507 862 mentito
530 796 613 864 male
637 796 766 863 feriatos

255 920 354 984 Troas
378 927 411 983 et
432 916 549 984 laetam
571 918 687 983 Priami
711 916 840 985 choreis

340 1038 478 1105 Falleret
500 1037 623 1116 aulam,

256 1196 322 1264 Sed
344 1194 449 1284 palam
472 1198 569 1283 captis
591 1196 711 1283 gravia,
735 1195 799 1262 heu
822 1196 912 1262 netas
933 1195 1015 1273 heu,

194 1377 235 1425 ti.
262 1374 350 1439 captia]
377 1376 419 1424 Sic
436 1374 537 1425 habent
557 1374 660 1433 Bbsc,x
679 1386 757 1423 «cum
778 1372 864 1434 aliis,·
885 1380 972 1437 captor
991 1390 1046 1428 var.
1065 1377 1126 1429 leot.
1144 1397 1181 1444 μ,

162 1450 209 1501 Ed.
223 1448 345 1499 Looheri.
365 1450 461 1499 Contra
478 1450 558 1497 victor
575 1448 630 1509 dy,
648 1462 666 1507 x
688 1448 751 1508 dno,
769 1453 859 1510 raptor
874 1444 900 1510 ξ.
920 1448 971 1498 Sed
987 1451 1112 1501 omittunt
1122 1466 1182 1503 voc.

161 1523 274 1573 dubium
291 1524 320 1583 T,
342 1520 380 1582 βλ
403 1523 435 1585 (in
448 1520 469 1581 β
480 1534 614 1587 superscr.
633 1522 732 1585 captis).
763 1524 829 1572 ilinc
846 1523 1027 1586 potissimum,
1047 1528 1074 1575 et
1090 1539 1123 1575 ex
1139 1538 1184 1577 ar-

161 1596 277 1647 bitrariis
294 1594 344 1647 illis
361 1596 432 1646 lectt.
450 1598 542 1655 victor,
560 1600 659 1658 raptor,
678 1597 773 1646 merito
791 1594 898 1659 colligas
915 1610 977 1647 cum
988 1599 1120 1661 Bentleic,
1139 1614 1185 1651 an-

161 1672 270 1735 tiquitus
288 1672 340 1721 iam
358 1670 487 1721 excidisse
503 1668 678 1729 vocabulum,
702 1684 756 1733 qno
772 1683 837 1720 usus
854 1673 888 1721 sit
904 1673 962 1735 ipse
980 1674 1113 1734 Horatius,
1135 1688 1184 1726 va-

161 1747 255 1809 rieque
273 1757 334 1795 esse
351 1743 515 1808 suppletum
535 1743 562 1794 id
579 1743 652 1806 quod
668 1741 762 1795 litteris
771 1744 901 1795 inclinatis
912 1747 1066 1810 significavi.
1085 1747 1184 1811 (peiora

160 1820 222 1869 tello
238 1834 278 1883 pr.
297 1818 409 1879 Withol,
433 1818 521 1881 pelam
537 1822 613 1879 atque
624 1820 703 1867 anais
719 1832 759 1882 pr.
781 1821 862 1884 Jeep,
880 1823 995 1885 uterquc
1011 1824 1085 1873 nisus
1099 1824 1185 1874 adno-

161 1894 261 1943 tatione
279 1893 406 1953 Acconis.)

129 2063 233 2114 ponere
248 2046 384 2099 decuisset
403 2049 529 2112 politam.)
568 2050 654 2099 «llaec
692 2062 778 2112 puero
801 2048 937 2113 eleganter
958 2054 1113 2116 comparat:
1142 2054 1218 2103 Hand

128 2128 220 2174 antem
246 2136 279 2173 eo
304 2124 392 2173 omnia
417 2124 566 2186 pertinent,
593 2124 653 2173 uta
691 2128 719 2171 at
736 2136 809 2184 quem
820 2124 1175 2175 Ctircinl’eiiodocaitocii.

130 2197 283 2247 tortitudine
314 2194 421 2247 Achillis
451 2194 546 2245 clarior
579 2196 656 2245 lieret
726 2196 829 2246 ia-ic.
858 2198 934 2261 equo]
962 2198 1057 2260 Odyss.
1085 2196 1118 2260 δ,
1148 2201 1214 2250 272:

128 2269 239 2335 Apollo,
274 2272 319 2334 qui
353 2273 380 2320 et
409 2271 472 2319 vicit
507 2272 534 2320 et
560 2270 656 2320 occidit
687 2262 775 2335 Ἵππῳ
787 2264 830 2320 ἔνι
841 2268 945 2337 ξεστῷ,
959 2271 994 2321 ἵν’
1006 2268 1137 2337 ἐνήμεθα
1149 2270 1218 2323 κάν-

130 2344 285 2395 Achilleion
306 2346 383 2402 Cano.
692 2359 738 2407 τες
749 2340 864 2414 ἄριστοι
875 2340 1004 2417 Ἀργείων
1017 2344 1148 2417 Τρώεσσι
1159 2344 1218 2409 φό-

162 2420 251 2469 9-42.
277 2420 400 2483 mordaci]
427 2420 467 2468 avi
486 2418 586 2468 lortiter
603 2419 656 2467 im·
692 2434 744 2470 νον
769 2421 818 2469 καὶ
843 2415 919 2491 κῆρα
941 2421 1087 2490 φέροντες.
1123 2422 1214 2485 Eurlp.

130 2496 237 2557 pacto.»
268 2493 364 2556 (Eurip.
379 2492 451 2555 Cycl.
469 2490 525 2543 iot.
545 2494 653 2541 Herm:
692 2494 788 2544 Troad.
808 2494 856 2546 ll:
878 2490 1015 2563 Δούρειος
1027 2494 1128 2558 λ’ππος,
1148 2510 1218 2565 κρο-

132 2567 273 2617 πελέκεων
282 2562 655 2632 γνάθοις.)-νολαι--Ρίνιιιι]
694 2565 767 2617 κτὸν
782 2560 938 2632 ἀμπισχών
954 2565 1034 2636 δόρν.
1074 2570 1168 2632 Hygia.
1188 2570 1215 2619 F.

130 2642 178 2692 Est
189 2642 353 2704 comparatio
365 2641 513 2690 Homerica.
539 2637 611 2688 iliad.
631 2652 654 2697 a,
694 2644 750 2692 408.
775 2642 917 2704 lnghirami
926 2642 992 2692 Gall.
1004 2642 1147 2706 om.111.p.
1159 2643 1215 2692 itt.

130 2716 197 2765 560:
226 2714 414 2778 Καππεσέιην
439 2708 575 2782 ἐλάτῃσιν
598 2712 656 2762 ἑοι-
694 2716 814 2766 Gerlrard
831 2718 932 2779 l'csenp.
951 2717 993 2766 lll.
1004 2717 1033 2770 Τ,
1053 2716 1172 2766 CCXXX.
1186 2743 1213 2751 -

130 2786 215 2850 κότος
231 2783 390 2859 ὕψηλῇσιν.
403 2800 436 2847 α,
450 2786 512 2837 iar:
533 2783 656 2856 (Πάτρο-
692 2790 830 2853 Mineruiae]
846 2791 932 2849 Quem
951 2789 1108 2840 simularant
1123 2788 1218 2839 Graeci

130 2856 314 2953 κλος)Ἤρι.ιε
331 2860 372 2921 d',
400 2855 439 2922 ὥς
460 2853 509 2910 ὅτε
525 2875 567 2923 τις
588 2858 656 2930 δρῦς
694 2878 708 2913 a
726 2878 756 2914 se
774 2865 958 2913 constructum
975 2877 1049 2925 ease,
1073 2866 1103 2913 nl
1119 2864 1219 2914 lliner-

130 2933 233 3008 ἧριιιεν
249 2954 266 3001 η
281 2930 404 3005 ἀχερωῒς
420 2932 479 2984 κτλ.
495 2960 523 2971 -
539 2936 655 2998 impulsa]
693 2952 755 2987 vam
780 2940 890 3001 propter
906 2936 1013 2987 Palladii
1029 2941 1136 3002 raptum
1162 2938 1218 2986 ira-

132 3012 253 3062 udeiecia
271 3012 298 3060 in
315 3012 441 3059 terram.»
461 3010 656 3071 ingratissimus
694 3014 748 3061 tam
766 3009 909 3074 placarent.
940 3011 1011 3073 virg.
1031 3015 1097 3061 Aen.
1116 3012 1149 3072 2,
1168 3010 1216 3059 t'i:

131 3090 223 3137 antem
246 3087 287 3135 eat
303 3096 385 3133 sonus
402 3082 510 3132 alterius
527 3082 588 3132 lect.
607 3084 656 3131 ιἠν
696 3086 784 3134 Votum
805 3097 854 3145 pro
879 3084 962 3133 reditu
978 3085 1098 3134 aimidcm
1115 3086 1167 3135 cet.
1188 3106 1216 3119 -

128 3174 217 3223 presan
241 3170 380 3220 opressus
405 3181 434 3193 —
463 3157 572 3206 Providit
594 3156 655 3219 late]
692 3159 759 3208 malo
773 3156 886 3220 [matos]
904 3156 1020 3206 utOvid.
1037 3158 1141 3214 Fastd,
1155 3157 1217 3207 ica:

131 3233 229 3295 Odyss.
248 3248 284 3291 ω,
304 3230 352 3280 39:
380 3225 416 3280 cai
436 3228 459 3279 δ’
478 3230 509 3280 ἐν
527 3226 656 3301 οτροφά-
693 3230 871 3281 maleactoci-
882 3256 897 3265 -
908 3230 982 3278 liemc
1001 3229 1035 3290 (in
1047 3241 1124 3279 suam
1135 3231 1219 3293 ipsias

131 3306 207 3373 λιγγι
228 3308 327 3370 κονίης
347 3304 437 3354 Κετσο
455 3305 546 3369 μέγας
566 3319 656 3369 paya-
693 3303 858 3370 perniciem),
870 3303 1072 3366 «intempestive
1084 3306 1112 3352 et
1123 3316 1220 3365 magno

131 3383 239 3443 λωστί,
266 3379 441 3444 λελασμένος
458 3374 653 3429 ἱπποσυνάων.
693 3392 743 3431 suo
768 3375 839 3427 malo
862 3376 934 3426 diem
956 3376 1055 3426 testum
1077 3374 1220 3427 celebran—

132 3457 246 3517 Qnintus
263 3457 369 3517 Smyrn.
389 3452 422 3501 de
440 3449 545 3502 Achillis
563 3453 657 3503 interi·
693 3457 760 3504 tes·
780 3452 832 3501 Cir.
849 3451 939 3514 Eurip.
956 3448 1052 3511 Troad.
1070 3450 1119 3499 5⁴7
1140 3462 1217 3513 seqq.

133 3534 162 3580 tn
179 3546 214 3595 y,
235 3530 299 3578 ⁴75:
319 3522 352 3589 ὃς
369 3524 392 3576 d'
412 3521 469 3576 ὑπὸ
485 3524 586 3592 πότμῳ
604 3526 658 3576 Oo-
693 3528 820 3579 Troianos
829 3523 898 3575 male
908 3524 1015 3574 feriatos
1024 3526 1156 3574 monstrat
1163 3536 1221 3574 mo-

131 3600 191 3670 μὸν
214 3599 377 3667 ιολμὴεντα
396 3600 445 3649 καλ
462 3593 573 3668 ὄβριμα
589 3604 657 3665 γαῖα
695 3602 854 3651 numentum
870 3599 1012 3649 Etruscum
1029 3597 1101 3660 apud
1122 3594 1220 3647 iiaonl-

131 3677 303 3749 βαρυνθείς,
325 3670 443 3763 Ἥραιον
460 3667 538 3737 ἀμφὶ
553 3674 657 3724 νέκυσ-
695 3675 823 3724 linchette
834 3674 902 3722 Mon.
916 3673 982 3721 iered.
993 3671 1022 3721 T.
1032 3672 1106 3721 LVll.
1117 3672 1148 3720 N.
1158 3671 1178 3720 1.
1189 3696 1217 3706 -

133 3768 194 3815 σιν,
207 3744 336 3815 ἀλίγκιος
348 3749 431 3818 ονρεῖ
435 3744 546 3819 μακρῷ.
568 3746 655 3798 schol.
695 3749 802 3799 Falleret
817 3746 914 3811 σνλονι]
933 3745 1018 3797 «clam
1035 3745 1175 3855 iffupisaet
1191 3745 1219 3794 in

133 3827 167 3877 ad
185 3826 275 3888 Eurip.
295 3824 389 3873 Troad.
407 3837 434 3872 v.
454 3821 502 3873 il:
531 3816 659 3879 Ἀχιλλέα
694 3824 822 3886 regiam.»

132 3896 260 3952 ἐλθόντα
282 3897 329 3949 ἐπὶ
348 3895 400 3947 τὸν
416 3894 512 3963 γάμον
527 3892 580 3961 τῆς
596 3896 657 3946 llo-
728 3896 838 3946 l7-20.
868 3896 959 3957 palam
983 3892 1073 3956 captia]
1110 3894 1218 3955 «aperto

133 3972 255 4038 λνξένης
265 3972 295 4021 οἱ
306 3972 369 4042 περὶ
380 3966 560 4041 Ἀλέξανδρον
573 3971 603 4020 ἐν
618 3968 657 4037 τῷ
695 3971 794 4030 llartc,
812 3982 866 4018 non
883 3967 999 4028 insidiis,
1023 3966 1136 4015 devictis
1153 3978 1219 4029 pcr-

134 4045 185 4098 τοῦ
209 4044 379 4116 Θυμβραῖον
398 4040 573 4107 ’Λπόλλωνος
593 4042 658 4117 ἱερῷ
697 4044 847 4101 niciosus»;
867 4044 896 4091 ut
913 4054 984 4091 nunc
1002 4039 1111 4103 quidem
1128 4050 1158 4089 se
1176 4039 1222 4088 ha·

134 4118 254 4189 λόγχαις
273 4114 396 4169 ἀνεῖλον.
427 4120 550 4170 Occisum
573 4119 658 4169 livius
697 4118 745 4167 bet
768 4114 855 4165 lectio.
891 4114 943 4164 Sed
969 4114 1029 4164 vide
1054 4113 1117 4162 Ver.
1137 4114 1219 4163 Lecti.

134 4197 304 4249 Andronicus
316 4195 356 4244 Fr.
374 4196 425 4245 inc.
439 4196 463 4244 i.
483 4205 545 4244 cunr
563 4192 659 4243 eodem
698 4187 1112 4253 QuodButtmannusprcposnii,
1123 4190 1220 4248 captor,
