2934 4884
699 394 827 443 lionam
844 391 1012 478 cantaridis

437 550 593 616 Volcanus
617 549 733 613 ardens
756 549 819 614 urit
840 547 992 614 officinas.

307 712 398 776 Nunc
418 709 512 774 decet
533 716 588 773 aut
608 705 699 771 viridi
722 705 857 771 nitidum
878 716 975 793 eaput
996 705 1153 793 impedire
1176 717 1283 797 myrto

440 833 501 895 Aut
523 827 618 904 llore,
642 837 748 892 terrae
770 847 868 913 quem
890 825 995 892 serunt
1015 826 1149 894 solutae.
1351 827 1394 890 l0

307 953 397 1017 Nune
419 960 451 1016 et
471 951 504 1015 in
525 949 687 1016 umbrosis
711 950 820 1012 Fauno
842 946 938 1014 decet
960 947 1126 1015 immolare
1148 947 1245 1024 lucis,

371 1207 395 1256 8.
413 1207 470 1256 atrii
487 1217 550 1254 cum
565 1221 583 1269 γ
601 1203 636 1264 let
653 1203 767 1253 Pettierii
786 1203 809 1262 4,
828 1203 853 1262 3,
870 1201 896 1261 8,
915 1202 940 1262 9,
960 1200 1010 1262 44.)
1027 1201 1122 1262 ilenti..
1140 1205 1202 1253 ussit
1219 1217 1281 1254 cum
1297 1217 1354 1253 var.

337 1281 409 1330 laesit
425 1281 523 1331 Marius
540 1277 638 1328 Plotius
655 1290 680 1340 p.
700 1277 758 1326 299.
778 1275 855 1326 Gaisi.

305 1505 416 1567 pinquat
431 1502 692 1565 tempusaestirum;
712 1500 827 1550 eoeuim
866 1499 941 1562 «igne
967 1513 982 1549 a
1008 1514 1038 1551 se
1060 1513 1187 1562 accenso,
1220 1503 1250 1550 ut
1271 1501 1395 1551 ferveant

305 1577 460 1626 imminente
478 1576 504 1624 in
521 1576 604 1624 Aetna
625 1576 714 1624 monte
731 1573 828 1623 Volca-
865 1574 927 1624 terri
945 1587 1050 1625 massae
1071 1578 1099 1624 et
1119 1575 1235 1626 llammis
1260 1573 1394 1625 colluceat

305 1665 355 1701 nus
373 1650 495 1714 procudit
512 1648 619 1699 lulmina
636 1650 700 1708 lovi,
719 1650 827 1711 quaein
864 1650 919 1698 tota
936 1650 1050 1699 oiilcina.
1079 1651 1200 1699 Proxime
1218 1650 1322 1700 accedit
1338 1651 1395 1700 Eu·

305 1727 405 1776 aestate
423 1726 534 1774 mittat.»
564 1725 654 1773 Senon.
674 1723 746 1787 apud
756 1724 828 1774 Van·
864 1723 913 1787 rip.
932 1723 1026 1773 Troad.
1045 1724 1106 1774 308:
1125 1720 1280 1794 φῶςφέρι,
1298 1724 1390 1785 σε’βω,

305 1799 829 1862 derb.Eandeminterpretationempro-
864 1794 960 1861 φλέγω
977 1825 993 1835 -
1009 1794 1172 1862 -λαμπάσι
1204 1795 1263 1848 τόδ’
1299 1795 1389 1869 ἱερόν,

303 1876 392 1939 posuit
409 1875 488 1924 etiam
506 1873 662 1923 Glareanus:
691 1873 764 1922 «Cur
785 1873 827 1922 hic
866 1872 983 1923 ulacibus
1008 1873 1060 1922 hoc
1082 1873 1211 1937 templum
1235 1873 1390 1924 collustro.»

302 1949 410 1998 Volcani
433 1950 478 1998 liat
500 1949 612 2008 mentio,
640 1946 726 1997 nullus
747 1947 828 1996 Com·
865 1946 966 2010 Hippol.
986 1948 1062 1996 4279:
1083 1944 1163 2013 (γῆν)
1176 1944 1228 1996 τὰν
1239 1939 1332 2011 Ἅλιος
1343 1951 1393 1999 at-

303 2026 482 2073 mentatorum
492 2022 613 2086 explicat.
627 2022 680 2085 Ego
693 2021 754 2070 ideo
763 2023 827 2084 puto
864 2021 993 2085 θομέναν
1009 2019 1147 2090 δέρκεται,
1167 2021 1282 2072 «iumine
1294 2037 1343 2074 suo
1356 2039 1391 2076 ac

303 2100 361 2148 eius
378 2098 533 2148 meminisse
550 2099 657 2160 poetam
680 2095 730 2146 sub
751 2096 827 2144 verni
864 2095 1005 2158 splendore
1026 2096 1232 2147 collustratum„
1265 2100 1388 2163 Propert.

304 2173 431 2236 temporis
444 2173 659 2235 descriptionem,
678 2175 707 2221 ut
717 2171 771 2220 Iotn'
781 2168 828 2218 lul-
863 2172 888 2229 t,
903 2171 926 2228 4,
945 2170 991 2220 dl:
1010 2173 1061 2220 sive
1077 2172 1171 2221 Colchis
1182 2173 1316 2222 Calatinos
1325 2181 1393 2224 arat

303 2249 374 2296 mina
394 2249 470 2310 paret
490 2247 524 2296 ad
544 2248 683 2305 aestatem,
706 2246 751 2308 qui
768 2245 827 2294 hie·
864 2247 932 2293 aena
946 2246 1016 2308 sacis.
1046 2245 1194 2296 audaciora
1212 2249 1388 2299 etiamhaec:

303 2335 356 2382 me,
376 2335 450 2371 more
468 2322 642 2371 hiemantium
660 2319 782 2379 militum,
800 2319 826 2367 in
865 2319 937 2370 Pind.
957 2319 995 2369 Ol.
1014 2321 1038 2380 9,
1057 2322 1104 2370 et:
1123 2320 1211 2383 φίλαν
1229 2319 1312 2373 πόλιν
1327 2340 1391 2387 μα-

302 2395 414 2460 Olympo
437 2409 485 2444 suo
508 2394 624 2446 inclusus
645 2407 708 2443 cum
730 2394 828 2443 ceteris
864 2392 960 2464 λεραῖς
977 2392 1136 2460 ἐπιφλέγων
1153 2391 1274 2460 ἀοιδαῖς.
1296 2400 1388 2462 Earip.

303 2471 344 2520 dis
366 2471 471 2532 egregie
492 2470 613 2532 putarit.»
634 2495 661 2504 -
686 2467 826 2531 ctpclopma]
865 2469 962 2519 Phoen.
986 2469 1042 2520 243.
1070 2471 1176 2520 liena:
1203 2465 1289 2541 ’Ἇρης
1313 2467 1393 2538 αἷμα

303 2543 483 2605 Distinguendi
500 2538 701 2612 τρωγλοδύται,
719 2541 827 2592 coclites
863 2539 947 2592 δάϊον
958 2541 1064 2609 φλέγει.
1095 2546 1392 2598 Cumnonnulliolien-

303 2619 411 2667 Homeri
438 2616 632 2681 (Polyphemus)
660 2616 694 2666 ab
721 2617 828 2666 Hesiodi
864 2617 959 2667 dereut
978 2618 1004 2667 in
1026 2619 1196 2681 homonymis
1217 2622 1310 2670 erdem
1323 2623 1389 2677 urr't

307 2692 411 2754 (Theop.
433 2691 499 2754 440.)
519 2691 689 2756 Cyclopibus
708 2690 782 2742 Caeli
801 2693 829 2740 et
864 2694 1036 2741 correxerunt
1063 2693 1115 2743 iam
1144 2695 1244 2757 antiqui
1277 2693 1389 2753 librarii,

305 2768 402 2817 Terrae
428 2766 486 2817 filiis
511 2761 639 2836 (Ἄργης,
669 2762 826 2835 Στερόπης,
864 2779 951 2828 neque
968 2778 1077 2829 prorsus
1089 2765 1235 2828 inteliciter,
1252 2770 1310 2818 otstt
1327 2769 1387 2830 (od.

303 2837 457 2910 Βρόντης),
485 2842 530 2904 qui
553 2843 605 2891 iam
627 2840 698 2905 apud
721 2840 827 2905 Apollo·
863 2839 887 2898 3,
906 2841 948 2899 48,
968 2839 1010 2890 44;
1033 2843 1112 2891 Venae
1125 2843 1228 2904 Paphon
1244 2844 1335 2893 lancta
1344 2846 1390 2894 oi-

303 2915 376 2964 nium
393 2919 489 2978 Argon.
510 2917 533 2976 4,
553 2916 609 2966 728.
646 2917 700 2965 lovi
718 2914 826 2966 iulmioa
865 2914 899 2962 sa
915 2915 1031 2964 oloribus.
1066 2915 1185 2978 Apollon.
1204 2917 1286 2967 Rhod.
1300 2919 1324 2978 3,
1344 2918 1389 2969 tl.

303 2988 417 3048 cudunt,
446 2992 472 3039 et
488 3004 503 3039 a
522 2989 682 3054 Cyclopibus
699 2991 824 3050 Thraciis,
864 2989 898 3038 de
916 2988 1045 3039 Volcano:
1072 2983 1135 3041 ἀλλ’
1154 2985 1171 3041 ὁ
1187 2991 1242 3056 μὲν
1258 2995 1299 3056 εἰς
1314 2994 1393 3054 χαλ-

304 3062 490 3127 Cyclopiorum
505 3077 643 3115 murorum
660 3067 687 3115 in
704 3063 826 3128 Argolide
862 3061 956 3114 κεῶνα
972 3065 1022 3114 καὶ
1038 3055 1171 3130 ἄκμονας
1186 3057 1236 3138 ἤρι
1245 3065 1390 3134 βεβήκει),

304 3141 355 3187 cet.
375 3137 564 3189 conditoribus.
862 3138 942 3189 lulius
959 3140 1058 3190 Caesar
1082 3140 1198 3204 Scaliger
1222 3149 1307 3207 serpet,
1331 3145 1394 3196 Cu-

863 3215 956 3276 ningh.
979 3221 1082 3276 φιαιιαι
1102 3215 1143 3265 vel
1163 3223 1253 3280 eeoeat,
1275 3219 1392 3272 Wadius

337 3289 360 3339 8.
383 3289 511 3353 Volcente]
538 3289 599 3339 Eius
625 3287 740 3350 effigiem
765 3286 826 3337 ride
862 3294 957 3348 amat,
977 3288 1032 3339 iere
1048 3291 1078 3339 ut
1093 3291 1193 3341 Seneca
1205 3292 1307 3357 Hippot.
1321 3295 1390 3344 49οτ

305 3365 330 3412 in
348 3365 468 3415 Gerhard
488 3369 539 3415 aut.
563 3364 651 3412 Bttdw.
671 3364 698 3412 T.
718 3363 825 3423 LXXXI,
864 3365 896 3412 Et
912 3364 955 3425 qul
970 3364 1080 3426 strenus
1099 3379 1195 3427 semper
1214 3369 1328 3417 Aetam
1344 3371 1391 3418 ιἰι-

304 3439 333 3488 3:
352 3440 390 3488 Im
404 3441 534 3504 Anyestctt
550 3439 582 3488 tat
597 3439 636 3486 dte
655 3437 727 3487 derbe
749 3438 827 3486 Tuet-
863 3440 902 3502 pta
924 3440 1010 3488 Versat
1036 3441 1154 3489 contines.
1194 3443 1267 3502 Quae
1295 3444 1390 3495 tamen

304 3512 389 3574 tipkeit
410 3515 451 3561 des
471 3513 617 3575 oscarense
638 3511 828 3561 Feterbezwto-
864 3514 952 3564 omnia
969 3512 1130 3576 languidiora
1147 3518 1210 3565 sunt
1226 3527 1307 3579 quam
1322 3520 1388 3569 uait.

305 3587 414 3647 peremit
425 3587 572 3648 pescitcttor
578 3585 829 3636 Kitmttertaedaua-
866 3615 893 3624 —
906 3589 1044 3650 Egregium
1060 3587 1168 3638 Volcani
1183 3591 1209 3639 in
1221 3590 1324 3640 officina
1335 3605 1390 3643 sua

305 3658 431 3720 pedrtclet.
444 3685 471 3693 -
484 3659 583 3724 ardens]
595 3663 624 3709 ut
636 3659 771 3711 claudian.
784 3661 825 3720 72,
864 3661 966 3712 Thetidi
983 3661 1088 3713 Achillis
1106 3667 1211 3714 scutum
1227 3666 1391 3729 porrigentis

307 3729 335 3780 3:
363 3732 491 3780 ardentem
507 3733 588 3792 domn,
607 3735 703 3786 Statius
720 3733 781 3784 Silv.
800 3734 824 3795 3,
864 3737 1006 3798 imaginem
1031 3738 1149 3788 invenies
1170 3739 1197 3788 in
1216 3740 1301 3789 Museo
1318 3741 1392 3790 Bor—

307 3807 331 3864 l,
351 3805 410 3854 lad:
429 3807 703 3870 ttmrnneuMutctber,
724 3805 828 3860 διάαν-
863 3813 949 3860 tantm
970 3812 1000 3860 X.
1024 3813 1052 3861 T.
1078 3813 1118 3862 48.
1153 3813 1192 3863 De
1210 3812 1388 3866 Claracllus.

306 3895 371 3950 ρος,
400 3875 500 3928 αἴθων·
535 3879 641 3932 Suidas:
677 3880 828 3946 Αἰθαλόεις
864 3888 894 3936 de
915 3886 1008 3947 Serapa.
1031 3887 1059 3935 T.
1084 3885 1125 3936 at.
1160 3887 1218 3938 lllrt
1240 3888 1392 3940 Bt'tderbuelt

307 3949 376 4016 θεὸς
403 3947 420 4002 ὁ
443 3945 603 4017 Ἥφαιστος
630 3949 669 4018 ὥς
694 3954 826 4020 χαλκεύς.
864 3963 893 4011 Τ.
911 3959 952 4010 27.

307 4027 428 4078 Eundem
440 4029 569 4080 Lucienus
586 4029 619 4078 de
637 4031 727 4081 Sacris.
747 4031 771 4080 6.
784 4045 830 4080 ro-
897 4034 920 4084 9.
938 4033 1053 4096 etiem]
1070 4036 1211 4097 unguentis
1227 4034 1388 4088 delibutum.

308 4103 351 4152 eat
368 4103 487 4172 πυρίτην
503 4103 553 4153 καὶ
574 4101 741 4174 σπινθήρων
757 4098 829 4153 ἀνά-
867 4133 894 4141 -
912 4106 1039 4170 ίαιριᾱίνο]
1065 4108 1129 4156 Stat.
1157 4107 1217 4157 Silv.
1240 4107 1265 4166 4,
1287 4107 1311 4168 3,
1338 4109 1388 4159 68:

309 4171 401 4223 πλεων
428 4169 477 4225 ola
500 4171 536 4242 δὴ
562 4174 744 4243 namnetem.
784 4179 830 4228 Est
865 4179 964 4230 θήιιοω
978 4181 1092 4230 meddin
1106 4183 1238 4244 meditate
1251 4182 1392 4232 ulotsl'ol-

310 4248 387 4308 igitur
404 4249 534 4302 «dammis
551 4249 699 4302 relucens.»
719 4279 746 4289 -
766 4251 827 4314 mu]
864 4257 960 4302 lmus.
996 4253 1043 4304 ud.
1063 4257 1087 4316 4,
1105 4255 1130 4316 i,
1149 4255 1195 4305 23:
1212 4257 1321 4318 νᾶαιῑνι,
1339 4269 1392 4306 re·
