<?xml version="1.0" encoding="UTF-8"?>
<!DOCTYPE html PUBLIC "-//W3C//DTD XHTML 1.0 Transitional//EN"
    "http://www.w3.org/TR/xhtml1/DTD/xhtml1-transitional.dtd">
<html xmlns="http://www.w3.org/1999/xhtml" xml:lang="en" lang="en">
 <head>
  <title>
</title>
<meta http-equiv="Content-Type" content="text/html;charset=utf-8" />
  <meta name='ocr-system' content='tesseract 3.04.00' />
  <meta name='ocr-capabilities' content='ocr_page ocr_carea ocr_par ocr_line ocrx_word'/>
</head>
<body>
  <div class='ocr_page' id='page_1' title='image "./qhoratiusflaccu04baitgoog/qhoratiusflaccu04baitgoog_0711.png"; bbox 0 0 2934 4884; ppageno 0'>
   <div class='ocr_carea' id='block_1_1' title="bbox 553 377 839 427">
    <p class='ocr_par' dir='ltr' id='par_1_1' title="bbox 553 377 839 427">
     <span class='ocr_line' id='line_1_1' title="bbox 553 377 839 427; baseline 0 -1"><span class='ocrx_word' id='word_1_1' title='bbox 553 377 655 427; x_wconf 67' lang='lat' dir='ltr'>iteca.</span> <span class='ocrx_word' id='word_1_2' title='bbox 691 377 790 426; x_wconf 73' lang='lat' dir='ltr'>ilnltll.</span> <span class='ocrx_word' id='word_1_3' title='bbox 809 377 839 426; x_wconf 86' lang='lat' dir='ltr'>V.</span> 
     </span>
    </p>
   </div>
   <div class='ocr_carea' id='block_1_2' title="bbox 302 529 1220 1464">
    <p class='ocr_par' dir='ltr' id='par_1_2' title="bbox 302 529 1220 1464">
     <span class='ocr_line' id='line_1_2' title="bbox 302 529 1003 618; baseline 0.003 -24"><span class='ocrx_word' id='word_1_4' title='bbox 302 530 430 610; x_wconf 87' lang='lat' dir='ltr'><strong>Quibus</strong></span> <span class='ocrx_word' id='word_1_5' title='bbox 452 529 629 618; x_wconf 81' lang='lat' dir='ltr'>superbam</span> <span class='ocrx_word' id='word_1_6' title='bbox 649 531 729 618; x_wconf 78' lang='lat' dir='ltr'>sugit</span> <span class='ocrx_word' id='word_1_7' title='bbox 751 531 816 597; x_wconf 88' lang='lat' dir='ltr'>ulta</span> <span class='ocrx_word' id='word_1_8' title='bbox 839 531 1003 618; x_wconf 81' lang='lat' dir='ltr'>pellicem,</span> 
     </span>
     <span class='ocr_line' id='line_1_3' title="bbox 346 651 758 738; baseline 0.007 -22"><span class='ocrx_word' id='word_1_9' title='bbox 346 651 451 738; x_wconf 84' lang='lat' dir='ltr'>llagni</span> <span class='ocrx_word' id='word_1_10' title='bbox 476 651 623 718; x_wconf 83' lang='lat' dir='ltr'><strong>Creontis</strong></span> <span class='ocrx_word' id='word_1_11' title='bbox 645 651 758 728; x_wconf 88' lang='lat' dir='ltr'>liliam,</span> 
     </span>
     <span class='ocr_line' id='line_1_4' title="bbox 304 771 1220 859; baseline 0.001 -20"><span class='ocrx_word' id='word_1_12' title='bbox 304 774 385 840; x_wconf 90' lang='lat' dir='ltr'>Cum</span> <span class='ocrx_word' id='word_1_13' title='bbox 406 771 507 859; x_wconf 90' lang='lat' dir='ltr'>palla,</span> <span class='ocrx_word' id='word_1_14' title='bbox 531 772 606 839; x_wconf 88' lang='lat' dir='ltr'>taho</span> <span class='ocrx_word' id='word_1_15' title='bbox 628 795 746 839; x_wconf 88' lang='lat' dir='ltr'>munus</span> <span class='ocrx_word' id='word_1_16' title='bbox 768 773 939 848; x_wconf 84' lang='lat' dir='ltr'>imbutum,</span> <span class='ocrx_word' id='word_1_17' title='bbox 963 793 1080 840; x_wconf 87' lang='lat' dir='ltr'>novam</span> <span class='ocrx_word' id='word_1_18' title='bbox 1179 777 1220 840; x_wconf 80' lang='lat'>65</span> 
     </span>
     <span class='ocr_line' id='line_1_5' title="bbox 345 893 814 980; baseline 0.002 -21"><span class='ocrx_word' id='word_1_19' title='bbox 345 893 498 960; x_wconf 80' lang='lat' dir='ltr'>lucendio</span> <span class='ocrx_word' id='word_1_20' title='bbox 520 904 653 980; x_wconf 89' lang='lat' dir='ltr'>nuptam</span> <span class='ocrx_word' id='word_1_21' title='bbox 675 894 814 960; x_wconf 91' lang='lat' dir='ltr'>abstulit.</span> 
     </span>
     <span class='ocr_line' id='line_1_6' title="bbox 303 1013 1016 1103; baseline 0.001 -23"><span class='ocrx_word' id='word_1_22' title='bbox 303 1015 397 1103; x_wconf 74' lang='lat' dir='ltr'>Atqui</span> <span class='ocrx_word' id='word_1_23' title='bbox 420 1035 482 1081; x_wconf 89' lang='lat' dir='ltr'>nec</span> <span class='ocrx_word' id='word_1_24' title='bbox 504 1013 605 1081; x_wconf 90' lang='lat' dir='ltr'>herba</span> <span class='ocrx_word' id='word_1_25' title='bbox 621 1035 688 1082; x_wconf 50' lang='lat' dir='ltr'>‘nec</span> <span class='ocrx_word' id='word_1_26' title='bbox 709 1015 813 1082; x_wconf 87' lang='lat' dir='ltr'>latens</span> <span class='ocrx_word' id='word_1_27' title='bbox 837 1017 868 1080; x_wconf 94' lang='lat' dir='ltr'>in</span> <span class='ocrx_word' id='word_1_28' title='bbox 891 1017 1016 1103; x_wconf 92' lang='lat' dir='ltr'>asperis</span> 
     </span>
     <span class='ocr_line' id='line_1_7' title="bbox 344 1133 763 1203; baseline -0.007 0"><span class='ocrx_word' id='word_1_29' title='bbox 344 1135 445 1203; x_wconf 82' lang='lat' dir='ltr'>Radix</span> <span class='ocrx_word' id='word_1_30' title='bbox 467 1133 577 1202; x_wconf 89' lang='lat' dir='ltr'>lelellit</span> <span class='ocrx_word' id='word_1_31' title='bbox 599 1157 652 1202; x_wconf 90' lang='lat' dir='ltr'>me</span> <span class='ocrx_word' id='word_1_32' title='bbox 674 1134 763 1202; x_wconf 91' lang='lat' dir='ltr'>locis.</span> 
     </span>
     <span class='ocr_line' id='line_1_8' title="bbox 305 1255 934 1324; baseline 0.003 -2"><span class='ocrx_word' id='word_1_33' title='bbox 305 1255 459 1323; x_wconf 82' lang='lat' dir='ltr'>indormit</span> <span class='ocrx_word' id='word_1_34' title='bbox 481 1256 587 1323; x_wconf 88' lang='lat' dir='ltr'>unctis</span> <span class='ocrx_word' id='word_1_35' title='bbox 608 1257 751 1322; x_wconf 88' lang='lat' dir='ltr'>omnium</span> <span class='ocrx_word' id='word_1_36' title='bbox 774 1257 934 1324; x_wconf 88' lang='lat' dir='ltr'>cubilibus</span> 
     </span>
     <span class='ocr_line' id='line_1_9' title="bbox 347 1374 1219 1464; baseline 0.002 -20"><span class='ocrx_word' id='word_1_37' title='bbox 347 1375 519 1444; x_wconf 89' lang='lat' dir='ltr'>Oblivione</span> <span class='ocrx_word' id='word_1_38' title='bbox 541 1374 702 1464; x_wconf 83' lang='lat' dir='ltr'>pellicum.</span> <span class='ocrx_word' id='word_1_39' title='bbox 724 1415 768 1426; x_wconf 97' lang='lat'><em>-</em></span> <span class='ocrx_word' id='word_1_40' title='bbox 1178 1383 1219 1446; x_wconf 88' lang='grc'>70</span> 
     </span>
    </p>
   </div>
   <div class='ocr_carea' id='block_1_3' title="bbox 164 1530 1183 1698">
    <p class='ocr_par' dir='ltr' id='par_1_3' title="bbox 164 1530 1183 1698">
     <span class='ocr_line' id='line_1_10' title="bbox 197 1530 1182 1622; baseline 0.003 -15"><span class='ocrx_word' id='word_1_41' title='bbox 197 1558 237 1608; x_wconf 82' lang='lat' dir='ltr'>oa.</span> <span class='ocrx_word' id='word_1_42' title='bbox 256 1530 475 1622; x_wconf 51' lang='lat' dir='ltr'>nemnem.</span> <span class='ocrx_word' id='word_1_43' title='bbox 492 1556 530 1618; x_wconf 82' lang='lat' dir='ltr'>nn</span> <span class='ocrx_word' id='word_1_44' title='bbox 541 1568 603 1617; x_wconf 77' lang='lat' dir='ltr'>nos,</span> <span class='ocrx_word' id='word_1_45' title='bbox 616 1555 661 1615; x_wconf 79' lang='lat' dir='ltr'>us,</span> <span class='ocrx_word' id='word_1_46' title='bbox 676 1556 760 1607; x_wconf 79' lang='lat' dir='ltr'>coac.</span> <span class='ocrx_word' id='word_1_47' title='bbox 774 1556 921 1622; x_wconf 75' lang='lat' dir='ltr'>eranum.)</span> <span class='ocrx_word' id='word_1_48' title='bbox 935 1585 962 1595; x_wconf 89' lang='lat'><em>-</em></span> <span class='ocrx_word' id='word_1_49' title='bbox 977 1559 1100 1622; x_wconf 62' lang='lat' dir='ltr'>eaerum</span> <span class='ocrx_word' id='word_1_50' title='bbox 1111 1560 1140 1610; x_wconf 85' lang='lat' dir='ltr'>n.</span> <span class='ocrx_word' id='word_1_51' title='bbox 1156 1589 1182 1598; x_wconf 90' lang='lat'><em>-</em></span> 
     </span>
     <span class='ocr_line' id='line_1_11' title="bbox 164 1629 1183 1698; baseline 0.004 -17"><span class='ocrx_word' id='word_1_52' title='bbox 164 1632 207 1681; x_wconf 78' lang='lat'>65.</span> <span class='ocrx_word' id='word_1_53' title='bbox 226 1632 344 1695; x_wconf 72' lang='lat' dir='ltr'>infectum</span> <span class='ocrx_word' id='word_1_54' title='bbox 355 1631 375 1680; x_wconf 87' lang='lat' dir='ltr'>B</span> <span class='ocrx_word' id='word_1_55' title='bbox 394 1643 484 1690; x_wconf 87' lang='lat' dir='ltr'>meus,</span> <span class='ocrx_word' id='word_1_56' title='bbox 497 1632 517 1680; x_wconf 85' lang='lat' dir='ltr'>B</span> <span class='ocrx_word' id='word_1_57' title='bbox 536 1629 652 1680; x_wconf 88' lang='lat' dir='ltr'>Oberlini</span> <span class='ocrx_word' id='word_1_58' title='bbox 669 1634 697 1679; x_wconf 92' lang='lat' dir='ltr'>et</span> <span class='ocrx_word' id='word_1_59' title='bbox 713 1643 782 1681; x_wconf 88' lang='lat' dir='ltr'>unus</span> <span class='ocrx_word' id='word_1_60' title='bbox 793 1633 896 1682; x_wconf 85' lang='lat' dir='ltr'>Bersm.</span> <span class='ocrx_word' id='word_1_61' title='bbox 916 1660 944 1669; x_wconf 94' lang='lat'><em>-</em></span> <span class='ocrx_word' id='word_1_62' title='bbox 965 1634 1006 1684; x_wconf 85' lang='grc'>70.</span> <span class='ocrx_word' id='word_1_63' title='bbox 1016 1635 1143 1698; x_wconf 70' lang='lat' dir='ltr'>puellum</span> <span class='ocrx_word' id='word_1_64' title='bbox 1154 1637 1183 1685; x_wconf 88' lang='lat' dir='ltr'>B.</span> 
     </span>
    </p>
   </div>
   <div class='ocr_carea' id='block_1_4' title="bbox 126 1775 1220 4288">
    <p class='ocr_par' dir='ltr' id='par_1_4' title="bbox 126 1775 1220 4288">
     <span class='ocr_line' id='line_1_12' title="bbox 129 1775 1219 1848; baseline 0.002 -18"><span class='ocrx_word' id='word_1_65' title='bbox 129 1782 254 1839; x_wconf 86' lang='lat' dir='ltr'>inanem,</span> <span class='ocrx_word' id='word_1_66' title='bbox 284 1779 330 1841; x_wconf 89' lang='lat' dir='ltr'>qui</span> <span class='ocrx_word' id='word_1_67' title='bbox 354 1775 397 1828; x_wconf 87' lang='lat' dir='ltr'>illo</span> <span class='ocrx_word' id='word_1_68' title='bbox 417 1780 552 1840; x_wconf 77' lang='lat' dir='ltr'>unguento</span> <span class='ocrx_word' id='word_1_69' title='bbox 573 1791 654 1838; x_wconf 86' lang='lat' dir='ltr'>usus,</span> <span class='ocrx_word' id='word_1_70' title='bbox 672 1782 676 1795; x_wconf 91' lang='grc'>·</span> <span class='ocrx_word' id='word_1_71' title='bbox 693 1791 821 1842; x_wconf 76' lang='lat' dir='ltr'>arrogens</span> <span class='ocrx_word' id='word_1_72' title='bbox 833 1780 946 1833; x_wconf 88' lang='lat' dir='ltr'>videtur.</span> <span class='ocrx_word' id='word_1_73' title='bbox 973 1783 1219 1848; x_wconf 75' lang='lat' dir='ltr'>Longehoeeigni-</span> 
     </span>
     <span class='ocr_line' id='line_1_13' title="bbox 129 1852 1217 1920; baseline 0.003 -16"><span class='ocrx_word' id='word_1_74' title='bbox 129 1853 204 1917; x_wconf 89' lang='lat' dir='ltr'>quod</span> <span class='ocrx_word' id='word_1_75' title='bbox 229 1853 286 1916; x_wconf 88' lang='lat' dir='ltr'>ipsa</span> <span class='ocrx_word' id='word_1_76' title='bbox 306 1852 340 1902; x_wconf 89' lang='lat' dir='ltr'>ad</span> <span class='ocrx_word' id='word_1_77' title='bbox 360 1865 443 1903; x_wconf 85' lang='lat' dir='ltr'>canes</span> <span class='ocrx_word' id='word_1_78' title='bbox 461 1853 570 1902; x_wconf 88' lang='lat' dir='ltr'>ineam</span> <span class='ocrx_word' id='word_1_79' title='bbox 588 1853 656 1902; x_wconf 86' lang='lat' dir='ltr'>inci-</span> <span class='ocrx_word' id='word_1_80' title='bbox 694 1853 815 1904; x_wconf 82' lang='lat' dir='ltr'>licentius</span> <span class='ocrx_word' id='word_1_81' title='bbox 825 1867 906 1918; x_wconf 69' lang='grc' dir='ltr'>ᾳιιιιιιι</span> <span class='ocrx_word' id='word_1_82' title='bbox 919 1855 1001 1906; x_wconf 83' lang='lat' dir='ltr'>altera</span> <span class='ocrx_word' id='word_1_83' title='bbox 1012 1854 1090 1907; x_wconf 89' lang='lat' dir='ltr'>lectio</span> <span class='ocrx_word' id='word_1_84' title='bbox 1100 1857 1217 1920; x_wconf 69' lang='lat' dir='ltr'>ceperim</span> 
     </span>
     <span class='ocr_line' id='line_1_14' title="bbox 128 1926 1218 1991; baseline 0.005 -13"><span class='ocrx_word' id='word_1_85' title='bbox 128 1927 226 1978; x_wconf 69' lang='lat' dir='ltr'>nudas</span> <span class='ocrx_word' id='word_1_86' title='bbox 244 1929 456 1991; x_wconf 76' lang='lat' dir='ltr'>temperaverat,</span> <span class='ocrx_word' id='word_1_87' title='bbox 469 1926 656 1977; x_wconf 84' lang='lat' dir='ltr'>meretricibus</span> <span class='ocrx_word' id='word_1_88' title='bbox 695 1955 723 1963; x_wconf 86' lang='lat'><em>-</em></span> <span class='ocrx_word' id='word_1_89' title='bbox 740 1927 818 1991; x_wconf 66' lang='grc' dir='ltr'><strong><em>[πολι]</em></strong></span> <span class='ocrx_word' id='word_1_90' title='bbox 844 1929 989 1990; x_wconf 71' lang='lat' dir='ltr'>«Athenas,</span> <span class='ocrx_word' id='word_1_91' title='bbox 1017 1943 1098 1982; x_wconf 89' lang='lat' dir='ltr'>curru</span> <span class='ocrx_word' id='word_1_92' title='bbox 1122 1931 1218 1982; x_wconf 65' lang='lat' dir='ltr'>draeo</span> 
     </span>
     <span class='ocr_line' id='line_1_15' title="bbox 127 1999 1192 2067; baseline -0.001 -16"><span class='ocrx_word' id='word_1_93' title='bbox 127 2001 277 2052; x_wconf 85' lang='lat' dir='ltr'>Suburaais</span> <span class='ocrx_word' id='word_1_94' title='bbox 308 1999 467 2065; x_wconf 88' lang='lat' dir='ltr'>placiturum</span> <span class='ocrx_word' id='word_1_95' title='bbox 497 2013 527 2051; x_wconf 84' lang='lat' dir='ltr'>se</span> <span class='ocrx_word' id='word_1_96' title='bbox 554 2002 653 2065; x_wconf 87' lang='lat' dir='ltr'>speret.</span> <span class='ocrx_word' id='word_1_97' title='bbox 692 1999 772 2050; x_wconf 84' lang='lat' dir='ltr'>nibus</span> <span class='ocrx_word' id='word_1_98' title='bbox 791 2001 879 2052; x_wconf 89' lang='lat' dir='ltr'>iuncto</span> <span class='ocrx_word' id='word_1_99' title='bbox 896 2015 946 2067; x_wconf 90' lang='lat' dir='ltr'>per</span> <span class='ocrx_word' id='word_1_100' title='bbox 962 2007 1054 2054; x_wconf 82' lang='lat' dir='ltr'>aerem</span> <span class='ocrx_word' id='word_1_101' title='bbox 1071 2007 1192 2058; x_wconf 75' lang='lat' dir='ltr'>avecta.»</span> 
     </span>
     <span class='ocr_line' id='line_1_16' title="bbox 128 2073 1218 2140; baseline 0.003 -15"><span class='ocrx_word' id='word_1_102' title='bbox 128 2077 167 2126; x_wconf 81' lang='lat' dir='ltr'>Ex</span> <span class='ocrx_word' id='word_1_103' title='bbox 188 2075 230 2125; x_wconf 85' lang='lat' dir='ltr'>his</span> <span class='ocrx_word' id='word_1_104' title='bbox 246 2075 414 2138; x_wconf 83' lang='lat' dir='ltr'>potissimum</span> <span class='ocrx_word' id='word_1_105' title='bbox 430 2087 474 2123; x_wconf 87' lang='lat' dir='ltr'>vv.</span> <span class='ocrx_word' id='word_1_106' title='bbox 493 2073 655 2124; x_wconf 82' lang='lat' dir='ltr'>scholiastae</span> <span class='ocrx_word' id='word_1_107' title='bbox 725 2073 814 2124; x_wconf 80' lang='lat' dir='ltr'>ott-68.</span> <span class='ocrx_word' id='word_1_108' title='bbox 837 2075 920 2140; x_wconf 85' lang='lat' dir='ltr'>pallo]</span> <span class='ocrx_word' id='word_1_109' title='bbox 943 2076 1012 2128; x_wconf 81' lang='lat' dir='ltr'>Misit</span> <span class='ocrx_word' id='word_1_110' title='bbox 1036 2077 1150 2130; x_wconf 78' lang='lat' dir='ltr'>Glaucea</span> <span class='ocrx_word' id='word_1_111' title='bbox 1171 2076 1218 2128; x_wconf 78' lang='grc' dir='ltr'>λε-</span> 
     </span>
     <span class='ocr_line' id='line_1_17' title="bbox 127 2142 1218 2224; baseline 0.004 -26"><span class='ocrx_word' id='word_1_112' title='bbox 127 2147 268 2211; x_wconf 76' lang='lat' dir='ltr'>collegisse</span> <span class='ocrx_word' id='word_1_113' title='bbox 286 2148 418 2209; x_wconf 84' lang='lat' dir='ltr'>videntur,</span> <span class='ocrx_word' id='word_1_114' title='bbox 438 2149 576 2198; x_wconf 83' lang='lat' dir='ltr'>Canidiam</span> <span class='ocrx_word' id='word_1_115' title='bbox 592 2162 655 2213; x_wconf 90' lang='lat' dir='ltr'>pro-</span> <span class='ocrx_word' id='word_1_116' title='bbox 692 2142 767 2197; x_wconf 74' lang='grc' dir='ltr'>πτόν</span> <span class='ocrx_word' id='word_1_117' title='bbox 783 2163 814 2198; x_wconf 78' lang='grc' dir='ltr'>τε</span> <span class='ocrx_word' id='word_1_118' title='bbox 831 2147 939 2199; x_wconf 76' lang='grc' dir='ltr'><strong><em>πέπλον</em></strong></span> <span class='ocrx_word' id='word_1_119' title='bbox 955 2149 1005 2200; x_wconf 73' lang='grc' dir='ltr'>καὶ</span> <span class='ocrx_word' id='word_1_120' title='bbox 1021 2149 1131 2202; x_wconf 76' lang='grc' dir='ltr'><strong><em>πλόκον</em></strong></span> <span class='ocrx_word' id='word_1_121' title='bbox 1147 2166 1218 2224; x_wconf 73' lang='grc' dir='ltr'><strong><em>χρο-</em></strong></span> 
     </span>
     <span class='ocr_line' id='line_1_18' title="bbox 127 2218 1220 2288; baseline 0.003 -15"><span class='ocrx_word' id='word_1_122' title='bbox 127 2223 219 2287; x_wconf 87' lang='lat' dir='ltr'>pelam</span> <span class='ocrx_word' id='word_1_123' title='bbox 237 2222 318 2272; x_wconf 81' lang='lat' dir='ltr'>fuisse</span> <span class='ocrx_word' id='word_1_124' title='bbox 344 2224 560 2286; x_wconf 80' lang='lat' dir='ltr'>unguentariam,</span> <span class='ocrx_word' id='word_1_125' title='bbox 586 2225 655 2273; x_wconf 87' lang='lat' dir='ltr'>intra</span> <span class='ocrx_word' id='word_1_126' title='bbox 692 2218 829 2287; x_wconf 67' lang='lat' dir='ltr'>evitarem</span> <span class='ocrx_word' id='word_1_127' title='bbox 856 2224 944 2288; x_wconf 85' lang='lat' dir='ltr'>Eurip.</span> <span class='ocrx_word' id='word_1_128' title='bbox 963 2225 1033 2276; x_wconf 87' lang='lat' dir='ltr'>lled.</span> <span class='ocrx_word' id='word_1_129' title='bbox 1052 2226 1109 2276; x_wconf 86' lang='grc'><strong>786.</strong></span> <span class='ocrx_word' id='word_1_130' title='bbox 1129 2253 1158 2264; x_wconf 88' lang='grc'><strong>-</strong></span> <span class='ocrx_word' id='word_1_131' title='bbox 1176 2232 1220 2276; x_wconf 81' lang='lat' dir='ltr'>ta·</span> 
     </span>
     <span class='ocr_line' id='line_1_19' title="bbox 128 2297 1216 2363; baseline 0.005 -16"><span class='ocrx_word' id='word_1_132' title='bbox 128 2297 295 2347; x_wconf 88' lang='lat' dir='ltr'>domesticos</span> <span class='ocrx_word' id='word_1_133' title='bbox 307 2297 535 2361; x_wconf 80' lang='lat' dir='ltr'>parietessagam.</span> <span class='ocrx_word' id='word_1_134' title='bbox 554 2297 654 2347; x_wconf 85' lang='lat' dir='ltr'>Verum</span> <span class='ocrx_word' id='word_1_135' title='bbox 691 2297 764 2358; x_wconf 83' lang='lat' dir='ltr'>bum,</span> <span class='ocrx_word' id='word_1_136' title='bbox 788 2310 829 2361; x_wconf 91' lang='lat' dir='ltr'>pr.</span> <span class='ocrx_word' id='word_1_137' title='bbox 848 2300 955 2360; x_wconf 77' lang='lat' dir='ltr'>sanguis</span> <span class='ocrx_word' id='word_1_138' title='bbox 973 2301 1129 2363; x_wconf 85' lang='lat' dir='ltr'>corruptus,</span> <span class='ocrx_word' id='word_1_139' title='bbox 1152 2301 1179 2352; x_wconf 90' lang='grc' dir='ltr'>4ι.</span> <span class='ocrx_word' id='word_1_140' title='bbox 1198 2299 1216 2352; x_wconf 96' lang='lat' dir='ltr'>l.</span> 
     </span>
     <span class='ocr_line' id='line_1_20' title="bbox 127 2369 1216 2437; baseline 0.003 -15"><span class='ocrx_word' id='word_1_141' title='bbox 127 2373 184 2422; x_wconf 88' lang='lat' dir='ltr'>tota</span> <span class='ocrx_word' id='word_1_142' title='bbox 209 2383 254 2421; x_wconf 92' lang='lat' dir='ltr'>res</span> <span class='ocrx_word' id='word_1_143' title='bbox 276 2373 318 2420; x_wconf 90' lang='lat' dir='ltr'>est</span> <span class='ocrx_word' id='word_1_144' title='bbox 336 2371 400 2422; x_wconf 90' lang='lat' dir='ltr'>satis</span> <span class='ocrx_word' id='word_1_145' title='bbox 417 2372 531 2421; x_wconf 88' lang='lat' dir='ltr'>incerta:</span> <span class='ocrx_word' id='word_1_146' title='bbox 558 2369 653 2435; x_wconf 90' lang='lat' dir='ltr'>philtra</span> <span class='ocrx_word' id='word_1_147' title='bbox 691 2385 740 2436; x_wconf 91' lang='lat' dir='ltr'>pre</span> <span class='ocrx_word' id='word_1_148' title='bbox 757 2385 878 2433; x_wconf 87' lang='lat' dir='ltr'>venene,</span> <span class='ocrx_word' id='word_1_149' title='bbox 897 2370 956 2434; x_wconf 82' lang='lat' dir='ltr'>lue,</span> <span class='ocrx_word' id='word_1_150' title='bbox 979 2375 1009 2422; x_wconf 92' lang='lat' dir='ltr'>ut</span> <span class='ocrx_word' id='word_1_151' title='bbox 1025 2374 1096 2436; x_wconf 81' lang='lat' dir='ltr'>Virg.</span> <span class='ocrx_word' id='word_1_152' title='bbox 1121 2377 1166 2426; x_wconf 76' lang='lat' dir='ltr'>(ie.</span> <span class='ocrx_word' id='word_1_153' title='bbox 1186 2375 1216 2437; x_wconf 82' lang='grc'>3,</span> 
     </span>
     <span class='ocr_line' id='line_1_21' title="bbox 127 2444 1217 2512; baseline 0.004 -17"><span class='ocrx_word' id='word_1_154' title='bbox 127 2445 242 2510; x_wconf 83' lang='lat' dir='ltr'>quidem</span> <span class='ocrx_word' id='word_1_155' title='bbox 259 2457 328 2508; x_wconf 88' lang='lat' dir='ltr'>quae</span> <span class='ocrx_word' id='word_1_156' title='bbox 350 2446 446 2496; x_wconf 89' lang='lat' dir='ltr'>miscet</span> <span class='ocrx_word' id='word_1_157' title='bbox 461 2444 569 2507; x_wconf 84' lang='lat' dir='ltr'>mulier,</span> <span class='ocrx_word' id='word_1_158' title='bbox 588 2457 655 2495; x_wconf 87' lang='lat' dir='ltr'>con·</span> <span class='ocrx_word' id='word_1_159' title='bbox 691 2445 753 2496; x_wconf 80' lang='lat' dir='ltr'>ter:</span> <span class='ocrx_word' id='word_1_160' title='bbox 783 2447 867 2509; x_wconf 71' lang='lat' dir='ltr'>msecit</span> <span class='ocrx_word' id='word_1_161' title='bbox 887 2446 984 2509; x_wconf 75' lang='lat' dir='ltr'>peditto</span> <span class='ocrx_word' id='word_1_162' title='bbox 1005 2447 1078 2506; x_wconf 69' lang='lat' dir='ltr'>taem</span> <span class='ocrx_word' id='word_1_163' title='bbox 1106 2461 1140 2500; x_wconf 82' lang='lat' dir='ltr'>ex</span> <span class='ocrx_word' id='word_1_164' title='bbox 1162 2462 1217 2512; x_wconf 87' lang='lat' dir='ltr'>quo</span> 
     </span>
     <span class='ocr_line' id='line_1_22' title="bbox 127 2519 1216 2586; baseline 0.001 -15"><span class='ocrx_word' id='word_1_165' title='bbox 127 2521 290 2571; x_wconf 74' lang='lat' dir='ltr'>septumum</span> <span class='ocrx_word' id='word_1_166' title='bbox 305 2522 360 2580; x_wconf 87' lang='lat' dir='ltr'>est,</span> <span class='ocrx_word' id='word_1_167' title='bbox 378 2521 408 2569; x_wconf 88' lang='lat' dir='ltr'>ut</span> <span class='ocrx_word' id='word_1_168' title='bbox 424 2521 503 2569; x_wconf 88' lang='lat' dir='ltr'>etiem</span> <span class='ocrx_word' id='word_1_169' title='bbox 519 2523 654 2582; x_wconf 77' lang='lat' dir='ltr'>unguenta</span> <span class='ocrx_word' id='word_1_170' title='bbox 691 2519 751 2570; x_wconf 86' lang='lat' dir='ltr'>loco</span> <span class='ocrx_word' id='word_1_171' title='bbox 774 2519 884 2570; x_wconf 80' lang='lat' dir='ltr'>fluxisse</span> <span class='ocrx_word' id='word_1_172' title='bbox 906 2521 1012 2571; x_wconf 88' lang='lat' dir='ltr'>videtur</span> <span class='ocrx_word' id='word_1_173' title='bbox 1034 2522 1216 2586; x_wconf 81' lang='lat' dir='ltr'>antiquissima</span> 
     </span>
     <span class='ocr_line' id='line_1_23' title="bbox 131 2593 1217 2659; baseline 0.002 -15"><span class='ocrx_word' id='word_1_174' title='bbox 131 2606 296 2658; x_wconf 87' lang='lat' dir='ltr'>praeparare</span> <span class='ocrx_word' id='word_1_175' title='bbox 325 2594 425 2657; x_wconf 82' lang='lat' dir='ltr'>possit;</span> <span class='ocrx_word' id='word_1_176' title='bbox 464 2595 553 2644; x_wconf 88' lang='lat' dir='ltr'>utrum</span> <span class='ocrx_word' id='word_1_177' title='bbox 583 2595 654 2644; x_wconf 89' lang='lat' dir='ltr'>hanc</span> <span class='ocrx_word' id='word_1_178' title='bbox 692 2595 720 2645; x_wconf 89' lang='lat' dir='ltr'>et</span> <span class='ocrx_word' id='word_1_179' title='bbox 745 2593 867 2645; x_wconf 87' lang='lat' dir='ltr'>notabilis</span> <span class='ocrx_word' id='word_1_180' title='bbox 885 2594 964 2645; x_wconf 87' lang='lat' dir='ltr'>lectio</span> <span class='ocrx_word' id='word_1_181' title='bbox 980 2597 1114 2659; x_wconf 71' lang='lat' dir='ltr'>infectum,</span> <span class='ocrx_word' id='word_1_182' title='bbox 1145 2595 1217 2659; x_wconf 88' lang='lat' dir='ltr'>quod</span> 
     </span>
     <span class='ocr_line' id='line_1_24' title="bbox 128 2667 1218 2732; baseline 0 -14"><span class='ocrx_word' id='word_1_183' title='bbox 128 2671 217 2718; x_wconf 86' lang='lat' dir='ltr'>artem</span> <span class='ocrx_word' id='word_1_184' title='bbox 248 2681 278 2718; x_wconf 88' lang='lat' dir='ltr'>re</span> <span class='ocrx_word' id='word_1_185' title='bbox 307 2681 372 2718; x_wconf 85' lang='lat' dir='ltr'>vera</span> <span class='ocrx_word' id='word_1_186' title='bbox 401 2670 527 2718; x_wconf 81' lang='lat' dir='ltr'>exerceat</span> <span class='ocrx_word' id='word_1_187' title='bbox 553 2681 652 2730; x_wconf 90' lang='lat' dir='ltr'>necne,</span> <span class='ocrx_word' id='word_1_188' title='bbox 692 2669 863 2720; x_wconf 76' lang='lat' dir='ltr'>manifestum</span> <span class='ocrx_word' id='word_1_189' title='bbox 880 2671 923 2720; x_wconf 90' lang='lat' dir='ltr'>est</span> <span class='ocrx_word' id='word_1_190' title='bbox 939 2667 1079 2732; x_wconf 79' lang='lat' dir='ltr'>glossema.</span> <span class='ocrx_word' id='word_1_191' title='bbox 1107 2693 1134 2704; x_wconf 90' lang='lat'>-</span> <span class='ocrx_word' id='word_1_192' title='bbox 1164 2671 1218 2720; x_wconf 81' lang='lat' dir='ltr'>lle-</span> 
     </span>
     <span class='ocr_line' id='line_1_25' title="bbox 127 2740 1218 2808; baseline 0.001 -15"><span class='ocrx_word' id='word_1_193' title='bbox 127 2740 193 2793; x_wconf 86' lang='lat' dir='ltr'>uihil</span> <span class='ocrx_word' id='word_1_194' title='bbox 211 2742 311 2791; x_wconf 84' lang='lat' dir='ltr'>attinet.</span> <span class='ocrx_word' id='word_1_195' title='bbox 691 2745 803 2808; x_wconf 88' lang='lat' dir='ltr'>phthem</span> <span class='ocrx_word' id='word_1_196' title='bbox 832 2745 859 2793; x_wconf 91' lang='lat' dir='ltr'>et</span> <span class='ocrx_word' id='word_1_197' title='bbox 886 2741 970 2794; x_wconf 82' lang='lat' dir='ltr'>suitur</span> <span class='ocrx_word' id='word_1_198' title='bbox 1000 2743 1081 2794; x_wconf 86' lang='lat' dir='ltr'>luisse</span> <span class='ocrx_word' id='word_1_199' title='bbox 1109 2743 1218 2794; x_wconf 85' lang='lat' dir='ltr'>tradunt</span> 
     </span>
     <span class='ocr_line' id='line_1_26' title="bbox 161 2814 1219 2881; baseline 0.002 -15"><span class='ocrx_word' id='word_1_200' title='bbox 161 2814 251 2866; x_wconf 79' lang='lat' dir='ltr'>itt-ol.</span> <span class='ocrx_word' id='word_1_201' title='bbox 276 2816 328 2865; x_wconf 81' lang='lat' dir='ltr'>Cur</span> <span class='ocrx_word' id='word_1_202' title='bbox 344 2815 413 2878; x_wconf 80' lang='lat' dir='ltr'>dire]</span> <span class='ocrx_word' id='word_1_203' title='bbox 431 2816 501 2866; x_wconf 79' lang='lat' dir='ltr'>«Cur</span> <span class='ocrx_word' id='word_1_204' title='bbox 518 2817 575 2880; x_wconf 88' lang='lat' dir='ltr'>ipsa</span> <span class='ocrx_word' id='word_1_205' title='bbox 592 2829 653 2867; x_wconf 89' lang='lat' dir='ltr'>mea</span> <span class='ocrx_word' id='word_1_206' title='bbox 691 2830 841 2879; x_wconf 84' lang='lat' dir='ltr'>venenum,</span> <span class='ocrx_word' id='word_1_207' title='bbox 859 2830 913 2881; x_wconf 85' lang='lat' dir='ltr'>quo</span> <span class='ocrx_word' id='word_1_208' title='bbox 925 2814 1059 2868; x_wconf 83' lang='lat' dir='ltr'>aemulam</span> <span class='ocrx_word' id='word_1_209' title='bbox 1071 2817 1219 2880; x_wconf 88' lang='lat' dir='ltr'>perdiderit</span> 
     </span>
     <span class='ocr_line' id='line_1_27' title="bbox 126 2891 1219 2955; baseline 0.003 -17"><span class='ocrx_word' id='word_1_210' title='bbox 126 2903 247 2951; x_wconf 83' lang='lat' dir='ltr'>venena,</span> <span class='ocrx_word' id='word_1_211' title='bbox 274 2903 327 2939; x_wconf 92' lang='lat' dir='ltr'>non</span> <span class='ocrx_word' id='word_1_212' title='bbox 352 2891 440 2940; x_wconf 88' lang='lat' dir='ltr'>miuus</span> <span class='ocrx_word' id='word_1_213' title='bbox 462 2891 582 2954; x_wconf 86' lang='lat' dir='ltr'>prolecto</span> <span class='ocrx_word' id='word_1_214' title='bbox 603 2904 654 2954; x_wconf 88' lang='lat' dir='ltr'>po·</span> <span class='ocrx_word' id='word_1_215' title='bbox 692 2891 796 2942; x_wconf 79' lang='lat' dir='ltr'>Medea.</span> <span class='ocrx_word' id='word_1_216' title='bbox 811 2891 958 2955; x_wconf 86' lang='lat' dir='ltr'>Clr.Epod.</span> <span class='ocrx_word' id='word_1_217' title='bbox 972 2891 1048 2954; x_wconf 84' lang='lat' dir='ltr'>3‚l3.</span> <span class='ocrx_word' id='word_1_218' title='bbox 1062 2915 1089 2927; x_wconf 91' lang='lat'><em>-</em></span> <span class='ocrx_word' id='word_1_219' title='bbox 1106 2893 1219 2954; x_wconf 79' lang='lat' dir='ltr'>incepe-</span> 
     </span>
     <span class='ocr_line' id='line_1_28' title="bbox 127 2964 1219 3029; baseline 0 -15"><span class='ocrx_word' id='word_1_220' title='bbox 127 2965 212 3014; x_wconf 89' lang='lat' dir='ltr'>tentia</span> <span class='ocrx_word' id='word_1_221' title='bbox 235 2977 317 3026; x_wconf 76' lang='grc' dir='ltr'>(ῃιοιιι</span> <span class='ocrx_word' id='word_1_222' title='bbox 338 2977 382 3024; x_wconf 88' lang='lat' dir='ltr'>ea,</span> <span class='ocrx_word' id='word_1_223' title='bbox 407 2964 504 3028; x_wconf 87' lang='lat' dir='ltr'>quibus</span> <span class='ocrx_word' id='word_1_224' title='bbox 527 2979 575 3015; x_wconf 89' lang='lat' dir='ltr'>usa</span> <span class='ocrx_word' id='word_1_225' title='bbox 597 2966 654 3015; x_wconf 82' lang='lat' dir='ltr'>ne·</span> <span class='ocrx_word' id='word_1_226' title='bbox 690 2965 861 3029; x_wconf 55' lang='grc' dir='ltr'>φιλ-40047]</span> <span class='ocrx_word' id='word_1_227' title='bbox 891 2966 933 3014; x_wconf 90' lang='lat' dir='ltr'>Sic</span> <span class='ocrx_word' id='word_1_228' title='bbox 957 2967 1060 3016; x_wconf 87' lang='lat' dir='ltr'>aconita</span> <span class='ocrx_word' id='word_1_229' title='bbox 1080 2970 1219 3016; x_wconf 80' lang='lat' dir='ltr'>nascuntur</span> 
     </span>
     <span class='ocr_line' id='line_1_29' title="bbox 128 3036 1216 3101; baseline 0.001 -13"><span class='ocrx_word' id='word_1_230' title='bbox 128 3039 182 3088; x_wconf 89' lang='lat' dir='ltr'>dee</span> <span class='ocrx_word' id='word_1_231' title='bbox 200 3039 331 3088; x_wconf 86' lang='lat' dir='ltr'>Creusam</span> <span class='ocrx_word' id='word_1_232' title='bbox 346 3050 369 3088; x_wconf 88' lang='lat' dir='ltr'>s.</span> <span class='ocrx_word' id='word_1_233' title='bbox 388 3036 504 3088; x_wconf 87' lang='lat' dir='ltr'>Glaucen</span> <span class='ocrx_word' id='word_1_234' title='bbox 526 3040 653 3089; x_wconf 87' lang='lat' dir='ltr'>ettotam</span> <span class='ocrx_word' id='word_1_235' title='bbox 691 3038 868 3088; x_wconf 74' lang='lat' dir='ltr'>dmcoivuetc</span> <span class='ocrx_word' id='word_1_236' title='bbox 875 3043 957 3098; x_wconf 69' lang='lat' dir='ltr'>caum,</span> <span class='ocrx_word' id='word_1_237' title='bbox 968 3039 1041 3088; x_wconf 86' lang='lat' dir='ltr'>Ovid.</span> <span class='ocrx_word' id='word_1_238' title='bbox 1051 3041 1112 3090; x_wconf 83' lang='lat' dir='ltr'>liet.</span> <span class='ocrx_word' id='word_1_239' title='bbox 1123 3041 1148 3101; x_wconf 90' lang='grc'>7,</span> <span class='ocrx_word' id='word_1_240' title='bbox 1158 3039 1216 3092; x_wconf 82' lang='grc'><strong>448.</strong></span> 
     </span>
     <span class='ocr_line' id='line_1_30' title="bbox 127 3111 1217 3176; baseline -0.001 -12"><span class='ocrx_word' id='word_1_241' title='bbox 127 3114 251 3164; x_wconf 88' lang='lat' dir='ltr'>Creontis</span> <span class='ocrx_word' id='word_1_242' title='bbox 268 3113 370 3175; x_wconf 80' lang='lat' dir='ltr'>regiam</span> <span class='ocrx_word' id='word_1_243' title='bbox 386 3113 509 3163; x_wconf 88' lang='lat' dir='ltr'>incendio</span> <span class='ocrx_word' id='word_1_244' title='bbox 527 3126 654 3164; x_wconf 86' lang='lat' dir='ltr'>consum-</span> <span class='ocrx_word' id='word_1_245' title='bbox 724 3111 756 3160; x_wconf 85' lang='grc'>69</span> <span class='ocrx_word' id='word_1_246' title='bbox 768 3138 783 3147; x_wconf 96' lang='grc'>-</span> <span class='ocrx_word' id='word_1_247' title='bbox 794 3111 835 3159; x_wconf 74' lang='grc'>74.</span> <span class='ocrx_word' id='word_1_248' title='bbox 859 3111 981 3160; x_wconf 70' lang='lat' dir='ltr'>Indonntt</span> <span class='ocrx_word' id='word_1_249' title='bbox 1000 3113 1067 3173; x_wconf 79' lang='lat' dir='ltr'>cet]</span> <span class='ocrx_word' id='word_1_250' title='bbox 1086 3113 1174 3176; x_wconf 81' lang='lat' dir='ltr'>Pergit</span> <span class='ocrx_word' id='word_1_251' title='bbox 1191 3113 1217 3162; x_wconf 91' lang='lat' dir='ltr'>in</span> 
     </span>
     <span class='ocr_line' id='line_1_31' title="bbox 127 3183 1216 3252; baseline -0.001 -16"><span class='ocrx_word' id='word_1_252' title='bbox 127 3188 194 3251; x_wconf 85' lang='lat' dir='ltr'>psit,</span> <span class='ocrx_word' id='word_1_253' title='bbox 221 3185 285 3238; x_wconf 86' lang='lat' dir='ltr'>nihil</span> <span class='ocrx_word' id='word_1_254' title='bbox 301 3199 373 3236; x_wconf 87' lang='lat' dir='ltr'>nuuc</span> <span class='ocrx_word' id='word_1_255' title='bbox 390 3188 454 3236; x_wconf 89' lang='lat' dir='ltr'>mihi</span> <span class='ocrx_word' id='word_1_256' title='bbox 476 3189 589 3252; x_wconf 88' lang='lat' dir='ltr'>prosunt</span> <span class='ocrx_word' id='word_1_257' title='bbox 605 3201 654 3238; x_wconf 90' lang='lat' dir='ltr'>ne-</span> <span class='ocrx_word' id='word_1_258' title='bbox 692 3183 848 3235; x_wconf 87' lang='lat' dir='ltr'>enarrendis</span> <span class='ocrx_word' id='word_1_259' title='bbox 866 3183 921 3234; x_wconf 85' lang='lat' dir='ltr'>suis</span> <span class='ocrx_word' id='word_1_260' title='bbox 938 3183 1055 3244; x_wconf 79' lang='lat' dir='ltr'>artibus,</span> <span class='ocrx_word' id='word_1_261' title='bbox 1073 3197 1124 3235; x_wconf 87' lang='lat' dir='ltr'>nec</span> <span class='ocrx_word' id='word_1_262' title='bbox 1142 3199 1216 3246; x_wconf 86' lang='lat' dir='ltr'>vero,</span> 
     </span>
     <span class='ocr_line' id='line_1_32' title="bbox 128 3255 1218 3324; baseline -0.001 -14"><span class='ocrx_word' id='word_1_263' title='bbox 128 3273 182 3324; x_wconf 88' lang='lat' dir='ltr'>que</span> <span class='ocrx_word' id='word_1_264' title='bbox 210 3259 292 3312; x_wconf 89' lang='lat' dir='ltr'>ullam</span> <span class='ocrx_word' id='word_1_265' title='bbox 315 3261 371 3310; x_wconf 88' lang='lat' dir='ltr'>vim</span> <span class='ocrx_word' id='word_1_266' title='bbox 398 3262 424 3312; x_wconf 92' lang='lat' dir='ltr'>in</span> <span class='ocrx_word' id='word_1_267' title='bbox 448 3262 550 3312; x_wconf 87' lang='lat' dir='ltr'>Varum</span> <span class='ocrx_word' id='word_1_268' title='bbox 576 3275 655 3311; x_wconf 82' lang='lat' dir='ltr'>exer·</span> <span class='ocrx_word' id='word_1_269' title='bbox 691 3262 722 3309; x_wconf 91' lang='lat' dir='ltr'>ut</span> <span class='ocrx_word' id='word_1_270' title='bbox 746 3256 839 3308; x_wconf 85' lang='lat' dir='ltr'>volunt</span> <span class='ocrx_word' id='word_1_271' title='bbox 863 3255 918 3318; x_wconf 86' lang='lat' dir='ltr'>alii,</span> <span class='ocrx_word' id='word_1_272' title='bbox 956 3271 985 3308; x_wconf 86' lang='lat' dir='ltr'>se</span> <span class='ocrx_word' id='word_1_273' title='bbox 1011 3256 1046 3306; x_wconf 88' lang='lat' dir='ltr'>ab</span> <span class='ocrx_word' id='word_1_274' title='bbox 1077 3255 1127 3306; x_wconf 89' lang='lat' dir='ltr'>alia</span> <span class='ocrx_word' id='word_1_275' title='bbox 1154 3271 1218 3322; x_wconf 76' lang='lat' dir='ltr'>saga</span> 
     </span>
     <span class='ocr_line' id='line_1_33' title="bbox 127 3331 1218 3400; baseline -0.001 -15"><span class='ocrx_word' id='word_1_276' title='bbox 127 3337 231 3385; x_wconf 80' lang='lat' dir='ltr'>cent‘l»</span> <span class='ocrx_word' id='word_1_277' title='bbox 261 3335 304 3384; x_wconf 86' lang='lat' dir='ltr'>sic</span> <span class='ocrx_word' id='word_1_278' title='bbox 329 3337 400 3386; x_wconf 87' lang='lat' dir='ltr'>enirn</span> <span class='ocrx_word' id='word_1_279' title='bbox 425 3335 496 3386; x_wconf 90' lang='lat' dir='ltr'>melo</span> <span class='ocrx_word' id='word_1_280' title='bbox 521 3334 653 3400; x_wconf 84' lang='lat' dir='ltr'>explicare</span> <span class='ocrx_word' id='word_1_281' title='bbox 692 3331 797 3384; x_wconf 90' lang='lat' dir='ltr'>aemule</span> <span class='ocrx_word' id='word_1_282' title='bbox 816 3332 914 3381; x_wconf 81' lang='lat' dir='ltr'>victum</span> <span class='ocrx_word' id='word_1_283' title='bbox 932 3331 1036 3382; x_wconf 85' lang='lat' dir='ltr'>latetur.</span> <span class='ocrx_word' id='word_1_284' title='bbox 1063 3331 1148 3381; x_wconf 87' lang='lat' dir='ltr'>immo</span> <span class='ocrx_word' id='word_1_285' title='bbox 1165 3332 1218 3384; x_wconf 87' lang='lat' dir='ltr'>hoc</span> 
     </span>
     <span class='ocr_line' id='line_1_34' title="bbox 128 3405 1220 3472; baseline -0.002 -14"><span class='ocrx_word' id='word_1_286' title='bbox 128 3421 212 3472; x_wconf 81' lang='lat' dir='ltr'>quam</span> <span class='ocrx_word' id='word_1_287' title='bbox 236 3421 299 3458; x_wconf 90' lang='lat' dir='ltr'>cum</span> <span class='ocrx_word' id='word_1_288' title='bbox 319 3407 391 3460; x_wconf 85' lang='lat' dir='ltr'>aliie:</span> <span class='ocrx_word' id='word_1_289' title='bbox 422 3410 493 3460; x_wconf 76' lang='lat' dir='ltr'>eCur</span> <span class='ocrx_word' id='word_1_290' title='bbox 512 3408 569 3460; x_wconf 90' lang='lat' dir='ltr'>dira</span> <span class='ocrx_word' id='word_1_291' title='bbox 592 3421 653 3458; x_wconf 89' lang='lat' dir='ltr'>mea</span> <span class='ocrx_word' id='word_1_292' title='bbox 693 3420 801 3472; x_wconf 86' lang='lat' dir='ltr'>queque</span> <span class='ocrx_word' id='word_1_293' title='bbox 826 3407 894 3455; x_wconf 89' lang='lat' dir='ltr'>inter</span> <span class='ocrx_word' id='word_1_294' title='bbox 917 3407 984 3455; x_wconf 89' lang='lat' dir='ltr'>ritus</span> <span class='ocrx_word' id='word_1_295' title='bbox 1006 3405 1143 3468; x_wconf 80' lang='lat' dir='ltr'>magicos,</span> <span class='ocrx_word' id='word_1_296' title='bbox 1162 3406 1220 3469; x_wconf 88' lang='lat' dir='ltr'>qui·</span> 
     </span>
     <span class='ocr_line' id='line_1_35' title="bbox 128 3481 1219 3543; baseline -0.002 -11"><span class='ocrx_word' id='word_1_297' title='bbox 128 3496 235 3533; x_wconf 85' lang='lat' dir='ltr'>venena</span> <span class='ocrx_word' id='word_1_298' title='bbox 253 3483 341 3533; x_wconf 89' lang='lat' dir='ltr'>minus</span> <span class='ocrx_word' id='word_1_299' title='bbox 356 3481 447 3533; x_wconf 85' lang='lat' dir='ltr'>valent</span> <span class='ocrx_word' id='word_1_300' title='bbox 463 3484 576 3534; x_wconf 80' lang='lat' dir='ltr'>venenis</span> <span class='ocrx_word' id='word_1_301' title='bbox 597 3485 654 3534; x_wconf 82' lang='lat' dir='ltr'>lle-</span> <span class='ocrx_word' id='word_1_302' title='bbox 693 3482 745 3533; x_wconf 87' lang='lat' dir='ltr'>bus</span> <span class='ocrx_word' id='word_1_303' title='bbox 767 3483 828 3531; x_wconf 89' lang='lat' dir='ltr'>ante</span> <span class='ocrx_word' id='word_1_304' title='bbox 851 3493 900 3530; x_wconf 89' lang='lat' dir='ltr'>usa</span> <span class='ocrx_word' id='word_1_305' title='bbox 922 3481 970 3540; x_wconf 85' lang='lat' dir='ltr'>sil,</span> <span class='ocrx_word' id='word_1_306' title='bbox 1006 3483 1151 3543; x_wconf 84' lang='lat' dir='ltr'>memorat,</span> <span class='ocrx_word' id='word_1_307' title='bbox 1180 3481 1219 3530; x_wconf 90' lang='lat' dir='ltr'>in-</span> 
     </span>
     <span class='ocr_line' id='line_1_36' title="bbox 127 3553 1220 3619; baseline -0.001 -13"><span class='ocrx_word' id='word_1_308' title='bbox 127 3555 231 3606; x_wconf 83' lang='lat' dir='ltr'>deae‘t»</span> <span class='ocrx_word' id='word_1_309' title='bbox 252 3557 384 3608; x_wconf 83' lang='lat' dir='ltr'>Theocrit.</span> <span class='ocrx_word' id='word_1_310' title='bbox 402 3558 427 3616; x_wconf 78' lang='lat'>2,</span> <span class='ocrx_word' id='word_1_311' title='bbox 442 3556 481 3609; x_wconf 87' lang='grc'>44.</span> <span class='ocrx_word' id='word_1_312' title='bbox 493 3557 536 3607; x_wconf 91' lang='lat' dir='ltr'>ed.</span> <span class='ocrx_word' id='word_1_313' title='bbox 548 3557 653 3608; x_wconf 78' lang='lat' dir='ltr'>Ameis:</span> <span class='ocrx_word' id='word_1_314' title='bbox 692 3557 800 3606; x_wconf 82' lang='lat' dir='ltr'>unxisse</span> <span class='ocrx_word' id='word_1_315' title='bbox 812 3567 841 3606; x_wconf 88' lang='lat' dir='ltr'>se</span> <span class='ocrx_word' id='word_1_316' title='bbox 854 3555 915 3605; x_wconf 88' lang='lat' dir='ltr'>Vari</span> <span class='ocrx_word' id='word_1_317' title='bbox 930 3555 1013 3619; x_wconf 86' lang='lat' dir='ltr'>ipsius</span> <span class='ocrx_word' id='word_1_318' title='bbox 1024 3553 1152 3604; x_wconf 89' lang='lat' dir='ltr'>lectulum</span> <span class='ocrx_word' id='word_1_319' title='bbox 1164 3568 1220 3605; x_wconf 88' lang='lat' dir='ltr'>me·</span> 
     </span>
     <span class='ocr_line' id='line_1_37' title="bbox 129 3624 1220 3700; baseline 0 -20"><span class='ocrx_word' id='word_1_320' title='bbox 129 3629 216 3700; x_wconf 79' lang='lat' dir='ltr'>Xatp&#39;</span> <span class='ocrx_word' id='word_1_321' title='bbox 238 3624 345 3680; x_wconf 78' lang='grc' dir='ltr'><strong><em>Ἑκάτα</em></strong></span> <span class='ocrx_word' id='word_1_322' title='bbox 369 3627 525 3696; x_wconf 60' lang='lat' dir='ltr'>caeciliu,</span> <span class='ocrx_word' id='word_1_323' title='bbox 550 3631 600 3681; x_wconf 83' lang='grc' dir='ltr'>καὶ</span> <span class='ocrx_word' id='word_1_324' title='bbox 625 3629 655 3692; x_wconf 80' lang='grc' dir='ltr'>ἐς</span> <span class='ocrx_word' id='word_1_325' title='bbox 692 3632 752 3694; x_wconf 78' lang='lat' dir='ltr'>gico</span> <span class='ocrx_word' id='word_1_326' title='bbox 770 3643 852 3691; x_wconf 85' lang='lat' dir='ltr'>suco,</span> <span class='ocrx_word' id='word_1_327' title='bbox 877 3631 951 3680; x_wconf 89' lang='lat' dir='ltr'>cuius</span> <span class='ocrx_word' id='word_1_328' title='bbox 968 3643 999 3680; x_wconf 87' lang='lat' dir='ltr'>ee</span> <span class='ocrx_word' id='word_1_329' title='bbox 1016 3629 1056 3679; x_wconf 87' lang='lat' dir='ltr'>vis</span> <span class='ocrx_word' id='word_1_330' title='bbox 1075 3629 1167 3690; x_wconf 85' lang='lat' dir='ltr'>luerit,</span> <span class='ocrx_word' id='word_1_331' title='bbox 1189 3633 1220 3680; x_wconf 91' lang='lat' dir='ltr'>ut</span> 
     </span>
     <span class='ocr_line' id='line_1_38' title="bbox 128 3699 1217 3777; baseline -0.003 -20"><span class='ocrx_word' id='word_1_332' title='bbox 128 3705 210 3769; x_wconf 63' lang='lat' dir='ltr'>eclog</span> <span class='ocrx_word' id='word_1_333' title='bbox 237 3699 332 3770; x_wconf 78' lang='grc' dir='ltr'><em>ἄμμιν</em></span> <span class='ocrx_word' id='word_1_334' title='bbox 361 3699 480 3768; x_wconf 62' lang='lat' dir='ltr'>decidet,</span> <span class='ocrx_word' id='word_1_335' title='bbox 513 3702 656 3777; x_wconf 78' lang='grc' dir='ltr'><em>Φάρμακα</em></span> <span class='ocrx_word' id='word_1_336' title='bbox 692 3705 735 3757; x_wconf 89' lang='lat' dir='ltr'>ille</span> <span class='ocrx_word' id='word_1_337' title='bbox 753 3704 956 3756; x_wconf 86' lang='lat' dir='ltr'>oblivisceretur</span> <span class='ocrx_word' id='word_1_338' title='bbox 973 3701 1217 3754; x_wconf 88' lang='lat' dir='ltr'>omniumalierum</span> 
     </span>
     <span class='ocr_line' id='line_1_39' title="bbox 128 3774 1219 3851; baseline -0.005 -20"><span class='ocrx_word' id='word_1_339' title='bbox 128 3777 206 3831; x_wconf 82' lang='grc' dir='ltr'><em>ταῦτ’</em></span> <span class='ocrx_word' id='word_1_340' title='bbox 228 3774 348 3850; x_wconf 73' lang='grc' dir='ltr'>ἴρδοισα</span> <span class='ocrx_word' id='word_1_341' title='bbox 372 3783 505 3851; x_wconf 72' lang='grc' dir='ltr'>χερείονα</span> <span class='ocrx_word' id='word_1_342' title='bbox 529 3777 604 3846; x_wconf 78' lang='grc' dir='ltr'>μήτε</span> <span class='ocrx_word' id='word_1_343' title='bbox 629 3795 657 3830; x_wconf 79' lang='grc' dir='ltr'>τι</span> <span class='ocrx_word' id='word_1_344' title='bbox 693 3781 841 3832; x_wconf 87' lang='lat' dir='ltr'>amicarum</span> <span class='ocrx_word' id='word_1_345' title='bbox 858 3781 966 3843; x_wconf 89' lang='lat' dir='ltr'>praeter</span> <span class='ocrx_word' id='word_1_346' title='bbox 977 3779 1072 3842; x_wconf 84' lang='lat' dir='ltr'>ipsam.</span> <span class='ocrx_word' id='word_1_347' title='bbox 1102 3777 1154 3826; x_wconf 90' lang='lat' dir='ltr'>Sed</span> <span class='ocrx_word' id='word_1_348' title='bbox 1169 3790 1219 3827; x_wconf 87' lang='lat' dir='ltr'>ne-</span> 
     </span>
     <span class='ocr_line' id='line_1_40' title="bbox 128 3850 1220 3926; baseline -0.008 -18"><span class='ocrx_word' id='word_1_349' title='bbox 128 3855 239 3926; x_wconf 75' lang='grc' dir='ltr'><strong><em>Κίρκας</em></strong></span> <span class='ocrx_word' id='word_1_350' title='bbox 247 3851 327 3919; x_wconf 71' lang='grc' dir='ltr'>Μήτι</span> <span class='ocrx_word' id='word_1_351' title='bbox 338 3869 365 3904; x_wconf 86' lang='grc' dir='ltr'>τι</span> <span class='ocrx_word' id='word_1_352' title='bbox 373 3853 499 3921; x_wconf 79' lang='grc' dir='ltr'><strong><em>Μηδείας</em></strong></span> <span class='ocrx_word' id='word_1_353' title='bbox 509 3852 584 3920; x_wconf 78' lang='grc' dir='ltr'>μήτε</span> <span class='ocrx_word' id='word_1_354' title='bbox 592 3850 657 3919; x_wconf 80' lang='grc' dir='ltr'>ξαν-</span> <span class='ocrx_word' id='word_1_355' title='bbox 693 3869 746 3919; x_wconf 82' lang='lat' dir='ltr'>que</span> <span class='ocrx_word' id='word_1_356' title='bbox 766 3854 817 3904; x_wconf 92' lang='lat' dir='ltr'>hoc</span> <span class='ocrx_word' id='word_1_357' title='bbox 834 3851 999 3904; x_wconf 87' lang='lat' dir='ltr'>aemularum</span> <span class='ocrx_word' id='word_1_358' title='bbox 1016 3851 1171 3922; x_wconf 75' lang='grc' dir='ltr'>μίσηθρον,</span> <span class='ocrx_word' id='word_1_359' title='bbox 1190 3853 1220 3900; x_wconf 86' lang='lat' dir='ltr'>ut</span> 
     </span>
     <span class='ocr_line' id='line_1_41' title="bbox 128 3924 1219 3998; baseline -0.001 -21"><span class='ocrx_word' id='word_1_360' title='bbox 128 3926 370 3998; x_wconf 71' lang='grc' dir='ltr'>θᾶςΠιριμήδας.</span> <span class='ocrx_word' id='word_1_361' title='bbox 388 3929 445 3979; x_wconf 86' lang='lat' dir='ltr'>Tib.</span> <span class='ocrx_word' id='word_1_362' title='bbox 461 3931 485 3990; x_wconf 83' lang='lat' dir='ltr'>l,</span> <span class='ocrx_word' id='word_1_363' title='bbox 497 3931 522 3990; x_wconf 72' lang='grc'>7,</span> <span class='ocrx_word' id='word_1_364' title='bbox 536 3931 563 3978; x_wconf 83' lang='grc'>54</span> <span class='ocrx_word' id='word_1_365' title='bbox 577 3944 583 3978; x_wconf 89' lang='lat'>:</span> <span class='ocrx_word' id='word_1_366' title='bbox 596 3930 657 3980; x_wconf 87' lang='lat' dir='ltr'>Solo</span> <span class='ocrx_word' id='word_1_367' title='bbox 694 3927 826 3978; x_wconf 90' lang='lat' dir='ltr'>contraria</span> <span class='ocrx_word' id='word_1_368' title='bbox 843 3924 973 3998; x_wconf 76' lang='grc' dir='ltr'>φίλτροις</span> <span class='ocrx_word' id='word_1_369' title='bbox 990 3925 1136 3987; x_wconf 85' lang='lat' dir='ltr'>vocabant,</span> <span class='ocrx_word' id='word_1_370' title='bbox 1157 3928 1219 3977; x_wconf 89' lang='lat' dir='ltr'>tunc</span> 
     </span>
     <span class='ocr_line' id='line_1_42' title="bbox 128 4001 1220 4067; baseline -0.005 -12"><span class='ocrx_word' id='word_1_371' title='bbox 128 4005 412 4055; x_wconf 70' lang='lat' dir='ltr'>meremulaelledeue</span> <span class='ocrx_word' id='word_1_372' title='bbox 420 4003 512 4053; x_wconf 72' lang='grc' dir='ltr'>αἰολον</span> <span class='ocrx_word' id='word_1_373' title='bbox 519 4003 654 4067; x_wconf 69' lang='lat' dir='ltr'>liei-bosso.</span> <span class='ocrx_word' id='word_1_374' title='bbox 695 4015 756 4053; x_wconf 88' lang='lat' dir='ltr'>eam</span> <span class='ocrx_word' id='word_1_375' title='bbox 774 4003 885 4052; x_wconf 86' lang='lat' dir='ltr'>iuverat.</span> <span class='ocrx_word' id='word_1_376' title='bbox 907 4030 934 4038; x_wconf 93' lang='lat'><em>-</em></span> <span class='ocrx_word' id='word_1_377' title='bbox 954 4003 1038 4051; x_wconf 78' lang='lat' dir='ltr'>Minus</span> <span class='ocrx_word' id='word_1_378' title='bbox 1056 4001 1145 4050; x_wconf 90' lang='lat' dir='ltr'>rectae</span> <span class='ocrx_word' id='word_1_379' title='bbox 1158 4002 1220 4050; x_wconf 90' lang='lat' dir='ltr'>sunt</span> 
     </span>
     <span class='ocr_line' id='line_1_43' title="bbox 127 4073 1220 4142; baseline -0.003 -15"><span class='ocrx_word' id='word_1_380' title='bbox 127 4077 273 4141; x_wconf 67' lang='grc' dir='ltr'>κιρονοοοι]</span> <span class='ocrx_word' id='word_1_381' title='bbox 290 4079 319 4127; x_wconf 87' lang='grc' dir='ltr'>ιι4</span> <span class='ocrx_word' id='word_1_382' title='bbox 336 4079 423 4128; x_wconf 87' lang='lat' dir='ltr'>omnis</span> <span class='ocrx_word' id='word_1_383' title='bbox 442 4076 563 4138; x_wconf 85' lang='lat' dir='ltr'>aemula,</span> <span class='ocrx_word' id='word_1_384' title='bbox 581 4090 657 4142; x_wconf 88' lang='lat' dir='ltr'>prae·</span> <span class='ocrx_word' id='word_1_385' title='bbox 694 4075 761 4127; x_wconf 85' lang='lat' dir='ltr'>aliae</span> <span class='ocrx_word' id='word_1_386' title='bbox 775 4075 1019 4140; x_wconf 82' lang='lat' dir='ltr'>interpretationes:</span> <span class='ocrx_word' id='word_1_387' title='bbox 1039 4076 1061 4136; x_wconf 84' lang='lat' dir='ltr'>l]</span> <span class='ocrx_word' id='word_1_388' title='bbox 1076 4073 1220 4124; x_wconf 72' lang='lat' dir='ltr'>«indormit</span> 
     </span>
     <span class='ocr_line' id='line_1_44' title="bbox 129 4149 1220 4216; baseline -0.005 -13"><span class='ocrx_word' id='word_1_389' title='bbox 129 4153 211 4203; x_wconf 85' lang='lat' dir='ltr'>latam</span> <span class='ocrx_word' id='word_1_390' title='bbox 235 4165 268 4202; x_wconf 88' lang='lat' dir='ltr'>ac</span> <span class='ocrx_word' id='word_1_391' title='bbox 290 4150 434 4203; x_wconf 78' lang='lat' dir='ltr'>feliciorem</span> <span class='ocrx_word' id='word_1_392' title='bbox 460 4165 489 4202; x_wconf 89' lang='lat' dir='ltr'>se</span> <span class='ocrx_word' id='word_1_393' title='bbox 512 4154 655 4216; x_wconf 85' lang='lat' dir='ltr'>reputans,</span> <span class='ocrx_word' id='word_1_394' title='bbox 695 4149 829 4202; x_wconf 84' lang='lat' dir='ltr'>cubilibus</span> <span class='ocrx_word' id='word_1_395' title='bbox 849 4149 967 4200; x_wconf 89' lang='lat' dir='ltr'>omnium</span> <span class='ocrx_word' id='word_1_396' title='bbox 986 4161 1107 4200; x_wconf 86' lang='lat' dir='ltr'>mearum</span> <span class='ocrx_word' id='word_1_397' title='bbox 1125 4161 1220 4200; x_wconf 86' lang='lat' dir='ltr'>eemu-</span> 
     </span>
     <span class='ocr_line' id='line_1_45' title="bbox 129 4221 1218 4288; baseline -0.005 -12"><span class='ocrx_word' id='word_1_398' title='bbox 129 4228 168 4286; x_wconf 87' lang='lat' dir='ltr'>ei,</span> <span class='ocrx_word' id='word_1_399' title='bbox 188 4226 263 4277; x_wconf 86' lang='lat' dir='ltr'>culus</span> <span class='ocrx_word' id='word_1_400' title='bbox 281 4225 386 4277; x_wconf 84' lang='lat' dir='ltr'>amores</span> <span class='ocrx_word' id='word_1_401' title='bbox 406 4224 501 4286; x_wconf 85' lang='lat' dir='ltr'>laedit,</span> <span class='ocrx_word' id='word_1_402' title='bbox 521 4226 609 4288; x_wconf 90' lang='lat' dir='ltr'>iniqua</span> <span class='ocrx_word' id='word_1_403' title='bbox 631 4228 658 4274; x_wconf 92' lang='lat' dir='ltr'>et</span> <span class='ocrx_word' id='word_1_404' title='bbox 695 4224 783 4276; x_wconf 90' lang='lat' dir='ltr'>larum</span> <span class='ocrx_word' id='word_1_405' title='bbox 800 4225 886 4275; x_wconf 85' lang='lat' dir='ltr'>unctis</span> <span class='ocrx_word' id='word_1_406' title='bbox 904 4221 1035 4274; x_wconf 80' lang='lat' dir='ltr'>oblivione</span> <span class='ocrx_word' id='word_1_407' title='bbox 1054 4223 1145 4280; x_wconf 73' lang='grc' dir='ltr'>ιιιοίςι</span> <span class='ocrx_word' id='word_1_408' title='bbox 1165 4221 1218 4282; x_wconf 79' lang='lat' dir='ltr'>rel,</span> 
     </span>
    </p>
   </div>
   <div class='ocr_carea' id='block_1_5' title="bbox 0 0 1472 4884">
    <p class='ocr_par' dir='ltr' id='par_1_5' title="bbox 0 0 1472 4884">
     <span class='ocr_line' id='line_1_46' title="bbox 0 0 1472 4884; baseline 0 0"><span class='ocrx_word' id='word_1_409' title='bbox 0 0 1472 4884; x_wconf 95' lang='lat' dir='ltr'> </span> 
     </span>
    </p>
   </div>
  </div>
 </body>
</html>
