2934 4884
538 353 646 402 uren.
682 351 784 402 cnu.
1139 349 1202 414 273

113 512 216 573 layna
239 510 348 572 bambae
365 509 436 575 apud
459 511 512 560 luv.
532 510 585 558 Sat.
604 509 635 559 ll.
655 509 695 559 66.
723 521 756 557 ea
774 507 935 572 appellatur,
954 521 1024 572 quae
1042 523 1075 559 ax
1092 507 1201 559 Senibus

115 609 162 659 per
172 595 302 656 mam
319 595 344 644 iu
356 595 461 656 Syriam
477 591 649 642 deferebatur
667 592 700 654 (v.
715 593 804 642 lleinr.
817 592 853 642 ad
864 591 882 642 l.
900 595 927 642 et
942 593 1081 643 lliilimann
1093 605 1120 656 p.
1133 593 1201 652 205.)

115 681 179 730 ltem
196 677 280 742 Epod.
296 677 339 738 la,
353 677 377 726 9.
396 677 586 726 Achaemenium
602 675 713 726 cardam
730 678 772 725 est
787 676 885 726 aardas
899 677 987 726 Iadica
1003 689 1053 740 per
1064 676 1202 726 Persidem

115 764 140 811 in
157 762 261 823 Syriam
279 759 379 820 delata,
407 763 437 810 ut
453 760 500 810 Od.
520 761 561 810 lll.
583 759 610 820 i,
629 758 670 810 tl.
688 759 880 809 achaemeniam
896 765 990 808 coam
1005 759 1127 809 indicum
1145 764 1201 818 est,

115 859 139 894 a.
158 845 232 894 Ouid.
252 845 321 894 Fani.
339 845 358 893 l.
378 842 436 894 all.
472 843 504 893 Et
520 849 580 892 lura
595 843 672 892 masa
688 842 721 891 ab
738 843 867 904 disparata
882 841 946 892 ibid.
966 844 1008 892 lll.
1028 844 1085 892 720.
1113 843 1202 892 indica

116 941 174 978 esse
192 926 284 989 turifer
299 927 375 976 ladas
391 925 519 976 declarat.
564 927 645 977 cuius
662 927 768 989 generis
785 926 856 976 baud
874 925 955 976 dubie
973 929 1015 976 est
1031 927 1112 976 etiam
1127 926 1204 988 Aar-

115 1013 167 1060 rias
183 1011 246 1060 odor
263 1008 334 1073 apud
353 1007 446 1059 Catuli.
465 1011 510 1070 68,
531 1009 586 1060 lia.
607 1012 634 1058 et
649 1010 746 1070 Assyrii
762 1011 850 1059 odorae
865 1023 908 1073 ap.
927 1009 984 1059 Tib.
997 1011 1017 1059 1,
1036 1008 1102 1068 3‚7.
1122 1023 1203 1073 quem

116 1093 226 1146 Orellius
244 1091 368 1152 contulit,
395 1093 441 1155 qui
466 1093 536 1156 apud
555 1092 737 1157 Lampridium
754 1107 779 1141 v.
800 1093 899 1156 lleliog.
918 1107 942 1142 c.
962 1093 1003 1142 30.
1022 1095 1110 1142 odoras
1125 1094 1205 1144 baia

116 1175 290 1242 appellantur.
325 1177 357 1225 Et
374 1175 438 1224 ibid.
457 1177 499 1226 lll.
519 1177 547 1236 i,
565 1175 607 1226 23.
637 1176 716 1239 [apud
733 1174 838 1238 Tibull.)
865 1175 949 1225 verba
967 1189 1030 1238 qaae
1045 1177 1121 1226 mittit
1137 1178 1206 1227 daca

115 1261 242 1312 Panchaia
266 1272 360 1309 merces
383 1260 480 1320 liaiqtta
503 1259 597 1310 Arabas
619 1260 723 1322 pinquis
748 1265 772 1309 et
795 1259 899 1320 Assyria
920 1273 953 1310 eo
977 1262 1064 1310 minus
1081 1260 1204 1309 dubitare

117 1346 265 1409 patiuntur,
292 1344 356 1405 quin
382 1355 487 1392 merces
513 1341 689 1404 intelligantur
714 1343 838 1402 indicna,
865 1356 935 1406 quae
961 1356 1011 1408 per
1030 1342 1204 1405 Babyloniam

116 1431 170 1479 sive
197 1427 336 1489 assyriam
361 1426 635 1490 Mesopotamiamque
662 1427 688 1476 in
706 1427 811 1488 Syriam
828 1425 1016 1489 deportantur,
1044 1440 1107 1476 cum
1124 1428 1205 1476 etiam

116 1513 254 1564 Petronius
273 1525 296 1560 c.
317 1511 373 1560 lla.
391 1525 417 1560 v.
437 1511 461 1560 9,
489 1510 514 1560 in
532 1523 574 1558 vv.
602 1509 707 1570 Assyria
723 1510 844 1559 coactam
860 1510 982 1560 madebat
997 1511 1067 1560 milas
1088 1512 1115 1558 ia
1135 1511 1206 1560 anda

116 1609 190 1646 marc
209 1596 346 1645 Persicum
363 1593 509 1656 significet,
529 1594 554 1644 in
573 1606 625 1656 quo
644 1595 692 1642 situ
711 1597 753 1644 ast
769 1593 854 1642 insula
870 1594 949 1658 Tylos
965 1594 1116 1658 otarqaritis
1132 1592 1207 1643 cele-

116 1680 234 1730 berrima
261 1677 335 1740 (Plin.
357 1678 388 1726 ll.
415 1678 445 1726 N.
466 1677 508 1726 Vl.
528 1677 567 1726 32.
588 1676 674 1726 strab.
703 1677 768 1726 llVl.
787 1677 832 1740 3.),
868 1679 913 1728 llis
936 1675 1001 1728 locis
1025 1678 1089 1728 mihi
1106 1677 1207 1742 proba·

116 1768 171 1822 tur,
195 1762 313 1822 Assyrias
328 1773 421 1809 maaca
437 1763 545 1810 omnino
563 1759 669 1822 intelligi
687 1773 735 1809 aas
751 1759 852 1818 solere.
871 1775 941 1825 quaa
958 1775 992 1810 ex
1009 1761 1082 1810 ludia
1101 1764 1128 1811 et
1144 1762 1206 1812 Asia

117 1845 206 1896 media
223 1843 351 1894 oriundae
368 1845 465 1908 partim
482 1857 531 1908 per
548 1857 624 1892 mara
636 1845 787 1903 Persicum.
811 1846 908 1908 partim
920 1845 1059 1895 itineribus
1072 1846 1208 1894 terrestri-

117 1932 167 1982 bus
184 1931 211 1979 in
229 1929 450 1992 Mesopotamiam
467 1928 626 1990 Syriamque
644 1927 810 1977 deiemntur.
847 1929 982 1977 Eiusmodi
1000 1929 1109 1996 φορτία
1126 1930 1207 1977 etiam

117 2013 158 2064 illa
171 2007 310 2081 Ἀσσύρια
327 2010 407 2060 luisse
425 2013 548 2075 apparet,
568 2009 666 2074 quibus
684 2012 829 2073 antiquitus
847 2013 889 2061 usi
907 2012 1054 2061 Phoenices
1071 2013 1209 2060 mercatu-

119 2111 175 2147 ram
200 2109 263 2146 cum
285 2096 392 2144 Graecis
417 2094 581 2144 exercebant
603 2095 635 2155 lv.
655 2094 753 2144 llerod.
773 2095 793 2144 l.
813 2095 857 2156 4.).
893 2095 925 2143 lit
949 2095 1075 2156 Assyriae
1101 2095 1209 2144 nomine

118 2195 169 2232 non
186 2179 269 2230 modo
286 2179 410 2240 Assyriae
428 2180 552 2241 propriae
566 2178 672 2241 (Herod.
687 2178 740 2227 Vll.
754 2177 819 2238 aa),
839 2177 888 2226 sed
900 2176 1062 2240 Babyloniae
1081 2178 1163 2227 etiam
1180 2181 1208 2226 et

119 2263 325 2328 Mesopotamiae
342 2260 454 2325 populos
472 2261 545 2324 (iliu.
565 2263 595 2310 H.
616 2263 645 2311 N.
665 2261 707 2310 v1.
721 2261 773 2321 30.)
792 2273 855 2309 cum
872 2261 936 2322 ipsis
949 2263 1023 2322 Syris
1040 2260 1103 2312 olim
1121 2273 1209 2323 aequa

119 2348 329 2412 comprehensos
346 2345 427 2395 luisse
445 2347 550 2395 constat
567 2347 647 2408 atque
666 2343 802 2394 communi
820 2343 928 2393 nomina
946 2344 1038 2405 Syriae
1055 2344 1209 2406 Mesopota-

119 2433 200 2482 miam
219 2433 300 2480 etiarn
318 2442 380 2480 cum
396 2427 542 2490 Babylonia
560 2431 587 2478 et
603 2427 711 2490 Assyria
730 2429 763 2490 (v.
783 2425 870 2476 strab.
889 2428 954 2477 xvl.
975 2430 998 2476 l.
1018 2439 1044 2491 p.
1064 2426 1112 2476 ³32
1129 2439 1207 2490 seqq.

120 2514 183 2565 Plin.
203 2515 233 2564 ll.
254 2516 284 2563 li.
304 2513 334 2562 V.
355 2512 415 2576 43.).

184 2598 230 2648 llis
248 2598 376 2660 expositis
391 2597 496 2657 Assyria
506 2597 617 2656 cardea,
635 2595 731 2656 Assyrii
742 2596 842 2656 odoras,
860 2595 990 2656 ,laynam
1001 2595 1073 2656 titio,
1093 2595 1211 2656 Ass-yrias

119 2687 245 2732 mator
269 2693 322 2730 non
347 2680 381 2729 ad
404 2681 509 2742 Syriam
531 2683 678 2744 portusque
703 2681 729 2728 et
747 2679 845 2743 oppida
862 2680 944 2729 maris
962 2679 1056 2728 interni
1073 2680 1209 2742 pertinere

119 2765 295 2824 ridebuntur,
314 2763 386 2813 unde
405 2776 511 2814 marces
529 2762 587 2813 illae
605 2763 631 2812 in
648 2761 751 2812 ltaliam
768 2762 956 2826 portabantur,
983 2762 1032 2812 sed
1050 2762 1085 2812 ad
1102 2776 1134 2812 ea
1151 2763 1208 2826 ipsa

120 2849 175 2899 loca
202 2849 341 2912 spectare,
377 2860 410 2896 ex
436 2847 533 2910 quibus
559 2847 652 2896 Gracci
676 2844 838 2911 plerumque
862 2849 1027 2897 mercatores
1052 2847 1080 2896 in
1105 2847 1210 2908 Syriam

120 2935 269 2997 propriam,
299 2931 365 2980 mari
390 2931 495 2980 interno
513 2932 540 2980 et
557 2931 690 2994 Euphrate
714 2931 900 2990 terminatam,
924 2929 1090 2979 deferebant.
1125 2931 1158 2980 Et
1174 2932 1209 2980 ita

119 3017 305 3065 mulctator-ian
316 3015 420 3076 Syriam
431 3015 513 3064 etiam
530 3015 557 3062 et
573 3027 647 3062 nacrac
663 3013 731 3074 Syra
750 3015 823 3075 (lior.
837 3012 884 3062 Od.
897 3014 917 3062 l.
931 3013 977 3072 dl,
991 3013 1042 3074 η.)
1060 3013 1095 3062 ad
1112 3014 1210 3066 eadem

121 3098 162 3148 illa
179 3099 238 3150 loca
257 3098 398 3148 reseranda
414 3100 518 3148 erunt.»
537 3099 696 3156 scamma,
717 3098 826 3158 Qaacatt.
839 3097 901 3145 lior.
916 3095 1108 3157 (Saarbrilclren
1127 3097 1209 3160 tall.)

122 3197 146 3246 r·
165 3183 180 3232 ⁸
198 3195 259 3245 suu-

217 4305 302 4351 llonar.
320 4317 375 4351 you.
393 4305 409 4352 l.
443 4317 480 4351 nn.
498 4316 576 4351 aaron
592 4303 626 4348 ill.
