2934 4884
493 371 594 422 trusa.
621 357 728 422 ‘caan
748 371 777 419 ν.

264 525 384 594 Abanta
409 525 497 593 nulla
517 526 594 593 Veia
616 526 814 593 conscientia

310 647 485 735 ligonibus
506 645 597 715 duris
619 647 752 713 humum

267 768 485 836 Exhauriebat
506 769 673 856 ingemens
693 766 874 844 laboribus,

306 893 380 970 Quo
401 899 515 978 posset
535 890 675 956 infossus
697 911 781 978 puer
945 963 949 971 ¹

266 1015 376 1100 Longo
398 1011 451 1077 die
473 1011 524 1078 bis
547 1023 662 1098 terque
684 1021 825 1077 mutatae
852 1011 944 1097 dapis

306 1133 445 1200 lnemori
467 1131 667 1220 spectaculo,

266 1256 346 1321 Cum
367 1254 565 1342 promineret
586 1273 657 1328 ore,
681 1263 837 1339 quantum
860 1262 985 1318 exstant
1007 1273 1092 1341 aqua
1143 1255 1190 1328 35,

309 1378 474 1463 Suspenso
495 1384 604 1442 mento
625 1393 781 1460 eorpora3

267 1497 406 1563 Exsuota
427 1495 472 1561 uti
495 1493 636 1561 medulla
658 1505 690 1561 et
711 1493 837 1560 aridum
860 1495 950 1562 ieeur

160 1648 203 1700 33.
221 1653 289 1697 teme
300 1648 353 1696 net
365 1647 426 1709 (non
437 1646 547 1708 libSed).
560 1673 588 1682 -
605 1645 646 1695 37.
659 1647 774 1695 Euareia
785 1645 818 1694 cd
836 1646 886 1708 (hio
896 1657 1030 1710 supersor.
1043 1650 1150 1714 sumto),

127 1722 194 1772 cod.
206 1722 306 1783 Divaei,
320 1722 423 1771 Bersm.
437 1733 520 1781 unus,
534 1719 654 1770 Lambini
665 1718 741 1784 aliu,
756 1721 872 1770 Pottierii
884 1724 1007 1784 octavus,
1020 1735 1075 1772 var.
1089 1721 1150 1775 lect.

125 1814 165 1856 ω,
185 1797 232 1846 nt:
259 1795 359 1845 limata
378 1797 439 1859 (una
457 1792 504 1844 litt.
524 1795 609 1856 erasa)
630 1791 660 1854 d,
691 1795 902 1844 naamitarum.
924 1809 1006 1857 unus,
1035 1797 1154 1848 Euromo

127 1870 195 1921 Cod.
214 1872 276 1932 lieg.
299 1871 372 1920 7977.
391 1872 449 1918 Sec.
471 1869 525 1919 iili.
547 1871 575 1918 et
592 1869 659 1929 Fen,
676 1869 787 1919 Exsectu
806 1868 847 1919 vel
868 1871 965 1922 Exacto
979 1869 1014 1932 β,
1038 1873 1154 1922 libertati

126 1944 237 1995 meeum
252 1945 286 2004 Β,
305 1945 404 1993 ilberto
423 1957 478 1992 var.
501 1942 562 1993 lect.
582 1957 614 2004 χ,
632 1943 679 1992 Ed.
702 1943 828 2004 locheri,
851 1943 970 2002 Aldinae5
991 1946 1091 1994 «Emesa
1111 1944 1153 1995 vel

125 2021 224 2070 lineata
238 2021 269 2068 N.
282 2019 405 2068 Heinsius
416 2018 443 2066 in
452 2030 499 2067 ora
511 2017 552 2068 sui
562 2015 737 2082 exemplaris»
750 2019 880 2076 Burrum,
896 2019 1153 2082 quireoepitb'mesu,

128 2096 222 2144 contra
239 2093 358 2143 bleineke
378 2093 485 2152 limesia,
505 2091 734 2154 quemadmodum
751 2095 792 2142 est
810 2093 836 2142 ln
859 2094 889 2142 N.
910 2094 1009 2142 Heinsii
1024 2093 1149 2146 Adversa.

94 2219 182 2267 sent.»
209 2217 300 2264 Senot.
328 2215 380 2264 Sat.
399 2213 426 2274 l,
446 2213 474 2273 8,
492 2212 539 2262 23ῑ
568 2213 622 2262 Vidi
657 2226 709 2262 neo
720 2213 771 2262 ΗΡ.
784 2225 871 2274 ruens,
891 2226 941 2262 nec
956 2213 1072 2276 denique
1086 2214 1184 2264 Heinsil

94 2295 191 2354 eueniet
201 2291 278 2353 niqra
287 2289 439 2338 medactum
448 2289 541 2336 undere
550 2287 622 2348 pauo
658 2289 686 2336 et
696 2285 806 2337 Bentleii
817 2289 942 2348 Laurens,
962 2289 1010 2336 elsi
1022 2287 1073 2337 hoo
1085 2288 1183 2338 Latinis

95 2364 237 2415 Canidiarn.
257 2389 287 2398 -
305 2361 419 2424 Sasona]
438 2362 511 2410 lieno
523 2360 622 2410 venesi-
658 2361 805 2412 admodum
818 2361 945 2424 irequens
961 2363 1002 2412 est
1018 2363 1074 2426 apri
1090 2361 1187 2412 ἐντίθε-

94 2452 169 2494 aam.
199 2437 324 2486 Canidiae
350 2436 462 2496 sociam,
489 2435 623 2484 memorat
657 2450 717 2486 τον.
745 2435 871 2500 Exempla
889 2435 993 2500 collegit
1011 2437 1134 2487 Heinsius
1151 2438 1185 2487 ad

94 2514 177 2564 etiam
195 2513 248 2561 Sat.
268 2512 295 2571 4,
313 2511 343 2568 8,
362 2511 403 2559 25.
428 2536 456 2545 -
479 2523 528 2570 ner
544 2514 623 2558 totam
659 2510 732 2559 ou'd.
753 2511 821 2560 Fest.
840 2513 870 2570 i,
889 2511 947 2560 ait.
968 2537 997 2548 -
1014 2511 1111 2561 abacto
1122 2513 1186 2575 cet]

94 2586 207 2650 murrea]
218 2585 265 2635 ubi
277 2584 373 2649 philtra
385 2583 578 2647 coquebantur.
592 2607 619 2618 —
660 2582 750 2633 «Nulla
770 2585 930 2634 conscientia
958 2587 1028 2646 eius,
1056 2586 1129 2647 quod
1145 2587 1186 2635 ius

93 2661 243 2724 Arenata]
273 2671 392 2723 «equam
424 2655 561 2708 lustralem
589 2669 622 2705 ex
659 2658 752 2722 fasque
765 2662 814 2719 est,
829 2658 898 2709 nulla
912 2661 1043 2723 cogitatio,
1057 2661 1187 2722 quantum

94 2735 220 2788 maletlou
247 2734 344 2784 Averni
376 2731 436 2782 lecu
466 2731 621 2782 haustam.»
659 2731 748 2782 scelus
768 2737 839 2784 esset
863 2735 1052 2796 commissura,
1079 2735 1185 2782 tertiam

94 2811 167 2872 virg.
181 2811 247 2858 Aen.
260 2807 291 2867 l,
310 2809 372 2857 bii:
391 2807 527 2868 Sparserat
542 2809 566 2854 et
581 2806 622 2854 ln-
659 2807 739 2856 istum
756 2821 848 2870 sagam
863 2821 878 2857 a
895 2810 1032 2872 proposito
1044 2807 1183 2857 deterrere

94 2886 154 2934 lices
164 2883 295 2932 mammos
303 2882 380 2945 sontis
390 2881 494 2939 Auemi3
511 2879 538 2928 id
549 2880 623 2943 quod
659 2883 790 2943 poterat.»
803 2909 830 2918 -
840 2882 943 2932 humma
951 2881 1132 2945 Esbouriabet]
1146 2883 1187 2932 uin

95 2959 129 3009 ad
160 2955 350 3020 complendum
378 2957 458 3005 ritum
488 2955 623 3017 magicum
660 2953 1188 3018 domusimpluvioscrobemiaoiebat‚in

95 3031 256 3096 pertinebat.
271 3030 333 3093 (Cir,
344 3029 475 3092 imprimis
484 3029 622 3090 Manius
661 3040 742 3090 quem
755 3041 869 3092 puerum
885 3030 1052 3080 deroderet.»
1071 3061 1098 3068 —
1115 3033 1187 3094 iune-

96 3106 138 3164 il,
152 3106 187 3154 2:
202 3096 252 3153 Ἠν
259 3102 292 3154 δέ
300 3117 357 3153 που
366 3101 417 3167 τῆς
423 3097 543 3164 Ἰταλίας
549 3097 624 3150 κατὰ
659 3102 736 3165 oreas]
749 3101 898 3152 nannenus
913 3107 1026 3167 propter
1036 3102 1185 3156 laborem„

94 3180 149 3244 τὴν
163 3177 294 3245 μεγάλην
307 3173 430 3228 Ἐλλάδα
446 3178 510 3247 περὶ
521 3175 625 3241 λίμνην
661 3178 704 3225 Sic
721 3177 782 3225 Tac.
803 3178 891 3226 Germ.
906 3177 952 3227 lii:
971 3179 1097 3240 insternere
1108 3182 1186 3242 noris.

86 3245 625 3325 Ἄορνονοῧτωκαλονμένηνμαντεϊον
694 3249 793 3300 33-36.
821 3250 918 3314 botryo]
936 3253 1016 3312 lunge
1037 3252 1111 3314 longo
1132 3253 1185 3312 dte,

97 3316 219 3400 ἄντρον,
256 3329 306 3377 καὶ
336 3323 546 3398 θεραπευτῆρες
572 3321 625 3375 τοῦ
663 3325 723 3388 equi
746 3325 858 3388 propter
873 3325 930 3388 ipsa
947 3325 1015 3374 haec
1032 3337 1114 3375 saeva
1132 3327 1188 3374 tor-

94 3400 203 3475 ἄντρον
214 3397 317 3473 ἅνδρες
327 3404 504 3468 ψυχαγωγοὶ
514 3399 587 3465 κτλ.)
662 3401 752 3449 menta
775 3397 868 3460 longus
891 3410 975 3460 puero
994 3398 1079 3447 videri
1101 3398 1187 3448 debe-

126 3479 234 3530 27-32.
255 3479 348 3528 Horret
357 3478 456 3540 cupillis
465 3477 577 3538 asperis,
596 3481 625 3526 ut
661 3473 732 3532 baba
752 3484 818 3534 non,
837 3471 933 3521 utalii:
952 3473 1184 3535 lonqospeetuoulu.

95 3555 197 3605 echinata
211 3553 328 3602 murium
353 3552 499 3615 (Meeriyel,
527 3550 625 3615 ouran)
664 3576 690 3583 -
717 3546 754 3594 ln's
779 3546 872 3609 toruae]
899 3545 966 3594 «cibi
992 3546 1054 3594 novi
1080 3549 1186 3611 saepius

94 3628 346 3692 spinismpersetis.
362 3654 389 3663 -
402 3625 514 3688 wear]
533 3625 627 3675 dalda-
660 3635 710 3685 per
738 3619 811 3670 diem
841 3621 953 3683 appositi
986 3620 1185 3685 identidemque

93 3718 147 3752 τον
154 3702 286 3765 imprimis
295 3703 387 3764 aptum
396 3703 506 3764 propter
514 3712 625 3763 compa·
660 3695 770 3756 sublati,
792 3708 846 3758 quo
863 3696 1005 3745 acueretur
1021 3695 1098 3759 pueri
1116 3695 1186 3744 lame

94 3772 624 3838 rationemeumsagunaitidemdomum
660 3771 747 3820 enecti
765 3770 902 3820 aviditas.»
930 3770 988 3820 «no
1003 3775 1089 3832 terque
1105 3769 1187 3832 sigui-

93 3852 280 3916 peruurrente.
297 3850 368 3911 Virg.
378 3852 444 3898 Aen.
456 3850 480 3908 l,
491 3846 553 3899 sal:
566 3861 625 3909 spu-
660 3845 722 3893 licat
738 3845 859 3907 saepius,
879 3844 916 3893 bia
928 3849 994 3893 terne
1007 3843 1084 3908 (lid.)
1098 3857 1185 3893 raro.»

93 3925 190 3976 montis
200 3925 259 3986 apri
269 3937 371 3973 cursum
382 3923 492 3972 clamore
504 3935 624 3985 pamma-
659 3919 752 3968 nam.
766 3945 793 3954 -·
802 3917 919 3980 lneuori]
931 3917 1013 3968 Nobis
1025 3931 1096 3968 nuno
1108 3907 1187 3980 ἅπαξ

95 4006 152 4051 um.
178 3999 253 4049 ovid.
277 3997 390 4048 llalient.
410 3997 451 4047 60.
476 3997 523 4046 ll.:
549 3996 624 4045 Actus
659 3987 815 4058 λεγόμενον
824 4004 873 4054 pro
886 3991 996 4041 irnmori.
1016 4021 1043 4028 -
1061 3993 1187 4054 Suspenso

95 4087 160 4137 uper
184 4074 242 4124 setis
264 4074 333 4123 irorn
349 4073 479 4122 deamtiat
503 4071 576 4120 hirtis
590 4071 624 4120 nt
658 4064 1008 4129 meato]«quemadmodum
1021 4065 1185 4115 nantesindo

94 4150 148 4200 ruit
164 4148 272 4210 oppositi
287 4148 368 4196 niteas
382 4147 411 4195 io
424 4145 529 4196 odana
549 4146 621 4208 serit
659 4156 674 4192 a
691 4142 782 4191 mento
798 4141 902 4189 exstant
919 4153 1004 4204 aquae
1017 4139 1185 4204 superficie.»

96 4249 125 4259 -
152 4221 220 4272 Nihil
242 4235 310 4286 opus
331 4220 501 4271 Praediirorrii
523 4223 623 4269 eertum
693 4216 733 4265 37.
762 4214 802 4264 38.
836 4213 964 4275 Ensuetu]
993 4215 1030 4264 Ex
1060 4214 1185 4266 omnibus

181 4312 275 4360 Home.
291 4323 347 4359 von.
364 4312 381 4358 i.
411 4323 451 4358 en.
467 4322 546 4358 reiron
562 4309 598 4355 lii.
989 4305 1016 4353 ta
