2934 4884
534 268 593 317 litii.
614 269 654 316 tv,
691 271 720 318 C.
743 270 785 318 lV.

359 423 493 490 Pertulit
514 423 673 488 Ausonias
698 424 740 489 ad
763 423 877 499 urbm,

274 565 370 629 Duris
392 573 427 629 ut
449 563 511 629 ilex
534 573 626 630 tonsa
647 561 842 650 bipennibus

274 687 389 772 Nigrae
411 684 508 751 feraci
532 682 652 750 frondis
676 685 708 750 in
729 684 861 770 Algido,

315 809 378 872 Per
400 807 531 882 damna,
555 826 615 892 per
637 805 771 881 caedes,
795 805 836 872 ab
858 806 929 894 ipso

359 928 453 994 Ducit
475 947 556 1014 opes
580 927 790 1015 animumque
812 929 907 994 lerro.

273 1069 342 1132 Non
363 1065 469 1156 hydra
490 1077 579 1133 secto
603 1087 741 1153 corpore
763 1067 885 1133 lirmior

277 1187 364 1254 Vinci
386 1187 549 1254 dolentem
571 1189 671 1256 crevit
694 1189 725 1253 in
750 1188 939 1264 Herculem,

323 1311 541 1376 Monstrumve
569 1308 753 1376 submisere
775 1308 884 1376 Colchi

211 1453 252 1502 56.
278 1452 381 1502 Pertulit
402 1453 437 1502 od
458 1453 566 1502 dauniae
587 1451 661 1503 urbes
683 1455 752 1503 miro
769 1465 860 1503 errore
877 1453 906 1502 i.
922 1477 948 1488 -
963 1454 1004 1504 tte.
1024 1453 1105 1504 almeo
1121 1456 1150 1504 T.
1170 1481 1198 1493 -

177 1527 219 1575 60.
237 1527 382 1589 animosque
398 1541 443 1586 vx.
464 1528 559 1588 (Nostri
576 1529 648 1590 non.)

145 1643 327 1711 λαμφύλλοις
365 1645 475 1698 δέδεται
513 1651 666 1719 κορυφαῖς.
707 1645 777 1698 Felix
799 1649 840 1697 20.
865 1649 973 1710 bpdrcm
995 1649 1106 1713 [elimenta
1123 1650 1235 1700 coimm-

144 1723 250 1772 Etenim
268 1735 282 1771 e
300 1722 442 1786 longinquo
453 1722 552 1774 virides
563 1725 668 1774 montes
707 1723 752 1772 bin
767 1728 936 1774 marcentem
946 1723 1019 1774 dixit.
1043 1724 1120 1775 idem
1131 1725 1233 1776 dictum

145 1796 214 1858 nigri
236 1796 368 1846 videntur.
396 1821 423 1832 -
450 1797 552 1861 Atqicio]
577 1799 667 1847 monte
707 1797 811 1859 Pyrrho
839 1797 963 1847 tribuitur
988 1811 1003 1848 e
1029 1799 1122 1849 Cassio
1149 1801 1233 1850 Dione

145 1871 226 1930 leutii,
246 1871 344 1920 Dianae
362 1885 448 1922 sucro.
706 1871 769 1921 Exc.
782 1871 840 1920 Vat.
854 1883 880 1933 p.
895 1871 935 1920 30.
949 1871 1031 1935 Lips:
1050 1866 1091 1934 ὥς
1101 1867 1137 1921 τὸ
1148 1870 1235 1943 στρά-

176 1944 218 1993 59.
238 1945 278 1994 60.
297 1945 343 1995 Per
360 1947 465 2009 domno]
485 1945 538 1996 Cir.
556 1947 669 1996 Kartha-
705 1959 799 2010 τευμα
828 1942 880 1995 τοῦ
915 1944 1057 2005 Λαβινίου
1093 1948 1232 2010 (Laevini)

145 2018 304 2080 giniensium
322 2017 438 2069 lamenta
455 2019 526 2083 apud
552 2022 607 2070 Liv.
626 2021 666 2082 29,
707 2015 802 2087 πολλῷ
821 2018 919 2068 πλεῖον
935 2017 988 2069 τοῦ
1005 2016 1133 2106 πρόσθεν
1149 2015 1232 2081 siden,

144 2093 176 2142 3:
195 2093 246 2142 litis
258 2093 396 2155 (Romanis)
416 2095 667 2160 ltcniunamptebem,
700 2086 799 2164 Ὕδρας
820 2088 879 2159 ἔφη
901 2092 984 2158 δίκην
1000 2107 1037 2143 τα
1054 2090 1234 2163 στρατόπεδα

143 2167 193 2215 illis
217 2169 318 2216 Latium
345 2169 496 2218 iuventutem
525 2171 670 2232 praebuisse
706 2166 763 2218 τῶν
771 2160 1123 2233 Ῥωμαίωνᾶναφύεσθαι.
1139 2171 1233 2220 imma

142 2242 266 2291 nociorem
300 2255 396 2305 semper
429 2243 670 2306 frequentioremque
706 2243 923 2304 Florol‚l8‚49:
943 2243 1235 2305 «Videomeptcnetier-

139 2330 190 2379 pro
207 2321 242 2366 tot
259 2317 337 2366 caesis
355 2319 505 2368 meremini
520 2319 670 2370 nihelomen-
705 2319 768 2368 culis
778 2319 858 2367 sidere
872 2322 1046 2378 murenam,
1063 2320 1105 2366 cni
1117 2318 1190 2378 quast
1201 2320 1234 2368 od

142 2395 200 2440 tem
219 2388 349 2454 Sulpiciae
368 2393 420 2442 Sat.
440 2392 486 2443 tt:
506 2395 669 2456 Quoslvete-
706 2405 789 2456 cuque
818 2393 929 2441 Lentceo
958 2395 994 2441 tot
1023 2405 1099 2442 coece
1127 2393 1235 2442 mittun

143 2467 196 2526 res)
209 2465 274 2515 inter
286 2466 366 2527 prisci
381 2467 502 2517 sententio
513 2469 556 2518 dic
568 2469 669 2518 Catonia
706 2467 794 2528 capito
810 2467 840 2515 dc
850 2466 974 2529 sanquine
984 2479 1029 2516 nto
1039 2471 1233 2516 renascentur.»

142 2540 215 2589 Scire
234 2540 296 2590 odeo
316 2543 403 2603 meqni
422 2541 529 2605 fecisset,
552 2548 669 2594 utrumne
709 2568 736 2576 —
750 2538 879 2590 Hercules
898 2539 1013 2603 hydram
1025 2540 1181 2590 interimens
1193 2544 1235 2592 est

141 2615 266 2674 secundis,
292 2615 331 2664 An
354 2617 436 2679 mcqis
460 2619 572 2666 adverus
591 2623 669 2668 staret
707 2617 732 2664 in
761 2627 825 2666 vase
853 2615 925 2678 picto
953 2613 1024 2678 apud
1053 2614 1173 2665 Gerherd
1202 2617 1230 2665 T.

141 2691 258 2739 Ronmnc
275 2703 407 2752 propaqo:
434 2691 532 2742 Scilicet
548 2693 667 2742 aduersu.
706 2689 797 2750 XCV„
828 2687 874 2738 ubi
899 2702 998 2739 novem
1024 2689 1106 2739 habet
1131 2689 1231 2752 capite,

145 2789 172 2800 —
194 2764 277 2828 Ducit]
299 2765 439 2828 «acquirit,
458 2767 551 2826 sumit;
575 2765 669 2816 laetior
707 2767 788 2826 atque
816 2764 946 2827 imprimis
976 2764 1004 2815 T.
1032 2764 1176 2824 cxlviii,
1206 2763 1233 2812 in

142 2839 308 2889 revirescit.»
329 2866 357 2874 -
375 2840 544 2905 animmque]
567 2839 666 2891 «Codd.
707 2849 761 2902 qua
778 2837 989 2901 pulcherrimum
1006 2840 1156 2890 monstrum
1167 2837 1235 2888 duo-

142 2914 198 2964 duo
220 2915 377 2976 animosum
405 2916 440 2964 ite
461 2928 574 2979 prorsus
596 2917 666 2978 virg.
706 2912 796 2962 decim
812 2913 887 2962 heroi
899 2913 1036 2962 minitatur
1048 2912 1188 2976 capitibus.
1203 2939 1232 2948 -

141 2991 209 3039 Aen.
223 2989 252 3050 2,
267 2989 329 3039 799:
350 2991 461 3052 Undique
470 3004 605 3040 convenere
615 2992 671 3040 ani-
710 2987 778 3036 Vinci
795 2987 924 3049 dobnmnt]
945 3001 1025 3052 iprae
1042 2986 1134 3037 dolore
1151 2988 1232 3050 atque

140 3065 191 3112 mis
201 3063 336 3126 opibusque
348 3066 447 3127 parati.
467 3066 567 3114 Tamen
577 3064 669 3129 plures
706 3059 885 3122 indignatione
907 3060 1079 3122 trementem,
1107 3061 1181 3125 quod
1203 3074 1232 3111 se

142 3139 186 3188 hic
213 3140 241 3188 et
265 3140 428 3202 antiquiores
457 3141 611 3204 sequimur,
641 3141 671 3190 ut
706 3148 721 3184 a
744 3133 788 3184 lali
810 3138 931 3184 monstro
954 3149 1039 3198 prope
1063 3137 1133 3185 vinci
1154 3134 1233 3184 vide-

143 3211 244 3262 Caeser
264 3213 293 3262 B.
317 3216 345 3264 G.
370 3214 398 3273 7,
425 3215 469 3264 to:
501 3227 632 3276 comesque
648 3219 671 3263 et
707 3211 774 3258 ret.»
795 3237 822 3246 -
841 3208 925 3271 meet]
946 3206 1083 3258 «Pluribus
1101 3207 1232 3271 capitibus

141 3287 231 3336 anicio
242 3291 266 3336 et
282 3287 369 3350 optior
384 3289 410 3337 in
427 3289 453 3337 id
470 3289 559 3338 bcttmn
575 3290 671 3338 tncum-
706 3287 784 3334 aucta
794 3283 933 3346 captisque
945 3281 1007 3331 inde
1017 3294 1125 3345 semper
1135 3282 1233 3331 virium

142 3360 236 3412 beream
271 3363 339 3412 Sene
365 3363 488 3414 Horatius
512 3364 670 3413 varietatem
706 3358 879 3408 incrementis
891 3355 1021 3406 adversus
1033 3353 1176 3404 Herculem
1187 3367 1233 3404 se-

142 3437 250 3486 numeri
267 3437 373 3488 videtur·
389 3435 477 3488 studio
500 3439 670 3488 consectatus
707 3429 1233 3492 secitulit.»—mtmeereimnumpost

143 3522 219 3572 esse,
247 3512 380 3576 utsupra
404 3513 451 3562 0d.
470 3511 500 3574 l,
523 3513 552 3574 i,
575 3513 619 3562 22:
648 3515 671 3560 et
707 3507 822 3558 alterum
846 3504 1017 3570 protulerim
1047 3505 1077 3552 ut
1100 3497 1232 3568 ἀνάπέμ·

142 3587 209 3636 vires
225 3587 387 3649 animumque
400 3600 529 3649 moresque
541 3589 605 3646 cet,
624 3584 670 3636 ubi
707 3597 779 3634 neto.
798 3583 903 3632 Luccei.
923 3581 995 3642 t‚8:
1018 3579 1089 3629 tetius
1104 3578 1233 3628 &emitti

143 3659 231 3722 potuit
246 3661 346 3724 pariter
363 3662 534 3724 unioneque.»
551 3662 643 3711 Burri..
706 3663 789 3725 stores
820 3659 940 3720 propert.
960 3656 988 3714 t,
1007 3655 1039 3715 ἢ,
1056 3653 1086 3702 9:
1113 3652 1234 3704 manieti

176 3733 266 3785 iti-ot.
286 3735 352 3786 Vide
370 3736 572 3787 Excursumlll.
587 3762 614 3770 -
627 3735 671 3796 tq-
707 3735 796 3784 nterim
820 3732 932 3794 tornmm
957 3730 1058 3779 colores.
1088 3755 1115 3764 -
1141 3725 1231 3789 Cotciti]

143 3808 200 3872 circ]
218 3809 308 3873 Eurip.
333 3812 412 3861 Herc.
431 3810 481 3861 tur.
504 3809 582 3860 tuit:
610 3805 670 3874 Τήν
707 3809 772 3860 satis
795 3807 829 3856 ab
850 3808 945 3856 iasone
967 3803 1092 3854 dentibus
1109 3801 1233 3851 draconis

144 3881 164 3930 τ’
182 3875 369 3954 ἀμφίκρανον
392 3884 441 3935 καὶ
465 3881 668 3948 παλιμβλαστῆ
707 3881 841 3933 acedmo
857 3879 1024 3943 interempti,
1037 3876 1231 3941 quositiuerva

142 3952 218 4006 κύνα
229 3949 328 4030 Ὕδραν
339 3956 495 4022 φονεύσας.
518 3959 592 4010 Ouid.
606 3959 666 4012 Met.
707 3958 806 4008 Aeetae
827 3954 981 4005 donaverat.
1011 3949 1130 4014 Apollod.
1149 3951 1178 4009 t,
1200 3947 1228 4008 9,

143 4035 171 4094 9,
191 4034 231 4084 69.
251 4035 354 4085 Seneca
371 4035 449 4086 Herc.
462 4034 513 4085 tur.
527 4033 571 4083 53⁴
585 4048 589 4080 :
609 4033 670 4084 Ser·
707 4031 749 4082 23.
761 4058 789 4067 -
802 4027 945 4091 Ecliionice]
963 4027 1076 4084 Echion,
1095 4036 1165 4075 uuus
1176 4024 1232 4073 ter-

140 4109 223 4171 pentis
234 4115 324 4160 resecet
335 4109 400 4160 collo
414 4109 520 4173 feodo.
540 4107 670 4162 Minucius
707 4107 859 4170 rigenarum
876 4099 944 4167 (τῶν
961 4096 1105 4173 σπαρτῶν)
1123 4113 1157 4150 ex
1167 4097 1231 4148 dra-
