2934 4884
265 323 327 387 iiio
651 325 780 374 nonani
798 325 967 377 cnnuruuu

391 482 458 547 Sub
481 502 580 568 regno
603 469 749 548 Cinarae.
793 481 928 556 Desine,
951 480 1094 548 dulcium

349 639 449 704 Mater
470 657 567 702 saeva
590 637 798 724 Cupidinum,

392 759 486 825 Circa
507 757 607 824 lustra
629 758 744 825 decem
765 757 898 825 llectere
920 757 1070 824 mollibus
1141 851 1145 857 Ι

348 883 415 946 lam
437 880 554 946 durum
576 879 735 966 imperiis:
760 878 830 955 abi,

394 1002 465 1080 Quo
489 998 626 1066 blandae
649 999 802 1066 iuvenum
823 1010 855 1067 te
877 1009 1029 1066 revocant
1056 1019 1181 1087 preces

352 1158 585 1246 Tempestlviua
608 1157 639 1224 in
662 1155 795 1223 domum

330 1384 354 1435 4.
373 1385 491 1446 Cnnorno
508 1381 602 1443 Aldus,
621 1383 681 1432 LCt.
703 1409 729 1417 —
753 1383 778 1430 9.
796 1382 869 1432 domo
892 1379 1022 1441 abanet.
1041 1381 1152 1444 (dmm
1167 1397 1191 1443 e,
1214 1379 1325 1448 βκξω,χ

298 1459 390 1510 ducet
406 1461 466 1510 octo
478 1457 603 1518 Pottierii‚
620 1457 683 1506 item
699 1453 853 1518 Bentleius.)

266 1661 414 1725 significare
432 1674 482 1711 nec
503 1659 675 1725 «pulchrae»,
693 1660 723 1708 ut
741 1657 796 1709 volt
830 1657 926 1722 wan]
951 1659 1198 1722 Quinquagenarius
1231 1662 1286 1712 iam
1302 1666 1358 1712 erat

266 1736 436 1786 Ruhnkenius
456 1735 490 1785 ad
516 1735 574 1785 Ter.
597 1735 704 1785 Phorm.
723 1735 751 1795 4,
763 1733 794 1792 2,
832 1732 956 1783 Horatius
973 1746 998 1783 a.
1016 1747 1042 1783 u.
1062 1748 1086 1784 e.
1105 1733 1161 1784 739.

268 1811 325 1871 57„
345 1823 395 1860 nac
414 1810 483 1860 «vita
502 1809 675 1870 defunctam,
693 1809 723 1857 ut
740 1808 796 1871 opi·
864 1807 889 1855 ’4.
910 1807 1016 1871 duram]
1036 1810 1207 1858 «tenerorum
1229 1821 1359 1860 sensuum

269 1886 348 1934 natur
365 1885 416 1935 ΗΡ.
441 1913 468 1921 -
498 1884 620 1948 Cinarae]
647 1884 703 1934 iloc
726 1885 795 1932 inter
832 1881 885 1930 iam
897 1882 986 1932 minus
998 1895 1152 1946 capacem.»
1170 1884 1201 1933 ln
1212 1885 1359 1936 venatione

269 1961 308 2008 tot
324 1960 470 2010 amicarum
492 1959 553 2010 ficta
571 1959 676 2008 nomina
701 1956 793 2020 (Lyde,
831 1953 948 2005 acvelut
964 1958 1133 2020 oppositione
1148 1957 1361 2010 inicerem-

268 2033 368 2096 Lydia,
395 2032 502 2096 Lalage,
529 2030 643 2094 Pholott,
670 2030 793 2094 Glycera,
830 2030 1042 2080 va--motttou
1061 2033 1209 2082 haeserunt
1225 2033 1361 2098 interpre-

270 2107 331 2170 cet.)
357 2120 453 2158 verum
479 2109 521 2157 est
538 2119 637 2156 noman
654 2104 795 2155 libertinae
831 2106 873 2154 tes
890 2103 1016 2156 nonnulli.
1052 2106 1153 2156 Verum
1168 2119 1195 2156 v.
1214 2121 1296 2157 scaro
1312 2123 1361 2172 oe

269 2181 303 2230 nb
337 2181 444 2232 lioratio
475 2179 617 2244 aliquando
647 2193 680 2229 ex
704 2181 795 2230 animo
832 2179 940 2241 ponitur
955 2179 1094 2230 dumtaxat
1108 2194 1134 2230 v.
1148 2181 1277 2241 dedalum
1297 2197 1361 2233 euru

268 2257 385 2317 amatae,
410 2255 485 2306 cuius
506 2257 607 2318 gratam
630 2255 795 2304 mentionem
831 2263 882 2315 per
897 2265 927 2302 se
945 2251 1038 2304 dulces
1054 2255 1107 2305 sint
1129 2268 1251 2314 amores,
1281 2269 1359 2306 suam

269 2327 331 2378 lecit
343 2329 423 2378 etiam
440 2328 531 2388 Odi,
545 2328 590 2390 43,
604 2329 631 2378 ai
648 2341 707 2392 sqq.
726 2328 792 2390 Epp.
832 2327 970 2378 saevitiam
995 2331 1076 2392 atque
1102 2329 1311 2380 amaritudinem
1328 2331 1359 2380 iis

270 2403 294 2460 4,
307 2403 331 2464 7,
346 2403 386 2453 28.
407 2403 435 2463 4,
450 2403 489 2464 44,
503 2403 561 2464 33.,
580 2415 630 2451 nee
642 2405 731 2451 tamen
743 2415 795 2450 un·
831 2402 966 2451 immiscet
975 2401 1084 2462 Venus;
1109 2405 1202 2453 oontm
1219 2418 1246 2454 v.
1267 2406 1361 2454 m

269 2489 351 2539 quam
374 2475 498 2539 singulari
520 2477 639 2526 carmine
661 2476 719 2525 eius
736 2474 795 2524 lau·
832 2476 975 2538 opponitur
990 2475 1124 2526 vocabulo
1140 2477 1272 2536 mollitum
1302 2477 1361 2528 tali-

269 2549 318 2599 des
345 2548 507 2610 celebravit,
538 2548 581 2599 vel
605 2551 717 2613 propter
741 2550 794 2600 hoc
831 2548 883 2597 bus
896 2549 1230 2612 enimimperiisnuncuti
1243 2567 1359 2605 necesso

269 2623 372 2685 ipsum,
400 2622 473 2686 quod
494 2635 558 2672 vcra
580 2625 637 2672 erat
660 2635 793 2686 persona:
831 2623 873 2671 est
897 2622 979 2682 deae,
1011 2623 1034 2674 si
1059 2621 1165 2674 allicere
1188 2623 1245 2676 volt
1270 2629 1360 2678 minus

269 2695 350 2746 talem
367 2700 457 2747 autam
475 2711 508 2746 ex
524 2697 698 2746 meretricum
715 2696 795 2746 libar-
831 2697 885 2745 iam
899 2709 1016 2760 pronum
1031 2697 1066 2747 ad
1082 2711 1197 2748 amores.
1221 2701 1290 2750 Tota
1312 2714 1360 2751 an·

271 2771 385 2820 tinarurn
411 2770 490 2819 turba
516 2770 599 2833 ipsius
620 2771 728 2819 nomine
750 2784 795 2820 ee-
831 2773 887 2819 tem
904 2771 992 2834 imago
1009 2773 1121 2836 repetita
1139 2775 1182 2823 est
1197 2771 1232 2823 ab
1250 2777 1360 2838 equita-

269 2843 375 2894 lebrare
404 2843 482 2893 nimis
516 2842 610 2893 luisset
641 2842 792 2894 ridiculum.
831 2847 920 2903 tione3
948 2846 1023 2908 equis
1049 2847 1121 2896 euim
1144 2860 1175 2897 os
1191 2849 1239 2897 aut
1263 2851 1357 2900 durum

270 2918 398 2981 (Eandem
421 2917 501 2968 luisse
525 2917 670 2966 arbitratur
686 2921 713 2968 et
731 2931 794 2968 cum
832 2919 961 2969 autntotto
972 2919 1110 2979 tribuitur,
1128 2923 1208 2984 prout
1223 2921 1357 2986 velaegrc

270 2991 383 3055 Glycera
393 2995 420 3042 el
429 3005 492 3042 cum
500 2990 795 3055 LalageWeberiioroz
831 2993 874 3043 vel
895 2992 971 3044 facile
995 2993 1071 3044 freno
1092 2997 1239 3059 flectemur,
1257 3011 1358 3061 regun-

270 3080 296 3130 p.
315 3065 375 3127 87.,
395 3069 424 3116 ut
436 3067 461 3116 in
472 3064 546 3117 hisce
559 3067 696 3118 amoribus
707 3067 796 3118 solent
831 3070 883 3117 tur.
904 3095 932 3104 -
949 3068 1078 3132 reuocant]
1097 3081 1127 3117 «a
1144 3083 1189 3119 me
1206 3069 1242 3119 ad
1259 3083 1291 3121 sa
1310 3074 1358 3136 (re-

270 3139 405 3203 indulgere
429 3140 607 3206 opinabilibus
630 3143 795 3193 recentiores
832 3143 957 3207 bersum)
984 3145 1096 3204 vocant,
1128 3143 1175 3192 ubi
1200 3144 1248 3194 tibi
1273 3147 1357 3210 aptior

271 3218 439 3280 interpretes.
475 3218 602 3268 Ceterum
636 3219 795 3282 scripturam
831 3215 907 3267 loeus
932 3229 1013 3280 quam
1035 3217 1108 3281 apud
1125 3231 1197 3268 me.»
1231 3219 1290 3268 Non
1307 3223 1355 3278 est,

271 3291 376 3352 Cunero
398 3291 471 3341 idem
492 3292 611 3356 praefert
629 3305 655 3356 p.
675 3293 715 3343 88.
739 3293 792 3343 Cir.
831 3293 861 3340 ut
886 3288 929 3339 alii
953 3289 1060 3352 volunt,
1091 3291 1205 3342 «iterum
1229 3295 1355 3351 vocant»,

271 3366 346 3415 iistre
365 3366 426 3416 lior.
440 3369 482 3416 Pr.
502 3381 527 3431 p.
542 3366 599 3416 523.
617 3365 735 3417 Alteram
752 3365 797 3415 tir-
833 3377 934 3427 neque,
962 3369 992 3414 ut
1008 3379 1102 3417 rursus
1119 3364 1175 3426 alii,
1202 3365 1358 3430 simpliciter

271 3440 345 3488 mant
362 3439 445 3490 Codd.
467 3441 520 3490 mei
536 3440 722 3503 antiquissimi.
744 3441 795 3490 Κι-
830 3453 881 3503 pro
897 3445 989 3488 vocant
1004 3439 1129 3503 positum.

270 3509 345 3582 νάρα
354 3515 475 3563 autems.
486 3509 605 3583 κυνάρα,
618 3513 796 3578 Artiscloluke.)
865 3513 889 3561 9.
918 3514 957 3563 40.
992 3513 1178 3578 Tempostioius]
1210 3515 1357 3577 «opportu-

304 3587 327 3636 5.
342 3587 366 3635 e.
385 3586 476 3650 Matar]
489 3587 640 3638 versiculus
649 3587 738 3648 0d.t,
754 3589 793 3650 49,
832 3587 891 3636 nius
909 3600 941 3636 ae
958 3585 1124 3637 decentius.»
1143 3613 1173 3623 -
1202 3588 1230 3636 in
1246 3588 1357 3652 domum]

271 3661 294 3708 4.
313 3659 490 3710 hicconsulto
505 3663 642 3724 repetitur.
655 3661 797 3712 Philostra-
834 3661 896 3710 «Sic
919 3658 1081 3722 legendum,
1112 3675 1166 3711 non
1191 3662 1282 3719 domo,
1312 3662 1357 3711 vel

271 3733 630 3797 tolmagg.t‚d.p.383.li.
650 3735 795 3800 Cupidines
832 3735 942 3798 propter
966 3733 1030 3783 illud
1051 3733 1103 3783 clos
1127 3734 1255 3796 οῐοήὺω,
1284 3736 1358 3797 quod

272 3810 379 3871 praeter
404 3806 549 3859 caelestem
567 3807 639 3859 illum
657 3811 796 3874 Nympha·
833 3810 936 3858 motum
947 3809 974 3857 in
985 3807 1221 3870 locumsigniflcat.
1243 3808 1357 3858 Tbeocr.

272 3895 332 3931 rum
350 3884 412 3931 sunt
430 3881 483 3934 lilii.
505 3908 532 3918 -
558 3883 645 3948 Circa]
666 3886 796 3948 «Propin-
833 3883 863 3944 3,
883 3884 915 3931 l:
942 3878 1096 3947 Κωμάσδω
1121 3883 1187 3932 ποτὶ
1205 3877 1257 3931 τὰν
1272 3875 1361 3946 Ἀμα-

271 3955 377 4018 quitatia
395 3957 467 4006 notio
485 3958 619 4008 transferri
637 3959 671 4008 nd
689 3961 796 4022 tempus
833 3955 977 4028 ρυλλίδα.»
996 3959 1047 4006 ΗΡ.
1066 3957 1092 4006 in
1109 3955 1176 4006 Bibl.
1195 3958 1254 4006 crit.
1275 3970 1302 4006 n.
1324 3957 1357 4006 44.

273 4027 589 4096 coepitseeulonugusti.
610 4033 719 4082 Notatur
730 4045 796 4081 vero
833 4046 860 4096 p.
875 4032 914 4083 44.
931 4059 957 4067 -
975 4029 1066 4094 naun]
1083 4032 1151 4080 curn
1162 4033 1360 4091 vocaturum,

274 4101 324 4149 troc
358 4104 439 4154 modo
473 4109 578 4170 tempus
618 4106 794 4170 proximum.»
833 4109 876 4156 vix
902 4107 959 4155 lieri
984 4107 1087 4170 potest,
1122 4107 1154 4154 ut
1184 4106 1219 4154 sit
1251 4102 1361 4156 Paullus

274 4171 346 4224 liano
372 4177 447 4229 Tura.
474 4180 504 4229 il.
524 4193 583 4244 pag.
603 4178 643 4231 64.
666 4207 692 4215 -
715 4180 797 4230 lustro
834 4179 929 4231 Fabius
950 4180 1092 4239 Maximus,
1119 4177 1192 4242 apud
1208 4179 1360 4241 augustum
