2934 4884
565 387 752 440 onesimo.
1171 389 1203 440 xl

111 545 232 632 incepti
254 542 380 610 lucrum
403 562 482 608 sane
504 542 656 629 exiguum
678 551 746 620 est3
774 553 996 610 verumtamen
1017 543 1203 631 antiquissi-

110 687 181 733 mae
205 661 480 752 interpretationis
501 661 637 750 vestigia
659 661 813 729 nonnulla
833 683 874 730 ex
895 663 935 730 iis
957 663 1118 731 interdum
1138 675 1204 730 tra-

112 787 221 854 lucere
242 785 313 852 visa
334 793 416 850 sunt.

173 909 329 974 Ceterum
350 904 528 992 optandum
550 913 616 982 est,
641 914 677 971 ut
691 915 848 996 ,accurate
869 905 1070 972 examinetur
1092 904 1202 972 Codex

113 1027 234 1094 ueratri
256 1048 332 1093 cum
355 1000 487 1092 sonitus
509 1026 580 1092 see.
603 1025 665 1102 rx„
689 1026 745 1114 qui
773 1025 830 1092 ruo
850 1023 928 1092 olm
950 1025 1087 1099 rruoer,
1116 1046 1202 1091 nune

112 1145 299 1216 asservatur
331 1148 363 1214 in
395 1145 588 1214 bibliotheca
622 1145 758 1213 Scholae
791 1146 957 1222 medicae,
991 1167 1078 1234 quae
1109 1144 1203 1212 llorot

111 1272 216 1336 llonte
239 1267 467 1356 Pessulan0*).

173 1390 361 1458 Secundam
382 1389 466 1456 bano
488 1388 663 1456 editionem
685 1408 770 1454 novo
791 1408 830 1454 ac
844 1387 1015 1475 diligenter
1036 1385 1201 1455 elaborato

112 1512 221 1578 Indice
259 1512 403 1578 omnium
432 1511 598 1576 nominum
626 1507 833 1598 propriorum
862 1509 1025 1574 auximus:
1065 1508 1201 1575 alterum

112 1645 220 1701 autern
251 1631 483 1700 vocabulorum
511 1643 544 1698 et
576 1629 768 1708 verborum,
801 1628 888 1696 haud
918 1629 1072 1717 neglectis
1104 1630 1200 1695 variis

112 1754 172 1821 illis
194 1752 442 1830 mutationibus
472 1774 554 1840 quas
577 1761 610 1818 et
638 1772 697 1840 per
719 1751 896 1838 scriptores
919 1750 1067 1817 librarios
1088 1759 1122 1816 ct
1143 1771 1202 1838 per

111 1877 242 1944 criticos
271 1895 430 1963 perpessa
460 1885 547 1951 sunt,
579 1873 768 1940 iamdudum
793 1872 1059 1960 praeparavimus
1081 1891 1120 1938 ac
1141 1892 1201 1936 suo

113 2008 276 2085 tempore,
300 1997 328 2062 si
350 1994 427 2062 nihil
450 1994 544 2062 nobis
567 1994 704 2071 accidet,
729 1993 873 2060 edemus.

174 2189 365 2259 Scribebam
389 2189 494 2257 Turici
515 2189 567 2254 xl.
589 2191 627 2254 D.
647 2187 769 2255 mensis
790 2187 901 2253 llartii.
929 2279 938 2304 .

367 2311 407 2376 bl.
430 2309 545 2378 DCCC.
567 2309 658 2376 XLII.

175 2601 200 2662 *l
227 2601 260 2652 ce
275 2599 320 2662 qut
335 2599 399 2650 read
414 2611 442 2650 ee
456 2601 596 2650 manmit
611 2611 700 2649 more
711 2599 772 2662 plue
788 2599 953 2660 metant,
979 2600 1038 2648 e'est
1054 2611 1103 2648 mee
1116 2599 1200 2662 parti-

112 2675 220 2726 mtnrtte
234 2687 283 2738 otte
298 2687 362 2724 noete
377 2673 493 2724 o'oviom
503 2674 603 2736 ,loetale
618 2687 666 2724 oue
685 2674 753 2723 nulle
774 2679 844 2736 part.
879 2675 955 2724 L'ode
979 2673 997 2723 d
1020 2673 1127 2735 muto,
1155 2675 1199 2736 qai

112 2762 248 2800 comm
268 2761 322 2812 por
345 2761 373 2798 ee
395 2761 470 2798 uere:
495 2749 541 2799 Est
557 2748 622 2798 mibi
639 2761 741 2800 nonum
758 2748 910 2812 superantis
926 2759 1044 2809 annoto,
1066 2753 1103 2797 eet
1118 2747 1151 2796 ici
1167 2761 1199 2796 eo

112 2826 230 2887 musique.
265 2825 313 2873 Lea
334 2827 404 2872 notes
426 2827 481 2873 sont
502 2823 591 2884 petitae
612 2827 635 2872 el
659 2823 689 2872 de
712 2821 793 2885 somne
808 2822 1004 2886 rectaeputaire.
1039 2822 1102 2872 G’eel
1118 2821 1145 2869 te
1161 2833 1197 2870 uo

113 2899 222 2961 evernple
236 2897 289 2962 [orl
305 2896 425 2960 deputer
446 2901 469 2947 el
491 2895 779 2947 commodandam
793 2898 907 2960 musique
918 2896 1042 2960 prosarie,
1066 2907 1163 2946 comme
1178 2895 1199 2944 tt

113 2979 146 3024 et
164 2987 216 3036 pen
238 2971 429 3022 oroieenllloble
453 2973 532 3034 po'ou
554 2971 600 3022 1X0
616 2971 687 3022 dicte
712 2985 745 3022 on
769 2975 815 3022 mit
838 2985 869 3022 en
893 2972 1006 3033 musique
1030 2975 1054 3021 et
1078 2983 1126 3032 que
1146 2970 1198 3020 l'on

114 3048 212 3098 denae
236 3047 271 3097 les
295 3047 353 3096 odes
369 3047 505 3106 diloraee,
532 3059 565 3096 on
589 3051 625 3096 est
646 3049 721 3108 porte
736 3047 925 3097 marellemeit
941 3046 959 3095 d
975 3046 1057 3095 croire
1074 3057 1121 3107 que
1137 3049 1198 3093 cette

114 3125 222 3183 mione
238 3122 341 3172 emtam
356 3122 420 3172 dom
435 3135 470 3172 m
486 3123 626 3172 maeuecril
640 3121 698 3183 plue
713 3121 815 3182 accim,
832 3120 892 3171 d'od
907 3121 1011 3171 celui-ci
1027 3133 1045 3170 a
1061 3122 1103 3169 eu
1116 3119 1197 3179 copie,

114 3200 136 3244 et
152 3210 197 3258 qne
211 3197 272 3245 dest
285 3199 413 3259 peel-dec
437 3196 465 3246 ld
480 3195 541 3246 l’air
562 3209 607 3244 eur
627 3195 707 3258 bouet
723 3195 757 3245 les
773 3197 891 3245 llonmins
906 3195 1049 3244 citantoient
1065 3197 1127 3242 cette
1143 3191 1196 3241 ode·

115 3269 218 3330 (Verum
234 3269 314 3333 longe
331 3269 495 3334 probabilius
513 3271 555 3320 est
575 3282 590 3318 a
608 3267 707 3320 lascivo
725 3266 814 3332 aliquo
831 3268 963 3319 monacho
981 3269 1040 3316 Sec.
1059 3265 1101 3314 lx.
1121 3267 1198 3314 notas

115 3343 167 3396 illas
190 3346 309 3396 musicas
334 3345 469 3410 appositas
494 3357 569 3404 esse,
597 3343 697 3395 similes
722 3355 849 3408 prorsus,
875 3345 906 3392 ut
929 3341 1035 3390 videtur
1060 3351 1093 3388 cx
1118 3338 1198 3388 Librii

115 3417 215 3481 verbis,
241 3419 286 3480 iis,
314 3433 384 3483 quae
410 3419 482 3483 apud
507 3431 557 3470 nos
582 3431 690 3482 quoquo
715 3417 887 3481 reperiuntur
911 3417 938 3463 in
964 3413 1086 3464 eiusdem
1103 3413 1198 3464 aetatis

116 3493 302 3558 antiphonariis
326 3491 437 3556 aliisque
462 3491 536 3544 libris
561 3491 770 3553 ecclesiasticis.)
813 3491 902 3550 upa
916 3503 953 3539 m
968 3493 1044 3538 outre
1058 3489 1199 3538 maturarit

117 3567 235 3618 d'lloroce
258 3569 294 3618 du
308 3567 409 3620 x-xte
424 3567 496 3618 eie'ole
517 3567 572 3632 (sur
592 3568 674 3629 aedit,
695 3567 758 3629 palii
774 3565 858 3627 iet-fol.
879 3563 938 3628 obl.)
961 3563 979 3613 d
995 3565 1021 3613 le
1037 3561 1199 3625 bibliotbe'que

117 3641 145 3691 de
157 3643 321 3706 Montpeltter.
358 3643 400 3694 Get
415 3643 512 3693 Horace
528 3647 563 3693 eet
580 3643 648 3692 aaut
664 3640 836 3703 aocooipopud
850 3639 911 3688 don
927 3637 1116 3697 commiade
1131 3637 1199 3686 mab

118 3714 208 3768 ils’eet
221 3729 271 3780 poe
285 3717 399 3780 corrpiet.
437 3719 468 3768 G.
486 3719 556 3768 unu
574 3716 682 3783 loetrvl
698 3716 741 3764 dee
755 3718 867 3765 eooanu.
895 3713 1000 3764 lareoier
1016 3710 1089 3763 teli.
1108 3724 1135 3774 p.
1153 3709 1195 3760 lo.

544 4005 761 4016 —u-——-..-—.
