2934 4884
651 373 779 423 HORATH
797 371 965 422 cnumnuu

437 529 605 597 Tristitiam
626 530 779 616 vitaeque
800 526 929 593 labores

349 652 448 728 Molli,
472 649 605 727 Plance,
629 670 737 724 mero,
761 669 820 714 seu
843 658 874 713 te
896 646 1048 734 fulgentia
1069 646 1168 732 signis

438 775 551 840 Castra
574 781 683 837 tenent
705 791 763 836 seu
788 767 890 834 densa
911 767 1033 834 tenebit
1307 768 1352 830 20

348 931 474 998 Tiburis
497 929 612 996 umbra
633 929 688 993 tui.
733 930 857 992 Teucer
879 925 1041 992 Salamina
1061 935 1252 1011 patremque

434 1052 514 1119 Cum
536 1051 678 1137 fugeret,
702 1058 810 1114 tamen
831 1047 897 1112 ude
916 1047 1027 1134 Lyaeo

351 1175 509 1260 Tempora
530 1169 670 1259 populea
690 1169 791 1235 fertur
811 1168 952 1232 vinxisse
973 1187 1112 1240 corona,

436 1293 489 1358 Sic
511 1291 617 1356 tristes
642 1289 758 1355 affatus
781 1288 919 1354 amicos:

331 1473 372 1520 ee.
391 1470 482 1534 mon]
500 1474 539 1518 or
555 1469 583 1516 r.
605 1495 632 1504 -
651 1466 691 1516 ut.
711 1467 789 1515 emm
806 1466 831 1515 s.

268 1621 378 1683 propter
394 1617 510 1666 rationes
528 1613 672 1664 eBentleio
689 1611 789 1673 allatus,
828 1614 907 1665 tinne.
922 1640 949 1648 -
961 1613 1058 1678 Termer]
1076 1615 1146 1677 virg.
1165 1618 1231 1665 Aen.
1251 1617 1274 1674 4,
1287 1617 1354 1666 649;

268 1695 337 1743 hene
364 1691 424 1741 lect.
453 1702 524 1739 nunc
549 1687 674 1753 praetuli:
702 1701 791 1750 neque
828 1689 907 1750 Atque
922 1690 1035 1750 equidm
1053 1691 1172 1740 Teucrum
1187 1692 1289 1740 ment
1310 1693 1357 1740 sc.

158 1770 164 1780 '
267 1779 430 1830 magnopere
447 1763 725 1829 placetsigmntismus
743 1763 793 1810 im-
829 1765 897 1812 doou
915 1765 1009 1824 ventre,
1031 1764 1133 1813 Finibus
1152 1765 1285 1826 eructuem
1301 1779 1357 1826 pa-

268 1841 337 1890 bres
349 1843 511 1901 perpetuos:
529 1839 578 1896 εἰσ,
596 1851 628 1886 uc
646 1834 793 1897 iucileper·
829 1839 899 1897 trte's‚
924 1851 991 1886 oona
1011 1852 1092 1900 reque
1109 1844 1231 1900 petentem
1250 1839 1359 1888 duritie

264 1910 583 1976 potuerorinpoterutvel
596 1924 628 1961 ex
640 1921 793 1959 uccommo
829 1911 890 1960 Beli.
926 1911 1016 1962 Vellei.
1036 1914 1092 1962 Pet.
1113 1915 1137 1974 4,
1156 1914 1184 1962 t:
1205 1915 1359 1963 Teucernoo

268 1989 375 2039 datione
402 1987 435 2035 ud
461 1997 536 2049 prox.
563 1999 589 2034 v.
615 1985 719 2044 imbres,
748 1981 792 2032 vel
828 1991 941 2047 receptus
956 2001 975 2034 a
986 1992 1063 2048 petre
1080 1989 1208 2037 Telamone
1224 1988 1253 2038 od
1270 1991 1359 2051 seqni-

272 2062 454 2125 exsequentis
470 2073 530 2110 voc.
550 2057 635 2109 littere
654 2057 792 2108 4444444444-
829 2061 888 2110 ttem
909 2075 959 2110 non
978 2063 1121 2112 vindicatae
1139 2064 1230 2125 fratris
1250 2063 1357 2126 (Aiacis)

269 2138 367 2190 Herod.
386 2139 415 2196 4,
435 2138 479 2186 25:
510 2125 528 2184 ὃ
549 2149 581 2184 τε
600 2132 685 2196 νότος
707 2127 792 2183 καὶὸ
829 2136 940 2186 intectae
956 2137 1066 2198 coum
1087 2137 1207 2199 appulero
1225 2139 1359 2201 commmi-

268 2212 333 2276 λὶψ,
346 2207 461 2277 ἀνέμων
479 2205 587 2261 πολλὸν
604 2208 660 2259 τῶν
677 2205 793 2259 πάντων
829 2225 886 2260 nero
904 2213 1007 2273 pentae
1027 2225 1088 2261 mue
1108 2213 1241 2262 salamim
1260 2213 1359 2261 concti-

269 2282 433 2338 ὖετώτατοι.
460 2313 487 2322 -
510 2287 575 2335 Nutu
598 2286 624 2333 in
646 2286 698 2334 hoc
719 2299 745 2334 v.
766 2286 793 2333 et
829 2287 884 2335 tuit.
920 2284 1069 2335 Telamonis
1090 2284 1158 2336 filius
1180 2287 1238 2336 eret
1257 2286 1359 2337 nothus

268 2377 293 2413 v.
316 2362 356 2412 29.
375 2373 515 2412 caesuram
537 2355 672 2410 diversum
691 2359 725 2409 uh
745 2371 791 2420 ee,
831 2373 863 2410 ex
881 2361 1004 2421 Hesione,
1023 2361 1134 2409 Troiunu
1152 2361 1262 2424 captive.
1283 2360 1359 2409 Con·

269 2449 321 2500 que
340 2438 365 2486 in
384 2436 479 2484 ceteris
496 2445 561 2483 usus
579 2437 627 2484 est.
831 2434 964 2483 dicionem
981 2435 1071 2483 eutem
1083 2433 1208 2484 frutribus
1219 2433 1361 2496 paterim—

303 2512 343 2560 49.
362 2510 439 2572 Molli]
460 2507 540 2566 «miti,
554 2505 632 2566 lenior
651 2507 699 2557 sed
712 2519 795 2571 ,τοιη-
830 2510 973 2571 posuerut‚
999 2511 1030 2556 ut
1050 2521 1084 2558 ne
1106 2509 1173 2561 ulter
1193 2509 1250 2558 sine
1270 2506 1360 2558 altero

268 2579 420 2652 τικώτερον
446 2580 579 2630 ἐπίθετον
603 2595 628 2628 v.
655 2594 738 2641 mero,
764 2582 795 2629 ut
831 2582 942 2631 domum
958 2581 1066 2632 rediret.

270 2658 362 2707 Graeci
396 2651 476 2704 οἶνον
509 2650 643 2718 μαλακὸν
677 2651 793 2725 σκληρῷ
863 2657 905 2706 44.
933 2657 995 2706 Creu
1014 2657 1119 2721 fuceret]
1146 2655 1223 2706 Clare
1240 2655 1360 2706 demon-

269 2730 448 2794 0pp0nebnnt.
484 2730 516 2780 Et
541 2730 579 2780 sie
600 2730 669 2792 virg.
693 2731 739 2778 Ge.
768 2731 792 2788 4,
831 2734 916 2781 strunt
936 2732 1004 2780 haec
1024 2746 1067 2781 vv.
1087 2733 1218 2782 Teucrum
1236 2731 1271 2779 itu
1289 2728 1361 2779 olio-

269 2805 330 2856 att:
349 2805 495 2854 mottteemru
510 2805 579 2853 uina.
603 2806 694 2853 quen.
710 2805 733 2863 4,
747 2803 791 2853 69;
831 2807 876 2868 qui
893 2807 1005 2856 comites
1023 2820 1055 2855 eo
1072 2807 1129 2870 ipso
1146 2807 1274 2870 temporis
1285 2818 1361 2868 pun·

268 2879 341 2928 mode
358 2879 484 2928 Calenum.
520 2879 584 2927 Hire
605 2875 723 2927 nonnulli
744 2889 794 2939 pro
831 2883 883 2940 cto,
902 2894 965 2930 curn
982 2893 1107 2930 aucorem
1125 2894 1139 2929 e
1158 2879 1233 2930 tttore
1249 2877 1362 2928 sotumi-

269 2953 427 3017 imperutiro
454 2965 480 3001 v.
506 2951 604 3002 molttre
631 2951 792 3001 habuerunt.
831 2954 1011 3009 niosolveret.
1045 2955 1200 3006 Alitsrustre
1220 2952 1362 3018 appellun-

272 3053 299 3062 -
318 3027 402 3089 4494444]
420 3027 449 3075 In
472 3027 552 3088 signis
573 3024 729 3075 militaribus
748 3039 795 3075 co-
832 3031 872 3078 tes
888 3043 914 3078 v.
929 3030 972 3079 ³2:
993 3029 1363 3092 Crasinqeme'tcrabimmoe-

270 3101 386 3150 hortium
409 3102 486 3149 erent
509 3113 569 3158 ser,
597 3101 657 3148 octo
679 3098 794 3149 luminae
832 3117 911 3164 quor:
929 3117 1007 3154 «cum
1024 3103 1057 3152 ud
1077 3103 1138 3153 litus
1156 3101 1254 3152 alicubi
1270 3115 1362 3166 appu-

270 3177 413 3238 ergenteae
437 3173 508 3236 (Plin.
533 3174 573 3233 33,
597 3173 620 3233 3,
641 3173 679 3234 49)
697 3175 796 3237 partim
832 3174 918 3236 iisset,
946 3177 982 3226 ibi
998 3180 1029 3225 ut
1044 3180 1241 3242 pernoctaret.»

270 3249 434 3314 quadratae,
458 3250 554 3312 partim
575 3247 716 3297 rotundae:
736 3249 796 3311 qui-
866 3251 954 3300 2223.
968 3251 1119 3314 udoLuaeo]
1135 3250 1244 3312 «calido,
1256 3249 1361 3301 exhila—

271 3325 322 3375 hus
331 3324 412 3386 signis
422 3321 569 3386 aquilisque
578 3321 712 3384 legionum
725 3320 797 3384 apud
833 3327 890 3374 rata
901 3326 989 3384 vino»,
1007 3328 1036 3374 ut
1047 3325 1120 3374 ovid,
1135 3328 1224 3375 Amor,
1239 3327 1262 3386 t,
1276 3325 1300 3386 6,
1314 3325 1359 3374 37:

271 3399 433 3464 praetorium
444 3398 526 3446 humo
537 3396 623 3445 infixis
635 3398 720 3446 castre
735 3395 800 3457 osul-
832 3401 957 3449 modicum
971 3401 1066 3448 cimon
1076 3414 1134 3448 orec
1144 3405 1257 3461 tempora
1270 3401 1362 3450 viuum

270 3473 387 3534 uetant.»
405 3473 465 3521 Tuo.
485 3471 549 3521 Hist.
569 3469 592 3531 3,
612 3471 657 3520 82:
675 3471 799 3533 Maeotia
833 3477 931 3524 Mecum
952 3479 994 3522 est.
1030 3473 1082 3522 Ctr.
1106 3474 1210 3524 Dissen.
1238 3473 1273 3522 nd
1298 3473 1359 3524 Tib.

270 3559 317 3606 per
334 3545 522 3594 cottmvenr'ltu.
835 3552 858 3607 4,
881 3549 906 3607 4,
933 3547 962 3596 3:
991 3548 1069 3596 uruuo
1090 3549 1222 3611 perfeetum
1245 3553 1363 3609 temporo

303 3619 344 3668 40.
381 3619 471 3668 Castra
494 3620 582 3684 teomt]
614 3631 726 3669 urursus
753 3617 799 3667 uti·
833 3623 940 3682 Baccho,
955 3622 1077 3671 «iamiam
1094 3621 1363 3685 mirumst-popu.

272 3691 397 3757 quando,
424 3695 454 3741 ut
478 3697 556 3742 enten
578 3705 686 3756 saepe.»
721 3690 795 3740 ovid.
834 3698 881 3760 tea]
899 3697 1010 3746 Theocr.
1024 3697 1124 3758 2⁴2⁴:
1143 3697 1226 3768 κρατὶ
1242 3693 1266 3745 δ’
1283 3690 1363 3756 ἔχων

273 3768 350 3818 Trist.
370 3767 395 3827 3,
414 3766 438 3826 i,
462 3766 506 3818 ii:
536 3769 658 3816 Hoximo
678 3767 799 3817 sideribus
835 3767 953 3831 λεύκαν,
979 3765 1134 3840 Ἡρακλέος
1162 3766 1241 3840 ἱερὸν
1264 3764 1360 3840 ἔρνος.

273 3843 344 3892 tetius
359 3843 553 3903 Emortuom
571 3854 647 3891 ureae
667 3843 708 3892 Me
724 3847 796 3892 tenet.
835 3846 905 3908 virg.
924 3849 990 3895 Aen.
1009 3847 1034 3904 8,
1052 3846 1114 3894 276:
1133 3846 1256 3896 Hermiou
1266 3845 1365 3894 bicolor

272 3917 402 3966 Hominem
426 3917 561 3966 militarem
585 3915 643 3978 (Sui.
670 3917 726 3966 Cot.
747 3916 798 3978 to.)
836 3922 970 3983 -popotm
1001 3919 1101 3968 umbra.
1137 3919 1211 3969 Ovid.
1242 3919 1303 3968 Her.
1334 3919 1361 3980 9,

274 3989 401 4041 Plancum
419 4005 479 4041 esse
498 3991 634 4053 significat,
654 3991 702 4040 sed
714 3993 743 4040 et
753 3990 800 4039 ho-
837 3994 881 4046 ot:
904 3995 993 4057 Aptior
1014 3995 1104 4057 (quern
1122 3993 1208 4056 mitre)
1224 3993 1365 4043 Hermione

275 4067 350 4114 neste
369 4066 396 4114 et
412 4065 559 4128 prudenter
581 4077 688 4115 omnem
705 4062 800 4113 edule—
832 4071 941 4131 pupulus
956 4069 1016 4118 utba
1031 4081 1124 4118 coenae.
1153 4067 1257 4117 Herculi
1269 4069 1363 4118 eutem

275 4137 353 4187 tionis
371 4139 490 4200 speciem
508 4139 615 4188 devitat.
836 4157 902 4207 vuqo
924 4144 980 4206 (Od.
999 4144 1024 4204 3,
1043 4144 1067 4202 3,
1086 4143 1120 4205 9.)
1143 4143 1311 4206 potissimum
1328 4139 1365 4192 li-

307 4219 348 4268 44,
369 4219 473 4285 rouro]
489 4233 530 4284 pr.
543 4219 619 4270 villae
631 4222 693 4270 tuue
705 4219 801 4271 Tibur·
837 4218 897 4280 bet,
916 4219 977 4282 quia
995 4217 1037 4269 iile
1055 4230 1176 4281 quoque,
1193 4217 1365 4268 aerumnosis
