2934 4884
278 344 339 408 ὅθι
657 346 786 395 nonant
804 345 973 396 cnnmuou

406 501 505 567 ludex
528 501 698 567 honestum
720 498 872 587 praetulit
891 497 981 574 utili,

404 622 525 688 Reiecit
547 621 610 687 alto
634 620 720 687 dona
742 621 927 687 nocentium

451 741 560 818 Voltu,
584 763 644 828 per
666 741 831 808 obstantes
854 750 1000 808 catervas

491 862 648 950 Explicuit
669 883 728 928 sua
751 862 853 928 victor
874 882 972 927 arma.

405 1023 475 1086 Non
497 1019 716 1106 possidentem
739 1017 838 1084 multa
860 1020 1027 1084 vocaveris

409 1144 506 1208 Recte
530 1140 680 1207 beatum:
705 1140 825 1205 rectius
848 1149 986 1225 occupat

449 1264 571 1327 Nomen
594 1259 700 1338 beati,
723 1260 781 1347 qui
803 1258 941 1325 deorum

405 1418 409 1429 ·
491 1380 678 1448 Muneribus
700 1380 865 1467 sapienter
887 1380 932 1444 uti

345 1616 385 1667 lt.
403 1616 459 1666 utili
477 1620 499 1665 et
516 1613 581 1663 Cod.
600 1614 715 1664 Pottlerii
736 1613 927 1674 duodecimus,
954 1612 1049 1674 Aldus,
1077 1616 1130 1665 LCt
1146 1617 1174 1665 et
1189 1615 1328 1664 Bentleius.

313 1692 353 1753 [Ut
377 1702 440 1751 nos,
466 1687 572 1747 busco,
598 1686 707 1737 Bentleii
733 1701 843 1749 omnes,
870 1690 938 1738 Pott.
957 1686 1059 1750 ceteri.)
1079 1716 1107 1723 -
1126 1688 1166 1739 ts.
1189 1702 1237 1750 per
1254 1688 1330 1746 bSed,

312 1763 421 1815 Bentleii
443 1766 470 1813 et
491 1762 607 1812 Pottierii
629 1774 736 1813 omnes:
762 1768 787 1812 et
799 1776 848 1824 per
863 1760 958 1823 Aldus,
985 1763 1071 1813 tctu.

280 1966 376 2017 Similis
394 1970 435 2017 est
452 1967 582 2018 sententia
600 1965 648 2016 Od.
662 1966 690 2028 3,
708 1968 803 2027 mii:
843 1969 924 2018 citare
950 1969 1096 2029 conantur,
1123 1966 1247 2030 adeoque
1272 1979 1361 2032 pravas

280 2043 331 2091 Nee
347 2042 421 2091 sarmit
438 2047 483 2090 etit
495 2042 568 2103 ponit
584 2054 680 2091 secures
695 2041 806 2091 Arbitrio
842 2042 1000 2105 cupiditates
1012 2043 1097 2105 ipsas,
1110 2040 1182 2091 nulla
1193 2042 1283 2091 eddita
1295 2052 1362 2099 com-

277 2117 411 2179 populurir
437 2130 524 2165 auree.
572 2116 662 2165 «Vero
697 2117 805 2165 nomine
842 2117 985 2179 pacationis
1010 2115 1156 2179 partimin,
1183 2117 1359 2167 neutericum

281 2188 390 2250 consul,
414 2192 440 2239 et
461 2193 607 2253 perpetuus
625 2190 750 2254 quidem,
777 2191 805 2239 tu
843 2189 961 2241 bostium
978 2191 1106 2251 catervis,
1124 2204 1174 2254 per
1190 2204 1259 2253 quas
1276 2188 1362 2240 desiri

281 2278 324 2325 es,
352 2264 468 2327 iungeris
494 2264 619 2326 dignitate
645 2278 710 2314 vere
740 2277 806 2313 con·
843 2267 887 2314 cto
904 2263 990 2326 gladio
1007 2263 1152 2329 aperienda
1173 2265 1209 2314 sit
1225 2266 1285 2323 via;
1310 2264 1362 2313 sine

188 2331 189 2339 ’
280 2337 378 2400 saturi,
407 2340 619 2402 quotiescunque
645 2338 763 2388 iudicem
779 2341 805 2388 te
842 2338 974 2400 imagine:
1003 2338 1127 2400 «quoties
1149 2341 1274 2388 removet
1297 2352 1312 2387 a
1335 2349 1360 2385 se

281 2412 397 2476 praebes
424 2412 541 2476 probum
569 2416 649 2475 etque
683 2414 807 2462 incorru-
844 2414 1015 2475 corruptores
1033 2424 1138 2461 summa
1156 2412 1183 2460 in
1201 2411 1363 2461 eosausteri·

281 2490 384 2550 ptum.»
843 2488 897 2535 tate
924 2498 987 2535 usus
1005 2484 1160 2547 fortiterque
1178 2498 1242 2535 suas
1260 2496 1359 2548 quoque

315 2561 355 2611 ll.
374 2560 466 2624 luder]
485 2561 510 2610 h.
531 2560 547 2610 l.
567 2562 691 2625 proprie:
716 2574 806 2611 «unus
843 2559 956 2609 domans
974 2559 1157 2623 cupiditates.»
1184 2559 1301 2610 Virtutes
1318 2571 1361 2607 au-

282 2636 316 2685 de
339 2634 470 2685 iudicibus
493 2634 623 2686 selectis»
652 2636 713 2697 (Sat.
732 2636 761 2696 i,
780 2634 805 2695 l,
843 2637 897 2684 tem
914 2634 1052 2683 victoriam
1071 2634 1104 2683 de
1122 2634 1191 2684 vitiis
1209 2635 1290 2697 atque
1308 2646 1361 2682 cor-

284 2709 361 2771 tien
381 2722 434 2759 non
445 2722 525 2758 vero:
546 2710 606 2772 iqui
619 2710 806 2759 honestumne
843 2709 965 2772 ruptione
983 2709 1100 2757 terentes
1117 2709 1197 2756 amnis
1221 2708 1358 2772 comparat

281 2781 422 2847 probabile
440 2783 491 2833 lert
501 2781 628 2832 iudicium
640 2782 673 2831 de
686 2782 807 2846 quolibet
846 2808 873 2818 -
892 2781 1035 2844 liupiiatit]
1061 2782 1089 2830 in
1105 2793 1186 2845 prose
1209 2794 1249 2830 or.
1270 2793 1361 2843 «expe

280 2856 354 2907 bono
370 2854 412 2907 vel
425 2855 494 2905 malo
507 2857 631 2917 externo,
651 2856 685 2906 de
698 2856 805 2918 divitiis,
844 2855 934 2905 divit.»

281 2930 315 2980 de
326 2932 483 2995 paupertate
496 2931 806 2995 cetu-atto--Voltul
877 2966 983 3016 46⁸5&
1002 2965 1123 3029 occupat]
1142 2965 1208 3016 “sibi
1225 2966 1360 3016 vindicat,

282 3017 350 3053 «non
376 3003 411 3052 ud
438 3004 580 3067 pecuniam
609 3003 729 3054 oblatam
757 3003 808 3055 de·
846 3067 873 3077 -
886 3042 990 3089 dem
1000 3038 1154 3103 mmm]
1173 3044 1260 3090 “som
1274 3039 1361 3090 divini·

221 3070 225 3079 '
281 3078 365 3138 lieno,
383 3077 432 3128 sed
451 3078 526 3129 euius
542 3077 809 3165 liberrimeindiguaj
843 3116 887 3165 tus
899 3114 973 3174 dm,
995 3115 1076 3163 etiam
1091 3115 1180 3164 minus
1199 3114 1360 3164 commoda,

281 3150 317 3199 ti⁰
343 3154 435 3236 mlle
461 3154 594 3237 mf'nsml
619 3155 645 3202 ιθ
672 3166 703 3202 ⁶¹
724 3154 806 3239 ΜΨ
845 3189 921 3239 iiom.
945 3190 1042 3251 llymn.
1064 3188 1091 3237 in
1110 3188 1171 3238 Cer.
1194 3186 1260 3239 il‘i:
1280 3188 1360 3237 Maia

278 3226 412 3275 sententia
430 3228 547 3276 scutrum
559 3226 627 3276 done
641 3240 805 3291 aspernari.»
844 3260 920 3311 θεῶν
951 3260 1006 3325 μὲν
1031 3257 1110 3331 δῶρα
1135 3260 1185 3310 καὶ
1209 3236 1361 3326 dmm

283 3324 309 3336 -
331 3297 415 3349 Codd.
436 3300 509 3360 noti,
544 3300 625 3349 etiem
642 3302 711 3361 mel,
739 3302 807 3349 miro
844 3350 897 3404 m
913 3329 1025 3402 ἀνάγκη
1043 3333 1186 3385 Mam
1208 3329 1270 3385 M
1311 3344 1359 3384 m.

282 3385 416 3423 consensu
433 3372 566 3436 praebent
581 3369 723 3423 ἀσύνδετα
739 3375 806 3436 utili,
844 3404 883 3475 δη,
905 3406 961 3481 γὰρ
986 3389 1025 3459 κιο
1025 3407 1041 3459 λ
1043 3406 1059 3460 1)
1084 3382 1219 3480 φέρηροὶ
1246 3352 1313 3461 εἰς.
1337 3434 1360 3444 -

281 3447 371 3495 lieiecit
395 3460 444 3510 pro
466 3448 522 3497 utili
546 3452 569 3497 et
586 3448 692 3509 lieieeit,
721 3449 806 3510 Voltu,
879 3486 884 3498 .
1034 3485 1040 3497 .
1354 3495 1359 3504 .

278 3532 341 3582 per,
359 3534 409 3584 pro
429 3521 501 3571 Vetto
516 3526 540 3571 et
552 3534 609 3583 per.
644 3522 805 3573 EtuCodd.
844 3486 1097 3547 mqffl'wess
1123 3486 1190 3548 Epp'
1210 3486 1241 3546 ⁴'
1261 3487 1303 3545 ⁴⁷⁸
1322 3483 1358 3533 Μ’

282 3594 407 3645 standum
431 3594 562 3655 arbitror;
592 3596 686 3656 quoties
711 3597 746 3647 ad
763 3610 808 3647 se-

282 3668 401 3718 cuudum
418 3670 578 3732 tertiumque
596 3669 750 3738 membrum
767 3685 809 3722 re-

282 3741 430 3806 petendum
447 3744 501 3803 est,
520 3744 549 3792 ut
565 3744 586 3791 si
603 3743 651 3794 0d.
670 3742 699 3803 3,
717 3744 763 3805 ii,
776 3745 807 3796 to

282 3828 377 3879 seqq,
395 3815 494 3866 stood
514 3814 544 3877 l,
563 3817 591 3877 8,
610 3816 651 3866 3⁴.
680 3817 808 3868 Consulto

282 3889 389 3939 duriore
414 3892 466 3940 lroc
483 3889 564 3940 modo
589 3893 662 3941 aurit
677 3892 809 3942 severita-

282 3966 338 4014 tem
355 3968 503 4016 sententiue
521 3967 633 4016 Stoicae.

315 4036 355 4087 43.
383 4037 423 4090 ti.
451 4040 579 4104 catervae]
604 4041 671 4100 Eos,
691 4041 735 4103 qui
753 4041 808 4089 vir-
878 4042 919 4091 tt.
947 4041 987 4090 ts.
1020 4042 1185 4091 «Stoicorum
1201 4040 1246 4090 ille
1263 4040 1360 4105 sapiens

282 4110 331 4159 tuti
352 4113 431 4175 etque
452 4114 594 4176 integritati
617 4114 711 4164 iudicis
727 4114 807 4164 donis
843 4117 979 4179 perlectus
997 4115 1080 4178 (cuiue
1100 4117 1220 4178 speciem
1237 4116 1301 4165 inde
1316 4125 1358 4164 ar.

283 4182 439 4234 insidiantur
450 4186 561 4250 eiusque
582 4188 741 4252 cupiditates
759 4201 807 4239 ex·
844 4189 884 4240 3i.
912 4187 992 4240 Lollio
1018 4188 1141 4250 exbibet)
1173 4189 1357 4254 turpitudinem

844 3560 924 3611 Mileti
948 3564 1044 3609 tectum
1068 3574 1131 3609 cane
1151 3560 1226 3621 peius
1247 3565 1271 3609 et
1293 3556 1361 3622 eapti

847 3634 937 3683 Vitubtt
957 3634 1119 3695 mbomden.
1154 3634 1233 3683 Este
1254 3644 1361 3684 eonsue-

845 3706 937 3757 tudiue
954 3706 1084 3771 populari.
1120 3708 1174 3756 Cic.
1193 3707 1228 3757 ed
1246 3708 1319 3757 Fam.
1335 3704 1359 3761 i.

845 3783 878 3831 2:
906 3781 1009 3830 oderem
1029 3781 1108 3830 multo
1124 3781 1197 3842 petits
1211 3782 1278 3831 bime
1295 3790 1361 3843 quote

844 3856 932 3915 ἰαιιιιι,
951 3856 1150 3918 respondetque
1174 3854 1297 3919 populari
1320 3864 1360 3904 no·

845 3932 917 3980 stro:
936 3934 1014 3992 &ger
1028 3930 1150 3992 piratico,
