2934 4884
501 385 559 434 le.
578 385 608 435 ll.
646 387 674 436 C.
693 385 762 436 xlx.

282 541 343 614 Tu,
368 560 441 605 cum
465 540 606 626 parentis
629 561 728 628 regna
751 563 811 630 per
833 543 970 609 arduum

281 660 405 727 Cohors
429 661 599 748 Gigantum
622 662 794 730 scanderet
816 665 933 753 impia,

322 780 483 848 Rhoetum
505 784 662 849 retorsisti
686 783 790 850 leonis

368 903 536 991 Unguibus
559 902 771 992 horribilique
793 905 897 984 mala;

285 1055 490 1141 Quamquam
512 1052 641 1120 choreis
663 1055 768 1142 aptior
788 1065 822 1122 et
843 1055 923 1121 iocis
1161 1059 1202 1124 25

281 1175 440 1262 Ludoque
463 1174 568 1240 dicius
592 1195 656 1240 non
679 1187 728 1241 sai
750 1174 888 1243 idoneus

326 1297 456 1384 Pugnae
479 1295 649 1362 ferebaris:
674 1296 733 1363 sed
757 1297 843 1364 idem

179 1439 217 1488 23.
239 1439 341 1488 helhum
358 1437 410 1497 Sd,
438 1439 560 1488 Rhoecum
577 1451 645 1488 corr.
664 1437 776 1500 bland,
795 1439 855 1488 LCt.
885 1441 925 1502 (Ut
941 1454 1002 1502 nos,
1022 1441 1118 1506 Bhl'c.)
1139 1471 1165 1480 -

146 1511 186 1562 si.
204 1511 379 1574 horribilisque
396 1511 505 1561 Bentleii
523 1513 648 1577 suspicio.

118 1637 201 1684 tamen
220 1646 271 1683 neo
290 1631 336 1682 tibi
353 1645 404 1682 nec
422 1631 470 1682 illis
490 1633 638 1696 quidquam
676 1633 761 1684 riante
783 1634 855 1697 apud
879 1637 1003 1688 Nonnum
1026 1638 1148 1691 Bacchus
1173 1641 1203 1690 lit

117 1709 233 1757 ament..
253 1707 321 1758 Alibi
333 1707 454 1757 Baccheo
465 1709 553 1758 semet
564 1709 638 1771 ipsae
676 1707 750 1760 solus
767 1711 907 1772 Gigantum
924 1711 1009 1761 victor
1026 1714 1054 1762 L.
1072 1714 1119 1774 25,
1137 1715 1200 1764 205:

117 1781 636 1846 anguinuscinguntuuripnaoonim:
676 1781 865 1856 θυρσοφόρος
873 1781 1203 1854 δὲΜοῦνοςάποτμήξας

118 1855 208 1920 (Ζεὺς)
228 1851 301 1906 θεὸν
320 1852 511 1916 Στεφάνωσέν
528 1870 559 1906 τε
575 1854 641 1926 δρα·
677 1851 823 1921 ὀφιώδεας
856 1853 922 1922 υἷας
955 1853 1083 1931 ἀρούρης
1110 1862 1200 1926 livio<

116 1927 223 1980 κόπων
240 1926 416 1992 στεφάνοις,
444 1924 527 1980 ἔνθεν
547 1923 639 2000 ἄγραν
676 1924 764 2002 ἔχραε
780 1932 867 1994 πᾶσι,
885 1930 953 1996 Διὸς
970 1932 1092 2005 πρόμος.
1111 1965 1137 1974 -
1154 1952 1203 2000 ρον

117 2002 302 2076 Θυρσοφόροι
326 2001 465 2069 μαινάδες
489 1999 640 2070 ἁμφιβάλ-
676 2009 795 2072 arduum]
814 2022 867 2058 non
879 2011 933 2058 lam
946 2022 1011 2072 «per
1021 2010 1119 2061 arduos
1128 2025 1203 2062 mon·

117 2077 209 2130 laurac
221 2075 394 2144 πλοκάμοις.
414 2078 508 2132 Catull.
521 2079 562 2140 ol,
575 2081 637 2130 258:
676 2084 732 2144 tes,
752 2083 846 2133 Ossam
863 2081 1004 2144 etPelion‚
1025 2083 1060 2133 ab
1078 2085 1109 2135 iis
1126 2099 1205 2149 exag-

117 2155 207 2204 Bacchi
236 2155 367 2204 comitum
393 2155 457 2204 Pers
492 2167 542 2204 seso
568 2155 641 2204 tortis
677 2160 808 2220 gerulos·
821 2169 903 2218 quam
921 2155 1202 2210 «insublimesnisam

115 2229 441 2292 emmdbmiuciuyehoui.
468 2228 565 2279 lnaliis
579 2243 640 2280 mo·
678 2257 706 2267 —
728 2230 871 2294 manduci]
898 2231 1027 2281 Pindarus
1052 2232 1124 2296 apud
1147 2235 1202 2284 Eu-

117 2305 248 2354 numsniis
277 2303 392 2366 antiquis
416 2303 537 2353 Bacchae
565 2306 640 2353 utra·
677 2306 756 2355 slalh.
773 2305 938 2355 Schneideu.
948 2319 1009 2369 pag.
1020 2305 1066 2355 36:
1086 2308 1203 2357 πίτναν-

117 2391 164 2440 que
188 2391 271 2428 manu
298 2379 453 2441 serpentem
479 2379 579 2428 tenent.
607 2379 637 2427 V.
676 2394 722 2441 τες
739 2375 815 2430 θοὰν
831 2378 951 2444 Κλίμακ’
968 2375 1102 2442 igniaria
1115 2375 1205 2452 οὖρα-

117 2453 338 2502 haoul-Rochelie
349 2454 418 2502 lion.
431 2453 497 2502 loeti.
512 2467 538 2516 p.
552 2453 594 2502 Ἠ.
609 2479 637 2490 -
676 2449 1002 2518 νόν--Ἀλλαλοφόνους
1021 2453 1043 2504 d'
1059 2452 1204 2520 ἑπάξαντο

117 2529 163 2576 siue
178 2527 279 2591 fraude]
300 2527 371 2576 asine
390 2541 485 2577 noxa.»
677 2525 795 2595 λόγχας.

118 2603 246 2724 ωἩἍῃ·
274 2601 308 2650 Tu
327 2603 390 2686 ω’)
409 2601 512 2686 Etenim
531 2613 595 2686 clm
613 2601 639 2686 ln
709 2643 750 2694 23.
781 2641 910 2705 Rhoetum]
939 2655 1023 2694 unum
1052 2644 1200 2708 Gigantum.

146 2689 215 2740 mprs
233 2675 385 2738 Phlegraeis
403 2675 429 2724 dr
446 2687 509 2726 cum
527 2677 640 2739 giganti·
677 2717 725 2766 Od·
746 2717 774 2778 3,
793 2715 822 2778 ,ι
842 2719 882 2768 55.
910 2746 937 2755 -
962 2720 1093 2783 mmm]
1112 2732 1204 2770 ‘sum-

117 2749 163 2800 bus
189 2751 297 2814 ancipili
314 2749 416 2814 proelio
438 2749 483 2799 diu
501 2749 640 2800 decertas-
676 2803 722 2840 mo
748 2793 850 2855 impetu
875 2791 1040 2856 reppulisti.»
1066 2820 1093 2829 ,,
1117 2791 1205 2858 imas]

117 2828 185 2886 sent,
216 2825 305 2875 lerunt
328 2826 438 2874 Terram
463 2825 516 2874 lovi
542 2825 639 2874 dixisse
1187 2869 1191 2878 ,

117 2912 165 2950 non
190 2898 268 2949 aliter
294 2899 359 2950 deos
385 2899 538 2962 Gigantibus
558 2913 640 2964 supe·
677 2866 1204 3004 glilgmm{ffiwzssssffienffimzffil

677 3014 756 3064 llom.
776 3015 805 3073 6,
833 3013 873 3064 ll.
903 3041 930 3050 -
958 3017 996 3065 De
1019 2979 1124 3064 Baccho
1146 2981 1204 3065 leo-¹

117 3047 161 3097 sibl
176 3047 241 3098 belli
254 3049 343 3098 ⁵⁰⁰l⁰³
358 3052 385 3098 ⁰l
400 3048 536 3100 “dluwm
548 3047 640 3098 “dlun‘
677 3089 740 3137 nino
757 3101 782 3137 v.
796 3087 914 3138 Gerhard
931 3089 985 3138 iitr.
1000 3090 1105 3154 spuqei.
1118 3103 1145 3154 p.
1160 3089 1201 3140 ll·

117 2975 197 3024 nores
215 2974 331 3034 hrturos,
350 2974 400 3024 nisi
419 2974 486 3024 duos
504 2974 639 3026 semideos

117 3125 214 3183 gereni.
246 3124 282 3172 lta
305 3123 426 3173 Bacchus
444 3123 524 3186 (undo
542 3137 639 3188 γιγαν-

117 3195 236 3267 solmon
259 3199 381 3258 vocatur)
405 3199 432 3248 et
454 3198 582 3249 Hercules
599 3211 641 3247 ar-
709 3199 806 3248 25-27.
820 3199 889 3262 iocis]
908 3199 1204 3262 ApudPlatonemCra-

117 3273 201 3322 cessiti
210 3274 282 3332 sunt,
293 3284 497 3336 quornmopsra
507 3275 534 3322 ei
542 3274 638 3323 virtute
676 3273 721 3336 tyl.
741 3272 799 3323 loo.
819 3274 848 3323 C.
867 3274 988 3324 Bacchus
1005 3275 1032 3322 et
1049 3275 1138 3325 Venus
1158 3291 1204 3336 φι-

116 3345 140 3394 di
156 3347 267 3397 victoria
284 3348 347 3396 sunt
363 3347 446 3410 potiti.
474 3348 512 3396 De
525 3347 638 3398 Hercule
676 3345 872 3412 lomoiouovsg
904 3347 978 3396 dael.
1014 3373 1042 3383 -
1070 3349 1202 3414 ferebaris]

117 3425 203 3472 antem
222 3435 303 3485 supra
321 3421 369 3472 0d.
388 3423 417 3482 2,
441 3423 486 3483 ta,
511 3423 535 3472 6.
559 3425 637 3472 Laus.
676 3423 764 3481 adis;
792 3421 924 3485 «primum
941 3420 989 3470 tibi
1005 3419 1205 3488 utoilouaiy·

118 3495 202 3559 nurip.
217 3495 403 3560 cyclopeae.
417 3491 640 3548 Silenus:³'iiuet-
675 3512 744 3562 μονι
763 3498 865 3558 (Anacr.
885 3495 930 3555 lt,
948 3496 984 3557 ἲ.)
1008 3498 1109 3558 tuoque
1126 3499 1203 3547 auxi-

117 3584 149 3620 τα
164 3568 188 3620 d
206 3565 286 3634 ἀμφὶ
302 3568 409 3636 γηγενῆ
429 3567 530 3636 μάχην
552 3568 638 3642 δορὸς
676 3572 710 3622 lio
728 3572 801 3622 baud
818 3571 898 3622 nimis
915 3571 1047 3633 lidebant,
1068 3571 1118 3622 sed
1136 3573 1203 3623 viri-

114 3637 251 3708 Ἐνδέξιος
273 3641 316 3711 σῷ
342 3643 409 3695 ποδὶ
437 3643 638 3716 παρασπιστὴς
676 3647 727 3698 bus
744 3660 777 3697 ao
794 3646 945 3696 fortitudine
963 3649 1007 3695 tua
1025 3659 1088 3697 cum
1106 3646 1202 3698 deiecti

116 3717 210 3786 γεγώς,
219 3713 388 3786 Ἓγιελαδον
401 3721 479 3770 ἰτέαν
490 3723 584 3787 μέσην
593 3722 640 3774 rie-
675 3724 746 3774 statu
763 3724 826 3772 suut
842 3722 979 3784 Gigantes,
1004 3721 1081 3771 allier
1097 3723 1149 3772 iam
1166 3723 1201 3772 ds

117 3792 170 3844 νών
185 3792 249 3862 δορὶ
263 3791 403 3845 'haraeum
432 3798 558 3846 Ceterum
578 3799 639 3860 posi
676 3799 702 3846 ic
713 3795 890 3847 iudicarunt.»
908 3797 947 3846 De
956 3799 1100 3846 construet.
1114 3809 1202 3857 quom

117 3869 259 3920 llesiodum
272 3869 382 3920 demum
393 3871 514 3920 Bacchus
525 3870 638 3921 deorum
676 3873 828 3934 quesn-sed
848 3872 891 3921 hio
913 3873 941 3920 ei
962 3871 989 3920 in
1011 3871 1085 3919 Statii
1107 3867 1199 3920 achill.

116 3943 251 3994 auxiliator
268 3946 310 3993 esi
326 3945 352 3993 in
367 3943 533 3996 debellandis
545 3947 639 4007 G‘gan-
677 3948 704 4006 l,
723 3945 747 3994 3.
768 3946 821 4008 egit
843 3943 978 3994 Markland
999 3943 1034 3992 ad
1056 3945 1119 3993 Stat.
1139 3941 1200 3994 Silv.

116 4018 192 4068 tibus.
212 4019 266 4069 Cir.
280 4015 401 4081 Apollod
415 4020 443 4080 i,
463 4019 491 4081 6,
505 4021 534 4070 2:
549 4013 639 4088 Erico·
676 4019 706 4080 3,
730 4019 754 4069 3.
777 4032 837 4082 pag.
862 4017 918 4068 463.
941 4030 1034 4066 errans
1055 4019 1144 4066 tamen
1167 4017 1201 4066 de

116 4089 327 4162 candidense]
345 4089 488 4156 Διόνυσος
505 4089 636 4144 ἔκτεινεν.
676 4093 751 4144 Ovid.
771 4095 832 4142 hlei.
851 4092 881 4153 3,
900 4091 956 4148 544
979 4091 1014 4140 de
1035 4091 1080 4139 etsi
1096 4115 1111 4126 ·
1128 4117 1142 4128 -
1159 4093 1202 4142 sed

117 4168 242 4228 {derherd
271 4169 373 4232 Vatum.
401 4170 431 4218 ll.
456 4170 484 4218 T.
509 4169 637 4230 LXXXV.)
677 4167 723 4217 cir.
751 4167 827 4217 Hand
849 4168 925 4216 Turs.
949 4166 979 4214 ll.
1002 4178 1029 4228 p.
1048 4165 1105 4215 603.
1142 4166 1200 4226 Quo

20 4243 21 4246 ’
117 4241 198 4292 immo
215 4241 303 4292 tabula
330 4255 440 4306 semper
460 4243 545 4306 magis
562 4240 639 4294 luxu·
676 4240 868 4304 significarem,
890 4251 1045 4301 quartorum
1061 4240 1105 4289 hio
1121 4238 1201 4290 abso-
