2934 4884
482 421 540 470 ΗΒ.
559 421 600 469 iv.
638 422 666 469 C.
687 421 727 469 Ν.

312 578 415 642 Dente
438 597 522 641 noro
545 575 686 663 peritura
710 576 804 641 vidit:

230 734 345 800 Videre
368 735 474 802 Raetis
497 733 581 800 bella
604 734 665 800 sub
687 733 821 821 Alpibus

229 857 369 921 Drusum
391 867 556 942 gerentem
580 854 752 934 Vindelici,
774 893 817 904 -—
839 856 957 942 quibus

275 977 342 1042 llos
366 977 451 1042 unde
474 975 633 1042 deductus
656 996 714 1062 per
738 998 833 1041 omne

314 1101 452 1184 Tempus
474 1099 646 1162 Amazonia
669 1100 776 1164 securi
1149 1105 1190 1167 20

170 1290 210 1338 46.
228 1289 294 1337 uidet
311 1287 336 1337 d.
358 1315 385 1324 -
413 1287 452 1336 47.
471 1288 543 1336 flocti
558 1285 635 1336 Bch
652 1289 680 1336 et
697 1299 765 1335 corr.
785 1289 815 1347 S,
840 1288 908 1337 liethi
925 1288 957 1350 d,
981 1289 1067 1340 libueti
1089 1293 1155 1341 Pott.

136 1375 250 1423 omnes,
277 1363 338 1412 LCt.
366 1362 460 1425 (Raetis
484 1363 601 1426 primum
618 1360 701 1411 Bentl.
722 1362 807 1419 coni,
837 1365 932 1426 postea
948 1366 1068 1429 repperit
1085 1365 1156 1416 idem

135 1438 282 1488 coniecisse
301 1438 330 1486 N.
350 1437 504 1496 Heinsium,
532 1439 558 1485 et
575 1435 702 1485 habuisse
719 1448 760 1498 pr.
780 1451 815 1495 κ,
842 1436 906 1486 item
924 1436 1076 1502 «exemplar
1093 1441 1157 1491 liot-

136 1512 317 1576 tendorphii·;
337 1524 369 1561 ac
380 1525 444 1562 sana
457 1512 492 1560 ita
504 1525 544 1575 pr.
559 1511 585 1570 S,
605 1511 674 1560 Faue
683 1522 723 1573 pr.
739 1510 784 1558 Vr.
798 1511 840 1572 44.)
855 1537 883 1547 -
901 1511 942 1562 48.
956 1518 979 1561 at
992 1514 1109 1563 Vindelici
1120 1531 1153 1573 ω,

136 1599 169 1636 ex
179 1583 237 1636 allis
250 1587 324 1636 Torr.
347 1613 375 1624 -
397 1587 428 1636 48
440 1611 454 1622 -
464 1587 505 1635 22.
527 1585 575 1634 Vv.
590 1584 678 1646 ambita
689 1611 703 1621 -
715 1611 729 1621 -
740 1585 782 1633 sed
793 1589 919 1649 suspecta
931 1588 1048 1650 (inpete,
1068 1590 1154 1648 lanio,

135 1660 270 1722 Webero,
284 1661 427 1720 lieinekio,
440 1660 565 1718 Frankio,
579 1658 645 1710 aliis.
665 1660 714 1720 Qui
726 1658 825 1720 delent,
844 1675 869 1710 v.
883 1663 924 1711 22.
938 1662 1059 1714 scribunt
1070 1670 1093 1714 et
1103 1665 1155 1713 diu.

103 1823 163 1870 ante
183 1817 333 1869 Bentleium
351 1820 433 1868 licetis
454 1817 549 1880 legisse
567 1819 629 1866 Sar·
661 1819 762 1879 poeitae
778 1819 852 1868 Ouid.
871 1821 932 1869 Her.
950 1820 979 1880 t,
1001 1823 1057 1871 447.
1085 1823 1191 1874 Curtius

102 1894 269 1954 bieviuml,
288 1893 316 1952 6,
339 1893 384 1943 30:
410 1895 527 1958 Prtptato
547 1893 631 1942 Raetis
666 1892 763 1954 6,49.),
781 1894 1039 1955 uneesitdeciuctua,
1061 1896 1190 1958 quamob

102 1969 166 2018 belle
188 1967 234 2017 sub
255 1967 376 2032 Alpicos.)
406 1995 433 2004 -··
461 1968 628 2030 Quamquam
667 1979 777 2016 eausam
793 1966 864 2029 apud
878 1967 998 2016 eosinde
1012 1967 1047 2017 ab
1062 1971 1192 2033 antiquis-

104 2043 174 2092 lioeti
192 2042 260 2092 miro
278 2044 400 2093 acumine
413 2041 630 2104 Vandarburgius
667 2040 741 2090 simis
758 2039 925 2103 temporibus
943 2039 1094 2103 invaluerit,
1114 2047 1193 2107 equi-

102 2117 197 2166 habuit
222 2129 272 2180 pro
298 2118 377 2180 genii.
402 2117 480 2180 sing..
506 2119 535 2166 ut
559 2116 631 2177 Alpes
667 2115 729 2164 dem
753 2114 911 2176 investigare
936 2114 1026 2164 adhuc
1047 2118 1190 2179 intermisi,

102 2192 173 2240 liaeti
190 2191 243 2240 sint
254 2189 334 2254 Alpes
345 2192 442 2241 veteris
459 2189 526 2242 illius
541 2189 630 2240 herois
667 2201 755 2251 neque
775 2201 840 2236 vero
861 2189 889 2237 id
911 2201 990 2250 curo,
1019 2190 1097 2241 inane
1119 2194 1191 2242 enim

102 2265 229 2328 mythici,
253 2264 287 2314 de
303 2279 356 2328 quo
368 2264 433 2314 Plin.
447 2266 478 2315 H.
493 2267 522 2314 N.
536 2265 564 2324 ³,
583 2265 628 2313 20:
668 2265 718 2314 hoc
731 2264 799 2313 ioret
810 2262 937 2323 studium,
953 2276 1015 2312 cum
1027 2263 1109 2315 multa
1119 2267 1192 2317 eius·

101 2343 193 2390 leodos
221 2339 356 2388 baccorum
376 2339 475 2400 prolem
500 2339 630 2388 arbitron·
667 2336 740 2387 modi
762 2349 871 2400 semper
892 2350 942 2388 nos
963 2337 1061 2387 lateant
1078 2351 1190 2392 necesse

101 2420 159 2475 tur,
187 2427 206 2462 a
230 2415 311 2464 Gellia
331 2415 430 2476 puteos,
458 2414 519 2462 duce
542 2415 629 2464 Raeto.
667 2413 726 2462 sit.»
747 2424 839 2473 -per
857 2412 1054 2475 mnoeTernpea]
1076 2427 1191 2478 aerque

103 2491 142 2552 (ln
166 2488 237 2537 hanc
259 2487 453 2550 vanderburgii
477 2485 631 2551 explicatio-
668 2499 715 2536 eos
737 2487 886 2536 nummus.»
921 2488 1006 2537 Minus
1026 2491 1099 2538 recte
1122 2502 1192 2539 non-

102 2577 177 2622 nam,
195 2565 253 2612 eius
264 2563 480 2626 interpretatione
493 2573 631 2625 nunquam
668 2558 730 2610 nulli
749 2559 925 2624 explicarunt:
952 2575 1016 2611 «cur
1032 2564 1105 2614 omni
1121 2567 1192 2615 tem-

103 2640 171 2698 risa,
190 2637 282 2687 incidit
300 2637 380 2686 etiam
394 2639 493 2687 Gustav
509 2634 629 2696 schireb,
667 2647 747 2699 pore,
766 2637 846 2686 etiam
864 2637 891 2686 in
906 2649 986 2700 pace,
1004 2637 1136 2701 bipennes
1148 2652 1193 2701 ge-

104 2713 229 2776 egregius
239 2713 332 2775 poeta,
346 2724 423 2761 meus
434 2711 544 2760 amicus.
563 2713 632 2760 Neu·
667 2712 763 2760 stent.»
773 2711 877 2760 Etenim
887 2711 1194 2775 iungendavv.deciuetoa

104 2792 145 2838 ter
158 2789 249 2837 tamen
261 2785 350 2835 adhuc
362 2787 503 2849 persuasit.
527 2787 632 2835 Rectum
663 2797 721 2847 per
738 2799 762 2834 o.
781 2791 799 2836 t.
821 2813 847 2821 —
866 2786 1007 2836 Amazonio
1022 2789 1111 2850 exam]
1134 2790 1192 2838 Non

104 2861 217 2926 qnidam
234 2859 345 2909 heroem
364 2873 443 2909 nosse
461 2859 632 2922 poteratilo-
667 2859 738 2909 inest
755 2860 782 2908 in
799 2859 840 2910 his
856 2873 900 2909 ιν.
913 2860 988 2923 illud,
1008 2861 1081 2925 quod
1098 2875 1195 2926 reppe-

103 2937 202 2996 ratins,
217 2937 247 2983 ut
257 2935 330 2984 norit
340 2932 438 2984 Plinius
449 2931 466 2983 l.
480 2932 508 2993 l.;
521 2933 571 2983 sed
581 2946 632 2996 po·
668 2934 736 2984 risse
759 2933 810 2984 sibi
833 2935 882 2984 visi
905 2937 968 2985 sunt
987 2935 1149 2986 scholiastae
1167 2939 1194 2987 et

104 3012 165 3061 sitio
177 3011 236 3073 ipsa
253 3022 305 3058 non
322 3007 409 3072 placet
424 3008 633 3070 liuetiaabrllpi·
669 3007 958 3067 seminassent,
982 3009 1046 3059 att:
1076 3011 1195 3061 Vindelici

107 3085 160 3144 bras,
173 3081 287 3145 etlonge
300 3082 480 3132 ditiertPecori
487 3083 629 3144 menae.)-
668 3081 701 3130 ab
716 3081 885 3130 Amazonibus
900 3083 1024 3144 oiipinem
1039 3084 1146 3146 decimi,
1165 3091 1194 3135 at

106 3158 179 3222 betia]
199 3156 577 3208 Dauniversoballoliaetico
595 3157 635 3206 in·
669 3158 746 3206 etiem
775 3155 895 3205 Hmotiue
921 3157 981 3206 dicit
1009 3157 1111 3216 Quibus
1139 3164 1191 3209 cet.

104 3237 146 3284 ter
156 3234 320 3296 interpretes
332 3245 412 3282 nemo
421 3235 482 3282 ente
492 3233 631 3282 Frankium
670 3229 775 3293 (Gladiis
789 3228 899 3292 quidem
909 3230 1058 3281 Amazones
1074 3235 1194 3294 pugnant

104 3307 202 3357 meiius
227 3307 349 3370 exposuit
367 3319 447 3369 quam
465 3308 527 3357 lani.
565 3305 631 3356 Vide
669 3307 695 3354 in
718 3306 784 3354 cista
805 3302 959 3354 Volcentina
979 3304 1051 3367 apud
1073 3305 1194 3355 Gerhard

105 3383 216 3432 Excurs.
237 3382 257 3430 l.
277 3381 303 3430 in
321 3380 373 3430 fine
392 3381 471 3432 huius
490 3382 630 3432 Carminis.
667 3379 723 3429 Etr.
744 3377 841 3442 Spiepel
857 3379 885 3426 Τ.
904 3378 950 3437 x.;
968 3379 1134 3441 frequentius
1150 3383 1193 3430 ta-

139 3455 250 3506 48-20.
280 3455 392 3504 Dntnaa
406 3483 421 3493 -
440 3456 632 3506 Vindelici-n
668 3467 731 3504 men
760 3455 786 3502 in
815 3452 930 3515 antiquis
957 3452 1138 3503 marmoribus
1167 3457 1195 3504 et

102 3529 195 3594 emm]
212 3529 299 3593 ipsius
316 3530 395 3580 Drusi
411 3529 528 3593 gladium
546 3530 632 3580 hono·
668 3529 779 3591 picturis
795 3525 937 3578 securibus
953 3529 1078 3587 utuntur,
1097 3530 1126 3576 ut
1142 3531 1194 3579 An·

105 3605 219 3664 rarium,
247 3602 342 3654 saltem
364 3605 488 3667 vaginam
509 3605 566 3655 eius
588 3617 632 3654 ar-
667 3603 738 3666 tiopa
764 3601 835 3665 apud
861 3599 993 3663 hiillingen
1020 3601 1095 3651 Used.
1121 3603 1190 3652 Mon.

105 3682 244 3742 ganteam,
273 3679 422 3728 'Vindeliciae
443 3679 519 3730 hasta
544 3682 570 3730 et
593 3681 632 3729 bi-
667 3679 686 3726 1.
706 3679 733 3728 T.
754 3677 794 3725 49.
814 3677 840 3725 in
856 3677 922 3727 reae.
940 3675 1049 3726 Borboa.
1067 3676 1109 3725 Vl.
1129 3678 1157 3726 T.
1176 3679 1192 3728 3

102 3754 180 3817 panai
196 3755 316 3804 mmatae
334 3753 419 3816 effigie
437 3753 547 3818 aliisque
568 3767 631 3804 cae·
667 3753 695 3802 et
711 3753 736 3802 5.
755 3750 875 3801 Gerbard
900 3753 1004 3816 Vueeap.
1029 3753 1059 3800 11.
1079 3752 1107 3801 T.
1127 3753 1190 3814 cll,

104 3827 198 3878 laturis
209 3828 396 3890 conspicuam,
416 3829 572 3892 Magantiaci
584 3841 632 3878 nu·
667 3829 731 3877 itam
749 3827 821 3877 haud
831 3841 893 3877 raro
905 3828 932 3877 in
945 3828 1061 3877 nummis
1073 3827 1189 3876 Graecis.

104 3913 227 3964 peraeae
240 3903 375 3964 repertam
387 3901 478 3952 docuit
491 3903 514 3952 J.
530 3903 632 3953 Becker
667 3901 720 3952 Cir.
740 3902 843 3952 liasohe
860 3902 946 3951 Lexic.
966 3903 984 3950 1.
1003 3913 1030 3964 p.
1049 3901 1106 3949 502.
1130 3899 1192 3950 Pul·

105 3976 131 4024 in
147 3975 264 4025 Zeitscltr.
283 3975 442 4037 firlttertlec.
469 3977 522 4026 Vll.
542 3989 568 4040 p.
583 3977 626 4026 434
666 3977 829 4027 cherrimam
845 3977 985 4026 Amazonis
997 3977 1126 4036 statuam,
1146 3976 1191 4024 Sa-

105 4061 182 4111 seqq.
199 4075 227 4084 —
241 4049 329 4110 quibus
345 4049 407 4113 cet]
425 4062 555 4113 equorum
572 4063 630 4100 mos
665 4051 765 4102 lamine
776 4052 926 4114 repertam,
944 4049 1005 4099 vide
1022 4050 1049 4099 in
1060 4050 1192 4100 collection

105 4125 131 4172 in
147 4121 255 4186 proeliis
267 4136 376 4187 semper
386 4123 527 4174 securibus
538 4124 630 4175 utendi
653 4126 841 4193 ,ci'ontiqeitea
863 4124 906 4185 caci
921 4123 1089 4185 composoieot
1105 4124 1128 4173 ta
1143 4137 1190 4174 co-

105 4196 344 4260 {quemadmodum
365 4197 500 4260 solebant,
531 4201 560 4248 ut
576 4201 631 4248 tra-
666 4199 731 4249 hinet
751 4201 786 4249 da
802 4200 830 4248 B.
851 4199 881 4248 de
900 4197 1066 4261 chletberp.
1096 4201 1191 4250 Dresia

103 4271 171 4322 dunt
182 4273 291 4335 poene,
305 4276 462 4336 Amazones,
475 4275 632 4338 mperes
667 4274 738 4324 4837.
758 4287 784 4337 p.
804 4273 838 4335 6.)

191 4362 283 4408 iloaar.
302 4376 357 4410 von.
375 4365 391 4410 l.
422 4377 461 4412 eo.
479 4377 556 4412 ιιιιοιι
572 4365 607 4413 ill.
961 4367 989 4412 ³3
