2934 4884
281 363 321 428 22
667 363 795 411 uomru
813 362 982 412 clamauit

280 522 348 583 Quid
365 523 455 572 enimi
484 520 642 571 octavianus
660 519 716 582 ipse
734 531 764 570 se
781 531 835 568 oon
852 516 1040 569 dominationis
1057 518 1199 582 cupiditate
1216 517 1286 572 bella
1302 533 1379 583 ges-

280 606 346 656 sisse
365 616 555 667 summumque
573 604 715 667 imperium
733 601 784 652 sibi
802 614 987 666 comparasse,
1006 601 1055 652 sed
1072 604 1102 652 ut
1117 604 1218 653 camera
1229 605 1315 664 paese
1327 604 1378 652 ut·

277 689 412 739 edometur
432 689 460 738 et
479 687 627 750 perniciem
648 699 664 736 a
686 686 791 736 civitate
814 688 959 747 averteret,
985 685 1092 750 publice
1113 687 1256 737 affirmavit
1273 688 1378 738 nescio

279 771 402 822 dicamne
420 784 454 820 en
471 769 604 821 simulavit
620 771 646 819 in
664 771 796 828 oratioue,
815 782 897 832 mam
914 770 1056 833 imperium
1073 769 1243 834 depositurus
1259 783 1283 820 a.
1296 783 1327 819 u.
1345 784 1374 820 c.

279 857 336 906 726.
355 857 382 905 iu
399 857 493 906 senatu
509 853 611 904 hahuit.
647 852 714 902 liudi
732 852 813 902 modo
830 865 893 901 eum
911 853 1044 903 dicentem
1066 853 1138 916 apud
1154 854 1267 904 Dionem
1287 855 1373 904 Cass.

279 939 320 1000 53,
340 939 368 990 l:
384 932 453 988 'Ata’
471 931 580 1002 ἀφίημι
596 931 649 1001 τὴν
666 928 762 1005 ἀρχὴν
778 917 957 996 ἅπασαν-η
976 934 1023 985 ἵνα
1040 933 1071 1000 ἐξ
1088 930 1184 987 αὐτῶν
1199 934 1256 987 τῶν
1272 930 1376 1008 ἔργων

278 1017 467 1088 καταμάθητε
483 1013 575 1082 τοῦθ’,
593 1011 639 1071 ὅτι
655 1013 714 1071 οὐδ’
731 1012 778 1070 ἀπ’
796 1015 889 1090 ἀρχῆς
905 1017 1074 1082 δυναστείας
1090 1016 1169 1084 τινὸς
1180 1019 1373 1086 ἐπεθύμησα,

278 1099 339 1155 ἀλλ’
357 1099 449 1167 ὄντως
465 1099 504 1170 τῷ
526 1118 556 1154 τε
579 1103 664 1174 πατρὶ
680 1100 779 1166 δεινῶς
801 1105 940 1170 σφαγέντι
960 1099 1125 1175 τιμωρῆσαι
1141 1105 1191 1154 καὶ
1207 1099 1261 1169 τὴν
1279 1101 1375 1155 πόλιν

278 1189 310 1239 ἐκ
326 1184 459 1255 μεγάλων
475 1188 525 1237 καλ
542 1183 709 1251 ἐπαλλήλων
726 1183 824 1236 κακῶν
840 1183 990 1251 ἐξελέσθαι
1006 1182 1147 1252 ἠθέλησα.
1177 1187 1230 1238 cir.
1250 1187 1307 1238 Lib.
1320 1190 1370 1246 53,

279 1272 324 1322 9.»
358 1272 434 1322 Adde
456 1271 529 1321 Ovid.
554 1272 622 1321 last,
646 1271 670 1329 3,
694 1271 754 1321 709:
783 1272 836 1320 Hac
853 1285 929 1332 opta,
950 1273 1011 1322 duee
1023 1273 1118 1334 pietas,
1137 1272 1198 1321 daec
1210 1273 1298 1333 prima
1314 1272 1374 1320 ele-

277 1355 478 1424 menta-suerunt
489 1356 604 1405 Caesaris
620 1356 705 1404 eleuci
715 1355 782 1404 iasio
789 1367 837 1416 per
848 1367 923 1404 arma
934 1359 1041 1416 patrea.
1078 1353 1270 1417 (consulendus
1282 1355 1372 1404 etiam

279 1440 366 1490 liiccio
378 1440 413 1488 M.
433 1439 460 1486 F.
480 1439 508 1487 a.
526 1451 553 1502 p.
572 1440 613 1487 55.
633 1440 659 1487 ct
677 1437 748 1496 tid„
767 1437 814 1487 uhi
830 1439 858 1487 iu
875 1439 992 1488 nummis
1008 1440 1036 1487 Ρ.
1047 1437 1131 1488 Clodii
1149 1442 1190 1487 est
1201 1439 1271 1487 llam
1282 1436 1371 1495 ultor,

280 1522 380 1582 nudus,
400 1519 531 1583 galeatus,
551 1521 644 1570 dextra
661 1521 779 1580 hastam,
802 1522 907 1571 sinistra
928 1520 1044 1584 gladium
1062 1535 1124 1571 eum
1141 1519 1229 1570 balteo
1248 1521 1372 1578 tenens.)

281 1632 308 1640 -
328 1605 445 1668 «Nequit
465 1616 574 1654 carmen
596 1604 724 1667 seriptum
746 1617 807 1655 esse
827 1607 890 1668 post
910 1618 935 1654 a.
959 1605 1032 1666 722,
1055 1617 1108 1667 quo
1125 1605 1258 1666 auguratus
1276 1603 1372 1666 impe-

278 1689 350 1737 rium
370 1689 423 1738 iem
445 1689 597 1752 sumpserat
619 1690 645 1736 et
666 1688 701 1736 ita
723 1687 942 1747 confirmaverat,
964 1691 995 1736 ut
1015 1686 1049 1737 de
1069 1688 1166 1736 ruentis
1187 1687 1276 1748 sapere
1291 1687 1374 1735 rebus

280 1771 313 1832 (v.
336 1771 387 1832 25.)
411 1773 439 1820 et
458 1771 493 1821 de
513 1771 633 1820 seeteuaa
653 1773 796 1832 captatione
822 1771 855 1833 (v.
877 1771 929 1832 29.)
955 1782 1126 1833 nequaquam
1151 1773 1243 1834 posset
1263 1771 1372 1820 mentio

279 1852 363 1902 fieri.»
399 1853 490 1916 (multo
508 1855 588 1904 etiam
607 1855 694 1904 minus
712 1869 736 1904 a.
756 1855 822 1912 732.)

327 1936 404 1986 Addo
427 1935 469 1986 illa
489 1939 599 2001 Augusti
621 1937 718 1998 verbe,
743 1951 812 2001 quae
834 1951 868 1986 ex
888 1938 1051 1988 Monumenti
1073 1938 1205 2000 ancyrani
1226 1937 1298 1987 initio
1317 1951 1373 1986 ex-

278 2019 372 2084 scripsi
390 2020 424 2070 ad
440 2033 466 2068 v.
486 2019 526 2071 ll.
545 2022 609 2071 item
627 2023 735 2071 sueton.
754 2022 843 2070 Octav.
863 2021 908 2070 to:
926 2021 995 2070 Nihil
1006 2015 1189 2070 couveaientiai
1203 2022 1276 2070 ducit
1288 2034 1372 2082 auam

278 2116 362 2152 ewen
379 2105 497 2154 wunceli
512 2105 641 2153 vindicare
658 2105 772 2166 tuerique
787 2109 853 2154 acta.
883 2105 949 2154 ilinc
966 2104 1056 2156 verbis
1068 2118 1093 2153 v.
1107 2104 1147 2154 ld.
1167 2105 1282 2154 Caesaris
1297 2105 1373 2154 ultor

278 2187 440 2249 significatur
456 2188 525 2236 iuter
541 2189 630 2238 omnia
646 2187 750 2252 piacula
769 2189 795 2237 in
811 2185 882 2237 bello
900 2186 967 2236 civili
985 2188 1129 2238 commissa
1146 2189 1260 2238 maitiae
1278 2187 1371 2238 diram

279 2284 340 2320 esse
359 2271 480 2322 Caesaris
498 2271 716 2322 interiectionem.
757 2271 810 2322 Cir.
833 2271 899 2322 ibid.
922 2271 963 2321 29.
999 2272 1031 2322 Et
1050 2285 1181 2335 perquam
1202 2275 1264 2335 apte
1285 2275 1370 2336 poeta

279 2367 342 2404 eum
360 2354 482 2404 Caesaris
503 2352 616 2404 ultorem
637 2353 680 2404 illo
702 2356 761 2419 ipso
782 2358 903 2420 tempore
924 2354 1099 2419 praedicavit,
1123 2367 1176 2418 quo
1197 2353 1285 2417 paullo
1302 2358 1370 2406 oute

279 2437 312 2500 (a.
336 2437 393 2487 tal,
417 2437 472 2486 lero
494 2437 590 2498 medio)
613 2439 680 2488 teste
702 2438 802 2489 Velleio
823 2441 849 2500 2,
871 2439 916 2488 88:
949 2440 1147 2488 attenue--ee
1168 2439 1371 2501 interfectorie&

280 2520 408 2581 Caesaris,
426 2521 568 2570 Pameeaais
584 2521 682 2570 Cassiae
698 2527 778 2571 morte
790 2535 887 2584 poenas
902 2524 981 2583 dedit,
998 2527 1028 2572 at
1043 2523 1145 2572 dederat
1157 2524 1257 2584 primas
1274 2522 1370 2572 Trebo-

277 2604 348 2660 niue·
366 2601 460 2652 collato
479 2601 582 2652 Valerio
599 2604 666 2654 ilex.
687 2605 711 2663 l,
724 2606 750 2664 7,
763 2606 787 2654 7,
806 2608 838 2656 V.
850 2606 988 2656 Weielrert
1004 2605 1038 2656 de
1056 2608 1085 2656 L.
1104 2605 1183 2655 Vario
1200 2609 1251 2655 cet.
1263 2618 1290 2669 p.
1303 2605 1366 2656 248.

280 2713 307 2720 —
328 2685 376 2747 (ld
394 2685 450 2735 dira
468 2683 510 2734 illa
526 2689 648 2748 portenta
666 2701 692 2737 v.
712 2689 736 2736 l.
756 2690 804 2739 cir.
823 2691 904 2739 etiam
925 2690 972 2739 lob
994 2690 1035 2750 38,
1058 2691 1103 2740 22:
1126 2691 1258 2752 lt'iaapuid
1272 2691 1370 2753 (iuquit

278 2769 414 2831 Dominus)
437 2770 562 2832 ingressus
578 2783 604 2820 aa
624 2771 753 2821 tdesarrros
772 2774 865 2834 aivis,
888 2779 935 2823 aut
954 2775 1083 2824 timeam
1103 2774 1268 2838 praedicis
1288 2787 1367 2836 arpe-

277 2851 357 2902 aisti?
390 2866 455 2915 quoe
468 2855 625 2915 praeparavi
642 2854 669 2904 ia
685 2861 781 2918 tempor
796 2857 884 2919 tastu,
902 2858 930 2906 ia
946 2859 1011 2908 dien
1023 2871 1127 2922 pugnae
1143 2861 1167 2908 et
1182 2857 1258 2921 belii.)

596 3190 963 3251 Excutiens
1002 3193 1046 3249 ΙΙ.

742 3390 788 3438 liu.
807 3401 833 3437 v.
852 3388 891 3438 39.

326 3533 397 3582 llaec
418 3534 453 3584 ad
474 3549 499 3584 v.
524 3536 564 3584 39.
600 3537 745 3587 Christium
767 3537 839 3601 apud
859 3539 1008 3588 Gesnemm
1029 3541 1137 3588 secutus
1158 3538 1319 3602 scripsemm
1337 3540 1364 3586 in

275 3615 361 3678 prima
379 3617 509 3666 Editioue.
543 3618 707 3681 Approbavit
724 3619 920 3683 Dillenburger,
942 3622 998 3671 tres
1017 3622 1127 3684 iusuper
1142 3621 1216 3672 locos
1233 3621 1362 3678 iudicans,

276 3711 330 3760 quo
347 3700 451 3762 equites
468 3699 511 3749 vel
529 3713 608 3750 curru
625 3705 694 3754 vecti
709 3706 805 3767 postea
818 3705 912 3765 pedites
929 3704 989 3754 iacti
1006 3708 1198 3755 memorantur.
1226 3707 1280 3755 liv.
1294 3707 1318 3764 7,
1331 3705 1361 3754 8:

275 3782 367 3842 equites
383 3783 449 3832 alias
465 3783 544 3832 alium
561 3786 729 3848 increpantes,
748 3789 809 3850 quid
826 3789 912 3838 deiude
926 3793 1045 3849 restaret,
1069 3791 1225 3850 querende,
1245 3789 1364 3848 eumue

274 3878 307 3914 aa
324 3867 393 3928 equis
405 3867 556 3928 pepadissent
566 3867 659 3918 dosera
669 3883 747 3930 περιτο
754 3873 849 3931 pedites
860 3871 998 3933 quidquam
1013 3873 1130 3921 manem
1139 3873 1260 3934 facereret.
1289 3871 1360 3933 Virg.

274 3948 383 4010 Aemi,
403 3950 461 4000 666.
498 3950 571 3999 Ovid.
595 3952 657 4002 ltlet.
682 3951 722 4011 ll,
746 3953 802 4002 363.
841 3953 889 4004 Alii
910 3953 1055 4018 simplicius
1077 3955 1111 4005 de
1133 3956 1205 4005 veris
1225 3953 1362 4019 peditibus

275 4031 372 4082 Mauris
389 4045 533 4096 accepere,
553 4034 650 4097 quihus
668 4032 736 4082 ultro
753 4047 865 4097 suggero
882 4037 955 4089 locos
973 4039 1095 4090 Caesaris
1111 4040 1140 4088 B.
1158 4042 1187 4088 G.
1206 4041 1230 4096 2,
1246 4039 1296 4095 to..
1315 4036 1361 4086 ubi

275 4118 407 4166 memorat
424 4119 562 4178 equitatura
578 4121 601 4167 et
617 4118 677 4166 levis
693 4122 843 4167 omnesaue
853 4119 987 4182 Nieaidae,
1006 4123 1102 4172 lucerii
1114 4123 1251 4186 scriptoris
1262 4123 1359 4182 Paneg.

274 4197 340 4246 Max.
361 4201 387 4248 et
405 4200 494 4249 const.
508 4201 536 4250 8:
563 4200 726 4262 ferocissime
741 4201 919 4252 Mauretaniae
937 4205 1055 4266 populea
1077 4205 1184 4268 Corippi
1207 4203 1359 4255 lohanueid.
