2934 4884
662 352 792 403 Honesti
809 350 981 402 CARMINUM

450 512 586 587 Cust0s3
610 518 789 575 amatorem
811 516 976 573 trecentae

492 630 668 697 Pirithoum
690 627 844 697 cohibent
863 636 1008 695 catenae.
1328 628 1372 691 80

277 920 304 971 p.
323 906 364 956 30.
383 905 412 956 E.
434 917 464 955 se
492 908 571 954 vocat
596 902 804 972 προσκείμενον
841 892 957 964 Θησεὺς
975 894 1016 963 τῷ
1036 895 1163 966 Πειρίθῳ
1183 884 1371 965 κολαζομένῳ

277 977 314 1051 τῇ
331 974 413 1029 πόλει
429 972 488 1029 ὑπὸ
504 974 556 1027 τοῦ
573 971 654 1035 θεοῦ,
672 977 700 1024 et
715 972 804 1039 paralio
840 974 891 1023 καί
906 968 1165 1037 decerneremus<
1181 964 1373 1031 ἀχαλκεύτοι-

276 1056 339 1117 post
354 1051 600 1123 προσκαθίζοντα,
619 1051 683 1099 item
693 1042 804 1098 δοκείὸ
840 1062 888 1097 σιν
907 1040 1037 1110 ἔζευκται
1063 1041 1163 1108 πόδας.
1192 1044 1314 1110 Apollod.
1337 1047 1369 1105 2,

277 1122 347 1189 θεὸς
358 1124 453 1198 ἐμλτῇ
466 1122 548 1175 πόλει
558 1124 801 1195 προστεθεικέναν.
840 1124 870 1181 t,
890 1122 934 1171 ⁴²:
961 1114 1123 1191 (Ἡρακλῆς)
1148 1118 1272 1185 πλησίον
1282 1146 1298 1156 -
1308 1118 1372 1169 τῶν

277 1200 391 1253 Lucilius
410 1200 453 1261 tt,
473 1200 496 1249 6.
522 1199 680 1253 nchamtre:
698 1199 726 1247 st
742 1198 804 1246 mitt
834 1187 929 1245 Ἅιδου
959 1190 1055 1244 πολῶν
1081 1190 1239 1260 γενόμενος
1266 1193 1371 1258 Θησέα

276 1290 328 1325 noc
340 1279 448 1337 praetor
463 1274 508 1323 rtet
525 1274 626 1323 ααάίίαο
638 1278 715 1333 atquc
726 1272 804 1335 σρίίοί
840 1258 906 1338 εὗρε
929 1270 980 1319 καὶ
1004 1268 1160 1339 Πειρίθοον
1183 1264 1236 1317 τὸν
1258 1268 1372 1338 Περσε-

276 1362 324 1399 ms.
343 1349 414 1411 Virg.
433 1350 499 1398 Aen.
519 1348 549 1408 6,
568 1346 615 1397 90:
642 1359 687 1396 nec
706 1345 804 1394 Teneris
840 1340 936 1409 φόνης
950 1340 1188 1409 μνηστευόμενον
1205 1338 1302 1409 γάμον
1318 1344 1371 1391 καί

277 1423 366 1472 adduc
376 1424 439 1471 ίσοο
450 1424 559 1485 Usquam
568 1420 656 1471 cinit.
670 1420 712 1469 Sic
722 1419 803 1469 etiam
839 1414 887 1469 διὰ
908 1412 997 1469 τοῦτο
1019 1415 1148 1468 δεθέντα.
1183 1413 1371 1481 Θεασάμενοι

276 1497 420 1559 apponam
448 1496 519 1545 Suet.
540 1494 596 1544 Tib.
615 1494 661 1544 22:
689 1493 804 1543 tribuente
839 1489 871 1543 δὲ
890 1486 1032 1561 Ἡρακλέα
1052 1488 1106 1555 τὰς
1128 1496 1228 1562 χεῖρας
1247 1484 1370 1562 ὤρεγον,

274 1570 384 1620 miiitum
403 1575 484 1619 αεσίοε
499 1570 635 1632 apponunt.
661 1594 688 1603 -
709 1566 802 1630 matos]
840 1561 879 1629 (ὃς
899 1560 1135 1631 ἀναστησόμενοι
1152 1560 1200 1615 διὰ
1219 1562 1273 1630 τῆς
1294 1564 1372 1617 ἐκεί-

276 1656 415 1707 nunquam
443 1642 477 1693 ab
506 1656 539 1692 eo
568 1640 723 1701 discedens,
754 1641 803 1691 sed
839 1656 892 1692 νοο
909 1640 988 1705 βίας·
1008 1634 1073 1690 ὅδὲ
1093 1640 1193 1705 Θησέα
1209 1639 1264 1705 μὲν
1281 1638 1373 1701 λαβό-

277 1718 444 1767 ccntiuenter
476 1718 564 1765 rostro
596 1728 658 1764 eum
691 1714 803 1779 pulsans
839 1730 927 1781 μενος
948 1712 1001 1779 τῆς
1020 1710 1118 1786 χειρὸς
1138 1708 1248 1784 ἤγειρε,
1270 1714 1373 1787 Πειρί-

277 1793 406 1852 iecurque
425 1791 482 1839 eius
499 1800 606 1839 vorens.
623 1816 649 1825 -
669 1790 802 1854 trecentae]
839 1789 913 1840 θοον
938 1786 969 1840 δὲ
993 1784 1160 1854 ἀναστῆσαι
1184 1786 1371 1854 βουλόμενος

277 1864 443 1929 (utinprcse
455 1862 623 1925 ornamenti)
637 1864 805 1913 «innumera-
839 1860 892 1928 τῆς
916 1860 970 1930 γῆς
992 1864 1165 1929 κενουμένης
1185 1858 1312 1929 ἀφῆκεν.
1338 1892 1368 1902 -

276 1936 357 1998 biles,
371 1934 548 2001 pennultae.»
558 1965 585 1974 -
597 1938 744 2002 Pirithoum]
757 1939 805 1987 La·
841 1937 968 1987 Ceterum
985 1950 1079 1988 omnes
1097 1939 1145 1989 has
1163 1939 1305 2001 Gigantum
1321 1938 1371 1989 de

276 2012 411 2079 pitherum
433 2024 539 2074 regem,
559 2012 603 2075 qui
616 2012 804 2076 Proserpinam
840 2013 972 2061 victorum
985 2012 1113 2075 imagines
1131 2016 1256 2075 spectare
1272 2016 1371 2077 putant

277 2100 311 2137 ex
319 2088 388 2137 orco
399 2098 495 2149 rapere
507 2084 635 2145 voluerat,
648 2085 719 2135 unde
732 2099 804 2135 ονεσ-
840 2087 1000 2149 interpretes
1018 2085 1051 2134 ad
1066 2087 1100 2135 rt.
1113 2088 1257 2137 Antonium
1274 2101 1290 2135 a
1303 2088 1372 2137 Gae-

276 2165 317 2209 tcr
338 2172 388 2223 per
404 2155 539 2224 λιτότητα
560 2172 609 2223 pro
629 2158 744 2209 sceleste
761 2172 804 2209 ra-
840 2174 901 2211 sare
914 2162 1056 2211 Octaviano
1069 2174 1245 2225 oppressum
1263 2164 1369 2212 Franke

276 2236 354 2298 ptcre
374 2233 479 2283 dicitur.
509 2232 583 2283 Ouid.
602 2233 664 2282 Met.
683 2233 713 2293 8,
739 2232 799 2282 6⁴2:
840 2235 867 2285 F.
893 2236 956 2284 iior.
982 2248 1010 2299 p.
1040 2235 1096 2285 439.
1128 2236 1210 2286 etiam
1236 2236 1271 2286 de
1300 2238 1372 2287 Cor-

277 2308 380 2358 dccmm
391 2308 495 2370 spretor
505 2311 563 2356 crat
577 2307 713 2367 mentuque
728 2306 804 2369 feroc
840 2307 910 2358 neiio
931 2306 1002 2358 Gallo
1026 2312 1054 2358 ct
1075 2310 1109 2359 Μ.
1127 2310 1237 2373 Egnatio
1258 2310 1325 2361 Ruio
1343 2326 1368 2361 a.

277 2382 366 2433 ίαίοοε
375 2387 459 2433 natus.
473 2406 500 2416 -
511 2380 622 2431 cohibent
629 2380 740 2444 σσίεοσο]
754 2382 804 2431 Eu·
840 2382 898 2432 728.
917 2381 1081 2433 offensarum
1104 2385 1131 2433 et
1152 2384 1370 2435 coniurationum

277 2456 328 2520 rip.
351 2456 440 2507 Pirith.
464 2457 567 2519 Fragm.
592 2456 634 2505 [V.
657 2455 739 2506 Diud:
763 2451 803 2517 ὥς
841 2456 867 2506 in
885 2456 1034 2520 principem
1051 2458 1105 2508 reis
1122 2460 1255 2521 cogitavit.
