2934 4884
485 378 546 428 ΗΒ.
564 379 582 428 l.
618 381 648 428 C.
667 379 731 430 HV.

262 533 311 599 Nil
333 533 427 621 protis
449 533 579 599 timidus
601 535 710 600 navita
729 535 892 623 puppibus

304 654 396 722 Fidit.
432 657 495 731 Τιι,
518 655 580 722 nisi
601 656 706 723 ventis

343 775 453 844 Debes
474 775 664 854 ludibrium,
688 797 777 843 cave.

260 956 371 1042 Nuper
391 953 563 1021 sollicitum
586 955 771 1042 quaemihi
793 954 950 1030 taedium,

260 1077 353 1144 Nunc
375 1074 576 1156 desiderium
597 1097 742 1165 curaque
764 1098 829 1144 non
851 1077 944 1156 levis,

151 1378 192 1430 ti.
211 1378 325 1428 tunidm
340 1373 366 1441 ξ,
383 1380 414 1427 ut
429 1376 550 1428 voluerat
565 1375 645 1428 iulius
663 1379 762 1429 Caesar
779 1377 902 1442 Scaliger.

88 1649 134 1713 tile]
158 1649 249 1698 Etiam
273 1648 302 1697 in
321 1647 363 1697 his
385 1647 478 1698 turbas
497 1645 615 1698 nonnulli
685 1647 725 1697 td.
760 1649 846 1714 Debes]
872 1653 902 1700 ut
924 1643 1112 1712 ὀφλισκάνειν
1128 1655 1174 1720 γέ·

89 1724 263 1783 coneiiarunt,
278 1735 444 1786 quamquam
453 1724 615 1772 constructio
651 1719 744 1786 tora,
766 1720 859 1788 δίκην.
894 1725 982 1790 Enrip.
1008 1725 1098 1778 Helen.
1123 1731 1171 1780 67:

89 1803 125 1848 est
141 1796 283 1848 iacdlima:
305 1797 503 1858 commista,
522 1799 613 1860 utpote
651 1795 693 1861 μή
715 1811 769 1862 μοι
791 1826 806 1836 -
822 1828 837 1838 -
859 1797 1001 1866 αἰσχύνην
1023 1795 1110 1874 ὄφλῃ.
1145 1806 1173 1855 ln

88 1885 152 1934 qnae
170 1873 208 1922 sis
216 1872 411 1933 meamea
425 1871 547 1935 adeoque
559 1872 616 1936 pllio
652 1884 731 1935 prosa
757 1875 823 1922 orat.
849 1887 946 1936 «eave,
976 1889 1010 1925 ne
1035 1877 1173 1938 debeas»;

86 1949 160 1996 atnoe
177 1947 283 2009 naute,
306 1948 383 1997 iactes
401 1961 479 2011 penus
500 1950 614 1997 tauma
651 1945 695 1996 hic
709 1950 800 1998 autem
814 1950 910 2000 miscet
925 1949 991 2001 duas
1003 1953 1176 2002 construetio-

89 2017 264 2075 lmonendum
281 2021 335 2072 boc
350 2025 408 2072 eret
422 2025 534 2086 propter
550 2021 614 2083 flu,
652 2034 714 2071 nes:
740 2019 828 2084 illam,
848 2027 875 2073 et
893 2025 958 2074 anisi
975 2027 1059 2077 mavis
1075 2028 1172 2090 perire.

87 2098 128 2159 qui
156 2097 296 2147 distinxit:
332 2097 487 2158 «Qum,
513 2097 616 2148 Pontico
651 2109 743 2146 cave.»
766 2097 828 2148 Aliis
842 2097 953 2148 fortasse
965 2101 1049 2162 magis
1060 2099 1176 2164 placebit

85 2173 170 2234 ριίιιιε,
193 2171 283 2220 Sitoee
297 2171 353 2234 fitia
368 2171 458 2220 oobtttr
471 2171 561 2233 lactas,
587 2169 615 2221 id
651 2170 844 2233 Dillenburgeri
861 2173 943 2234 ratio,
965 2176 1010 2238 qui
1028 2188 1090 2225 cum
1107 2175 1173 2225 Edd.

87 2249 138 2296 est:
159 2249 201 2296 ute
216 2245 306 2295 iactes
319 2244 400 2297 tiliam
412 2246 505 2308 cet.»):
525 2247 616 2298 «iocos
651 2247 731 2306 vett,
759 2247 838 2296 etiam
852 2245 966 2307 aldium,
993 2251 1104 2311 utraque
1121 2250 1175 2298 vir-

87 2327 109 2370 et
122 2335 223 2380 mm,
240 2332 313 2382 quae
328 2319 393 2370 nihil
407 2321 516 2370 omnino
532 2323 559 2371 te
572 2323 615 2372 iu·
651 2319 712 2384 gula
729 2318 831 2370 deleta:
851 2321 918 2371 «Est
933 2335 1062 2382 narsus»,
1081 2323 1174 2386 inquit,

86 2400 172 2446 tant.»
207 2396 239 2444 In
254 2408 283 2444 v.
300 2395 377 2445 iactes
400 2407 465 2445 sane
487 2393 554 2448 lenis
573 2401 616 2448 est
652 2393 737 2446 «illud
753 2397 848 2459 poetae
865 2395 1014 2458 artificium,
1034 2409 1087 2459 quo
1104 2396 1175 2446 idem

86 2470 277 2534 reprehensio,
314 2482 486 2533 nequaquam
525 2473 615 2522 tamen
652 2483 751 2520 nomen
767 2471 836 2520 inter
852 2469 905 2520 duo
922 2468 1176 2522 verbanolloeatum

88 2547 158 2608 qnasi
183 2543 287 2604 delicti,
312 2546 423 2608 propior
447 2543 519 2608 qnod
538 2559 615 2596 com·
651 2546 789 2608 utriusque
812 2543 947 2596 obiectum
971 2547 1012 2596 est
1036 2545 1108 2610 quod
1129 2559 1177 2596 vo-

86 2621 196 2670 missnm
213 2617 331 2667 deorum
343 2631 412 2680 pace
427 2619 454 2668 et
465 2618 560 2670 auxilio
576 2622 616 2671 in·
651 2621 726 2669 cant:
749 2620 819 2670 Cave
841 2618 1000 2680 ludibrium,
1022 2621 1071 2670 nisi
1091 2619 1176 2670 debes

87 2693 164 2756 digna
181 2693 253 2742 iacta
271 2693 315 2742 sit.
355 2691 513 2742 Incredibile
529 2707 614 2760 prope
651 2691 803 2744 ludibrium.
846 2695 964 2744 Dicimus
991 2695 1062 2744 enim
1085 2695 1175 2746 Latine

86 2772 140 2826 est,
162 2768 278 2832 propter
300 2765 368 2827 boc,
392 2769 471 2830 puto,
489 2767 612 2831 verbum,
651 2781 712 2817 cave
732 2781 834 2829 oanan,
860 2766 962 2818 similia.
998 2767 1050 2819 Cir.
1075 2769 1127 2818 Sat.
1150 2771 1174 2827 t,

87 2841 218 2905 Scaligero
232 2840 367 2905 placuisse
378 2842 502 2900 ινιιιέάως
521 2855 616 2906 quam·
651 2842 676 2903 l,
706 2843 772 2892 85.»
807 2842 883 2892 Nolui
910 2845 1001 2893 tamen
1022 2841 1174 2893 oblitterare

87 2929 165 2979 qaam
189 2916 268 2966 idem
291 2917 430 2981 repertum
454 2918 497 2966 est
514 2918 541 2968 in
560 2931 614 2968 uno
651 2929 758 2976 meam,
785 2919 897 2982 utraque
916 2920 946 2966 ut
962 2916 1050 2968 denuo
1067 2917 1101 2968 ab
1119 2916 1176 2968 aliis

88 2991 150 3040 Cod
171 2989 249 3041 Leid.
651 2991 825 3056 expendatur.
1009 3011 1012 3018 ¹
1157 3031 1160 3048 ,

685 3067 773 3116 ti-id.
811 3067 927 3132 locatimve]
962 3069 1047 3118 «Post
1071 3065 1175 3118 cladem

119 3139 157 3190 ta.
167 3139 211 3191 li.
225 3139 325 3204 mmm]
337 3141 452 3210 κυρίως,
463 3141 614 3205 «antiquam
651 3140 849 3205 Philippensem
870 3141 1006 3204 aegritudo
1019 3155 1081 3192 cum
1098 3143 1176 3192 satie-

89 3215 124 3263 rei
149 3212 278 3278 publicae
305 3213 450 3277 glorim.»
478 3243 505 3252 —
532 3217 614 3283 pictis]
651 3218 704 3266 tate
717 3215 823 3266 militiae
842 3229 873 3265 ac
890 3229 980 3266 rerum
998 3215 1114 3266 civilium
1131 3229 1175 3266 me

89 3289 191 3352 Puppes
216 3289 379 3340 intrinsecus
401 3292 428 3339 et
450 3292 615 3344 extrinsecus
651 3293 781 3354 ceperat„
807 3289 895 3354 (murita
916 3293 987 3342 enim
1006 3304 1132 3353 perverse
1150 3295 1177 3340 et

89 3365 162 3413 rariis
182 3361 323 3415 coloribus
339 3363 524 3428 pingebantur.
558 3368 615 3416 lam
651 3365 775 3429 imperite
791 3366 818 3416 in
835 3365 955 3429 partibus
969 3365 1082 3414 Brutinis
1102 3367 1176 3426 gesta

90 3439 154 3501 apud
178 3440 330 3488 Homerum
352 3437 380 3489 Il.
404 3437 433 3500 β,
460 3441 521 3491 637:
548 3439 615 3508 νῆες
651 3439 745 3503 erant),
763 3453 858 3500 «nunc,
875 3437 1176 3490 oumseiustuadenuo

90 3509 292 3586 μιλτοπάρῃοι.
319 3515 442 3577 Etpictus
455 3515 616 3568 solitumest
651 3515 753 3577 agitur,
783 3527 908 3576 magnam
938 3513 1000 3563 mihi
1024 3525 1115 3562 curem
1139 3514 1177 3563 in-

91 3589 195 3638 nam'mn
221 3588 357 3638 ἐπίθετον
379 3590 452 3653 apnd
468 3591 613 3654 Virgilium.
650 3589 708 3639 iicis
724 3602 756 3639 ac
773 3589 945 3638 doudecim»
980 3589 1075 3649 Recte,
1100 3591 1174 3653 puto,

91 3661 613 3727 niena,43⁴.a,93.)0vid.rast.t,auo:
650 3663 771 3714 Ldbker:
795 3665 882 3714 Horou
905 3664 998 3726 apriebt
1020 3665 1066 3714 den
1087 3665 1176 3714 Wecb-

86 3737 152 3797 picta
170 3737 299 3787 coloribus
315 3740 523 3802 tow-puppis,
541 3742 615 3804 quod
649 3741 685 3790 acl
705 3741 787 3790 setoer
808 3741 942 3790 besondem
958 3740 1104 3802 potiitscben
1127 3741 1176 3790 Ge-

90 3810 279 3876 erplicatPlin.
297 3814 328 3863 H.
343 3817 373 3864 N.
387 3813 428 3874 35,
441 3813 483 3865 lt.
512 3815 615 3866 Seneca
649 3817 758 3877 donuae
778 3828 827 3864 oon
844 3816 888 3864 der
904 3809 1178 3879 eiqeoenoemnssaldck·

91 3887 131 3949 Ep.
148 3887 199 3936 76:
216 3887 616 3952 Nooislonodictturoonquoe
650 3895 691 3939 teo
709 3889 863 3940 ilietinobme
887 3890 924 3939 oe
939 3904 974 3940 ae
988 3891 1069 3940 minor
1084 3903 1176 3953 pepen-

86 3962 199 4021 paese
213 3962 339 4011 coloribus
346 3964 418 4024 picto
428 3971 472 4025 est,
489 3980 534 4015 nec
544 3967 615 4016 culeo
649 3965 775 4028 wdrtlgeo
792 3966 906 4028 lanigero,
931 3965 991 4014 aber
1007 3964 1086 4013 stilico
1106 3963 1177 4013 liobe

88 4037 160 4085 tuda
174 4036 251 4086 ebore
265 4038 365 4087 caelato
378 4044 427 4100 ert,
451 4067 478 4075 —
499 4042 542 4090 red
559 4046 614 4090 sto-
649 4055 709 4091 sum
722 4043 811 4092 Stante
822 4055 876 4092 aus.
902 4038 1046 4090 Sollicitum
1058 4038 1174 4089 taedium

90 4111 140 4160 we
164 4116 190 4161 ot
213 4114 301 4175 flama.
342 4115 456 4180 Dempta
482 4116 611 4178 imagine:
650 4117 739 4166 dmmkt
756 4118 838 4166 educo
855 4117 942 4180 cigneo
964 4115 1061 4166 deducit
1080 4127 1115 4163 oo
1132 4114 1177 4163 der

90 4186 174 4236 «Vana
196 4186 296 4238 virium
319 4190 410 4252 specie
439 4203 520 4242 nemo
548 4205 618 4242 con·
649 4192 820 4255 Kriepmrbeit
836 4193 878 4241 des
893 4191 994 4241 stactes
1010 4203 1063 4239 oro.
1081 4217 1107 4226 -
1126 4203 1175 4239 noo

40 4323 45 4334 Ι
90 4261 174 4309 fidit·
649 4266 717 4329 teoto]
735 4279 784 4330 per
795 4265 900 4318 solitam
913 4262 1046 4328 λιτότητα
1065 4266 1177 4328 «gravis-
