2934 4884
469 408 527 457 Llll.
553 408 593 457 lV.
629 408 657 457 C.
677 407 742 457 lllll.

276 568 410 631 Lentum
433 562 595 631 sollicitas.
639 561 695 630 llle
717 562 850 629 virentis
872 573 905 628 et

319 688 440 753 Doctae
462 683 603 772 psallere
628 682 727 751 Chiae

366 804 513 873 Pulchris
535 802 674 871 excubat
697 804 729 868 in
750 805 853 892 genis.

277 967 481 1052 importunus
503 963 589 1031 enirn
612 962 787 1029 transvolat
808 962 916 1029 aridas

278 1087 427 1167 Quercus
448 1094 480 1150 et
501 1083 618 1171 refugit
638 1094 685 1161 te,
710 1085 788 1172 quia
808 1082 905 1150 luridi
1152 1084 1193 1148 it)

319 1208 456 1283 DenteS,
480 1216 512 1272 te
534 1206 611 1292 quia
632 1226 733 1293 rugae

363 1328 505 1414 'lurpant
526 1337 559 1392 et
580 1326 693 1413 capitis
714 1326 815 1393 nives.

275 1486 342 1552 Nec
365 1485 450 1553 Coae
474 1484 616 1551 referunt
638 1484 702 1551 iam
724 1484 781 1550 tibi
805 1506 970 1572 purpurae

278 1607 344 1673 Nec
366 1605 443 1673 clari
466 1604 591 1692 lapides
614 1615 775 1692 tempora,
799 1626 884 1693 quae
906 1606 1008 1672 semel

170 1796 214 1845 40.
233 1795 343 1845 Frondss
359 1807 428 1845 unus
445 1794 574 1845 Torrentii
591 1806 624 1843 ex
642 1794 731 1845 Germ.
751 1795 844 1858 me,
859 1796 898 1845 te.
919 1824 946 1833 —
966 1794 1006 1847 ti.
1025 1795 1160 1856 ccribST,

134 1870 259 1921 Blandin,
287 1870 442 1933 antiquiss,
469 1866 540 1929 βκ,ῦ
559 1870 586 1917 et
607 1867 741 1920 Bentleius
764 1868 904 1933 (probante
928 1868 1053 1920 Paldamo
1073 1871 1159 1920 Ataia

136 1946 207 1995 diua
226 1944 258 1993 N.
277 1944 305 1993 F.
324 1944 366 1993 vi.
384 1956 411 2007 p.
431 1942 516 2006 633.),
534 1943 594 1992 rari
609 1955 745 2007 superscr.
765 1944 792 1993 in
808 1943 835 1993 b.
856 1944 895 2006 (Ut
911 1957 975 2005 nos,
993 1944 1052 2007 Bd.)

102 2114 238 2161 saevus»,
265 2102 295 2149 ut
319 2112 400 2164 saepe
424 2100 495 2164 apud
517 2101 571 2150 Cic.
597 2100 631 2152 de
670 2114 702 2150 ac
718 2113 806 2164 paene
827 2100 990 2165 pellucidae,
1017 2100 1195 2165 quibustuae

103 2176 226 2241 tyrannis
247 2177 327 2238 utque
351 2174 503 2225 hominibus
526 2177 633 2225 iracun-
669 2175 748 2225 huius
760 2176 867 2238 generis
883 2173 1023 2225 libertinae
1041 2174 1194 2226 utebantur.

101 2250 143 2300 dis
156 2252 185 2301 et
198 2247 361 2299 crudelibus.
378 2250 428 2298 Pro
439 2248 504 2299 liab.
518 2250 594 2313 perd.
608 2263 630 2299 r.
670 2252 722 2299 Sat.
737 2249 765 2310 l,
779 2251 809 2310 Ξ,
823 2250 867 2299 404
881 2264 886 2298 :
905 2250 961 2299 Cois
970 2249 1015 2299 tibi
1021 2262 1103 2312 paone
1113 2251 1197 2299 didm

103 2324 381 2384 ezectticeuude
405 2324 633 2385 importunam
669 2321 1118 2385 crtUtcudcm.Tibull.2,3,56:
1150 2324 1197 2373 illc
1274 2356 1282 2370 .

102 2398 244 2449 tribunicia
276 2398 388 2458 actione,
423 2398 464 2447 sed
490 2399 571 2461 repta.
603 2422 629 2433 —
671 2397 809 2461 (Nemesis)
827 2403 901 2461 perat
915 2402 992 2446 vestes
1007 2402 1103 2459 muer,
1131 2411 1195 2458 quas

102 2474 195 2523 cridae
212 2472 334 2536 οωναιπ]
361 2473 403 2521 Sic
428 2474 520 2522 Graeci
544 2473 634 2523 hemi·
668 2472 833 2534 [arduceon
850 2472 954 2533 lacuit,
981 2476 1089 2521 curatae
1110 2472 1194 2533 dispc-

104 2560 152 2597 nes
164 2546 245 2597 senio
261 2545 397 2596 conlectos
408 2542 567 2617 γεράνδρυα
583 2559 633 2596 vo-
670 2547 768 2607 scitque
783 2548 847 2596 viar.
866 2548 895 2608 Ξ,
908 2546 938 2607 l,
951 2547 998 2597 29:
1018 2552 1041 2596 ct
1057 2546 1109 2597 Coc
1122 2547 1195 2608 prei-

104 2622 175 2671 cant.
213 2621 280 2669 Item
292 2619 496 2681 0d.i,25,t9.
523 2620 633 2682 Lydiam
670 2622 701 2670 iis
718 2622 794 2671 Vertis
812 2627 835 2671 ct
855 2622 963 2672 ambro
989 2621 1075 2671 lucide
1100 2621 1196 2671 concite

104 2708 168 2746 cum
187 2694 269 2743 cridia
281 2694 411 2756 frondibus
428 2697 575 2757 comparat.
602 2695 635 2745 Et
669 2697 747 2746 mati.
767 2697 852 2758 (ilem.
872 2697 970 2759 Hymn.
991 2696 1018 2744 in
1034 2694 1118 2760 Apoll.
1136 2694 1194 2745 Del.

103 2770 181 2819 Pers.
196 2769 227 2828 5,
240 2768 288 2817 59:
305 2768 590 2832 cctmrarnciicfcpi.
604 2796 630 2803 -
671 2769 717 2822 ii:
758 2765 842 2832 Κόως
866 2785 909 2830 τε,
948 2766 1032 2831 πόλις
1053 2766 1196 2839 Μερόπων

102 2842 152 2893 ΑΙίί
170 2842 261 2892 minus
279 2844 339 2906 apte
358 2842 536 2906 distinguunt:
563 2843 633 2907 resu-
670 2836 841 2914 ἀνθρώπων.
859 2843 993 2908 Meleager
1008 2845 1035 2893 iu
1047 2845 1125 2894 Anth.
1138 2844 1193 2894 Pal.

104 2919 142 2981 pit
159 2922 200 2977 te,
229 2917 291 2978 quta
306 2918 491 2968 insidiemur
511 2923 546 2979 tc,
573 2918 634 2979 cuia
671 2920 701 2967 ll.
720 2918 787 2969 466:
814 2914 947 2985 Ὀλβίστη
965 2918 1106 2989 Μερόπων
1135 2914 1197 2990 ἱερὰ

104 3002 192 3055 rupae
203 2992 271 3051 cei,
290 2990 342 3052 alii,
355 2994 385 3041 ut
395 2993 476 3042 lehn:
495 2992 596 3056 resupit,
611 2996 633 3041 tc
672 2988 774 3054 πόλις.)
795 3020 822 3029 -
846 2994 912 3043 cieri
928 2994 1036 3057 lapides]
1064 2994 1197 3044 «uniones

102 3066 167 3126 quia
187 3064 264 3113 tut-idi
278 3066 385 3125 liniter,
404 3071 427 3115 tc
442 3067 566 3128 quincei.
603 3067 633 3115 ln
670 3063 794 3129 pellucidi
825 3078 858 3114 nc
883 3065 1119 3129 resplendentes.»
1154 3067 1197 3116 sic

102 3141 197 3189 nostra
216 3137 396 3195 distinctione.
415 3152 497 3203 quam
509 3137 634 3203 praetulit
669 3152 761 3189 raram
778 3144 870 3188 cesten
889 3142 916 3188 et
928 3140 1075 3201 pelluciduli
1096 3142 1199 3190 delicies

101 3211 292 3275 Dillenburger
307 3225 366 3276 pag.
381 3213 437 3273 99.,
456 3212 584 3276 particula
600 3218 632 3273 et,
670 3213 762 3276 tepidis
778 3212 861 3275 iungit
878 3211 973 3262 catull.
992 3213 1038 3273 69,
1058 3212 1082 3261 3.
1101 3212 1195 3263 Tibull.

102 3290 132 3337 ut
155 3287 202 3339 ille
225 3290 309 3349 notat,
342 3290 396 3339 vim
423 3290 557 3353 quandam
584 3290 634 3339 ha·
672 3286 699 3346 i,
723 3287 755 3347 8,
779 3286 828 3335 39:
862 3285 920 3334 Non
941 3286 1007 3347 lapis
1029 3286 1109 3349 (unic)
1132 3288 1198 3337 Acnc

102 3362 150 3413 bet
177 3365 393 3414 consecutivam:
424 3366 467 3413 «et
490 3367 632 3427 propterea
669 3372 830 3423 parmaeque
839 3361 924 3408 iwcnt
934 3361 986 3408 cet.
1004 3360 1095 3409 Lectio
1106 3361 1197 3409 autem

101 3438 267 3501 relugitte.»
281 3463 310 3474 -
329 3438 414 3501 iuuat]
434 3437 536 3488 «illuvie
555 3450 634 3500 squa—
670 3435 735 3484 cinti
751 3432 794 3483 vel
811 3436 922 3497 propter
938 3431 1087 3503 ἐνάργειαν
1105 3431 1196 3484 oculos

103 3510 149 3562 lidi
180 3513 208 3561 et
228 3514 317 3562 crocei
343 3512 466 3563 colonien
490 3538 518 3548 -
544 3512 634 3573 demtis
670 3510 825 3559 moventem
850 3508 1026 3571 praeferenda
1050 3506 1108 3560 aliis
1129 3508 1195 3570 cari,

100 3585 185 3650 riwes]
209 3586 348 3649 Antipater
367 3587 459 3637 Thess.
478 3586 555 3636 Anth.
577 3586 630 3637 Pal.
669 3585 735 3633 rari.
761 3584 816 3633 Cic.
834 3586 897 3634 Acc.
916 3583 944 3633 in
954 3583 985 3633 V.
998 3582 1027 3644 l,
1040 3585 1087 3633 27:
1102 3585 1198 3646 pocula

102 3660 122 3709 l.
141 3672 206 3724 pag.
233 3660 291 3710 248.
319 3673 413 3711 senem
438 3664 517 3710 vocal
541 3656 632 3727 πολιῷ
669 3660 773 3722 cenati&
788 3659 906 3708 distincte
925 3658 1078 3708 ementis.
1108 3660 1196 3721 Atque

101 3730 196 3803 γήραϊ
217 3730 386 3798 νιφόμενον.
427 3733 533 3793 Quintil.
552 3736 582 3796 8,
602 3736 631 3795 6,
670 3733 830 3794 recordere,
849 3746 903 3797 qua
920 3732 1063 3798 cupiditate
1082 3732 1197 3783 Corinna

102 3808 149 3856 li:
178 3812 237 3856 atat
258 3813 282 3857 et
298 3810 391 3869 dures,
417 3809 513 3869 idest,
544 3808 633 3857 aton-
670 3808 797 3859 meretrix
820 3808 892 3872 apud
915 3810 1022 3858 Lucian.
1041 3806 1107 3858 Dial.
1126 3820 1194 3857 mer.

101 3881 202 3943 uberta
226 3882 387 3931 similitudine
408 3884 497 3931 ductae
519 3882 633 3933 transic-
670 3882 698 3943 6,
712 3881 737 3930 l.
756 3880 807 3931 sibi
819 3884 894 3945 optet
905 3879 1031 3947 ψήφους
1048 3872 1130 3941 τινός
1141 3893 1197 3930 πυ-

102 3954 198 4016 tionss,
216 3960 245 4004 ut
262 3956 355 4019 capitis
371 3956 455 4005 nives.
669 3959 795 4026 ραυγεῑς.
824 3954 892 4005 Alibi
909 3957 1000 4019 utique
1018 3956 1074 4005 cari
1090 3955 1208 4018 aptissi--

136 4029 250 4079 ⁴3-i6.
285 4030 529 4094 cone-purpurae]
563 4031 632 4080 seri·
669 4041 745 4081 mum
761 4031 934 4093 potestesse
960 4030 1073 4091 iapidmn
1098 4027 1196 4079 ἐπίθε-

103 4114 154 4152 cae
173 4115 207 4152 ex
225 4102 313 4155 subtili
326 4103 490 4168 bombycino
502 4103 546 4155 iilo
567 4118 633 4155 con·
668 4116 737 4163 rev,
754 4104 786 4152 ut
801 4114 865 4153 cum
876 4101 983 4153 Ovidius
1000 4104 1030 4152 A.
1043 4103 1073 4152 A.
1087 4102 1118 4165 3,
1133 4102 1189 4154 ⁴29.

102 4176 195 4227 textae
206 4178 234 4227 in
246 4178 302 4228 Coc
313 4176 411 4238 insula,
425 4179 451 4229 in
464 4190 545 4241 quum
557 4179 634 4229 bom·
670 4176 750 4227 dicit:
784 4179 830 4229 Vos
848 4190 946 4240 quomis
963 4191 1015 4228 uon
1033 4178 1101 4228 emir
1121 4190 1197 4228 aures

103 4248 192 4313 hyces
215 4264 248 4301 ex
274 4253 380 4303 Oriente
405 4252 629 4318 apportabantur,
669 4257 772 4303 mereto
788 4252 888 4316 lapillis.
912 4278 940 4289 -
960 4253 1086 4303 «Frustra
1106 4253 1194 4313 iam»,

193 4340 285 4389 linear.
301 4355 357 4389 ron.
375 4344 392 4391 l.
424 4356 461 4391 sn.
478 4355 556 4391 aaron
571 4343 606 4389 iii.
998 4343 1026 4389 ³9

301 4422 306 4441 .
