2934 4884
291 325 353 389 490
677 327 806 378 bonurn
824 327 993 378 canlllliull

462 483 566 548 Ducat
587 492 620 547 et
641 501 825 568 praegnans
847 481 937 547 oanis
959 491 1015 546 aut
1035 480 1077 546 ab
1099 501 1177 568 agro

461 605 547 668 liuva
569 601 748 668 decurrens
768 599 846 687 lupa
869 601 1049 677 Lanuvino,

586 726 728 810 Fetaque
750 721 872 810 volpes.

459 884 596 969 Rumpat
617 889 649 947 et
670 900 806 968 serpens
828 880 890 946 iter
910 880 1104 950 institutum.

460 1003 493 1068 Si
516 1023 576 1090 per
598 1001 765 1089 obliquum
787 1000 901 1067 similis
923 1001 1057 1088 sagittae

323 1193 347 1241 2.
362 1204 492 1256 praepone
507 1192 537 1240 B.
553 1217 579 1226 -
594 1190 617 1240 3.
630 1191 754 1260 ιηηίυίηη
771 1189 812 1238 Fi.
827 1187 926 1252 (Nullus
942 1201 1066 1239 meorum
1084 1189 1179 1252 Codd.)
1193 1219 1222 1227 —
1236 1192 1261 1242 5.
1274 1193 1346 1241 linae

319 1272 368 1328 pot
384 1267 490 1328 RbSTc,
514 1264 623 1316 Bentleii
641 1264 724 1315 codd.
743 1265 852 1328 praeter
868 1263 1057 1323 Graecianum,
1082 1264 1168 1314 acti:
1197 1264 1299 1326 ίίαηρίι
1314 1277 1343 1313 α

323 1339 344 1400 β
362 1343 436 1404 (Pott.
455 1341 484 1400 2,
503 1342 532 1401 t,
552 1339 586 1402 6.)
604 1337 687 1389 Bentl.
707 1339 741 1389 ll.
762 1339 801 1400 (ut
817 1351 879 1398 nos,
896 1338 930 1399 J.)

291 1507 357 1558 bere
379 1506 466 1558 solent
485 1507 671 1571 superstitiosi.
708 1506 747 1567 (Ut
767 1517 817 1554 ve·
853 1517 906 1567 que
930 1508 1077 1555 memorat:
1107 1500 1263 1577 προίόντος
1289 1500 1374 1557 αὐτοῦ

291 1596 352 1632 rum
378 1581 477 1642 latear,
504 1583 531 1631 in
555 1581 643 1630 Boerii
666 1579 817 1629 Disionon'c
853 1576 885 1627 ἐκ
912 1575 965 1642 τῆς
989 1578 1085 1641 οἰκίας
1109 1575 1183 1645 γαλῆ
1207 1577 1257 1630 dui
1282 1583 1375 1646 μέσον

292 1658 443 1708 άηίίίηίκιιο
457 1657 602 1706 Venssiunc.
624 1654 730 1704 Vanesia
743 1653 815 1702 ⁴829.
853 1647 938 1713 σφῶν
963 1649 1082 1722 διῇξεν.)
1111 1683 1137 1691 -
1165 1657 1299 1706 leowine
1322 1657 1375 1706 siue

294 1745 319 1780 v.
341 1743 476 1792 ρακκηηη
504 1743 557 1780 non
585 1730 738 1792 comparet,
767 1726 817 1776 sed
852 1726 975 1776 lmioino
1001 1728 1124 1791 (utroque
1148 1729 1231 1781 modo
1254 1731 1376 1780 scribitur

287 1804 436 1866 ponusolc,
455 1804 561 1853 linnaei
574 1815 657 1865 ραικ
672 1803 771 1861 maior,
789 1800 817 1850 id
854 1802 934 1851 etiam
945 1803 973 1853 in
983 1803 1128 1866 Inscripti.)
1141 1818 1156 1853 a
1168 1807 1302 1867 Lanuuio,
1315 1807 1376 1857 Latii

292 1881 347 1940 est,
375 1879 490 1942 Spiepcl-
507 1877 550 1927 vel
574 1875 735 1940 lilournsiss.)
768 1874 817 1926 liii
854 1876 964 1940 oppido,
988 1877 1061 1927 baud
1083 1876 1162 1941 longe
1186 1880 1262 1930 avia
1285 1881 1375 1945 Appia.

293 1951 424 2017 explicant
451 1953 605 2014 Griinspscltt
631 1952 682 2014 (cui
700 1949 816 2014 explica·
856 1976 884 1985 -
901 1950 1022 2014 licioque]
1041 1964 1152 2002 «recens
1170 1952 1271 2017 (letum)
1286 1957 1376 2012 enixa,

291 2027 355 2076 tioni
367 2026 438 2076 lavet
448 2040 472 2074 v.
489 2025 555 2088 ld),
575 2023 617 2076 alii
628 2025 718 2075 Kibilz.
739 2023 816 2088 Apud
853 2023 976 2086 adeoque
992 2023 1087 2074 catulis
1105 2024 1146 2075 lac
1157 2027 1294 2090 praebens
1311 2029 1322 2092 l
1338 2035 1343 2042 ·

291 2099 373 2150 Plaut.
385 2102 458 2150 Asin.
476 2099 507 2156 i,
527 2100 555 2160 l,
570 2099 609 2148 li.
630 2099 715 2148 lausia
727 2098 816 2148 omina
851 2097 936 2160 pand),
949 2110 1001 2160 qua
1011 2098 1295 2160 significationectiam
1306 2104 1377 2164 virg.

291 2175 487 2224 memorantur:
506 2171 816 2223 Placetcornicsstob
853 2168 906 2219 Ecl.
935 2173 962 2232 l,
992 2172 1033 2221 oo.
1064 2173 1129 2236 setas
1155 2173 1222 2223 dixit
1247 2178 1277 2224 et
1303 2177 1376 2225 Ouid.

290 2250 377 2310 loeva,
397 2261 498 2307 οοηηη,
512 2260 598 2308 parra
618 2245 658 2306 (al.
676 2245 766 2309 porro)
784 2244 816 2294 ob
852 2243 921 2296 Fast.
940 2247 969 2306 d,
992 2245 1054 2296 ⁴77:
1079 2247 1188 2297 latebras
1207 2249 1275 2310 [κτα
1293 2255 1379 2299 catu-

291 2320 813 2382 amara.cont.rrudent.adv.symm.
851 2319 964 2380 iosuae
990 2320 1100 2371 ίοηηια.
1142 2320 1210 2371 illibi
1240 2335 1307 2373 saue
1337 2329 1380 2374 est

289 2399 320 2458 i,
334 2398 393 2447 570.
414 2423 440 2432 —
462 2395 604 2460 recinentis]
631 2394 753 2446 «assidua
774 2397 816 2444 at-
853 2407 1052 2458 ·praegnans»,
1070 2398 1101 2444 ut
1116 2395 1190 2459 virg.
1208 2395 1263 2446 Ecl.
1282 2397 1312 2458 3,
1330 2399 1377 2448 ss:

290 2485 343 2535 que
362 2473 455 2533 arguta
467 2483 533 2536 voce
546 2471 692 2521 canentis.»
715 2470 815 2519 acantu
851 2469 1042 2518 Dades-Lecta
1062 2469 1132 2520 sdic
1154 2471 1204 2534 soto
1225 2473 1322 2533 pwori.
1349 2501 1376 2508 -

290 2546 405 2596 adversa
434 2543 615 2607 significare»,
654 2545 683 2594 ut
711 2557 816 2594 nonne·
855 2543 954 2604 Vulpem
978 2541 1053 2593 multi
1080 2544 1211 2608 explicant
1235 2546 1320 2596 «item
1343 2546 1380 2596 ab

289 2619 442 2680 mavoluit,
461 2631 511 2682 per
527 2631 557 2668 se
568 2632 594 2668 v.
612 2620 723 2668 recineret
734 2620 816 2680 signi-
851 2631 916 2680 egro
933 2618 1068 2667 Lanuvino
1086 2618 1276 2670 decurrentem
1284 2635 1306 2677 =;
1328 2622 1380 2670 sed

290 2694 371 2744 ficare
397 2707 449 2742 non
470 2693 567 2757 potest.
595 2719 622 2727 —
656 2693 814 2757 praeponas]
853 2705 915 2742 cum
932 2693 957 2741 in
976 2694 1031 2740 tam
1048 2692 1142 2755 rapido
1159 2706 1240 2744 cursu
1258 2694 1380 2752 discerni

289 2769 318 2817 ln
338 2765 532 2830 antiquioribus
552 2765 652 2824 codd,
677 2769 705 2813 ut
721 2766 747 2814 in
766 2779 816 2815 no·
852 2767 894 2815 vir
912 2767 1009 2829 possit,
1028 2780 1062 2816 an
1078 2767 1131 2829 teto
1147 2768 1181 2817 sit
1197 2781 1297 2829 necue,
1315 2782 1381 2819 ma-

289 2844 345 2891 stro
366 2843 399 2901 B,
435 2842 477 2890 est
502 2840 557 2888 lere
586 2851 723 2902 praepone.
773 2841 815 2889 Sic
852 2840 898 2890 lim
915 2841 1042 2903 equidem
1060 2841 1242 2905 interpretari:
1263 2844 1301 2892 esi
1318 2843 1382 2894 uol-

289 2917 315 2968 in
345 2917 476 2968 dmiatlno
502 2917 589 2966 Lucae
617 2917 647 2976 ί,
675 2917 703 2965 s:
732 2929 816 2966 acore
851 2928 915 2979 pem
931 2927 993 2964 eum
1010 2913 1103 2964 catillis
1121 2919 1316 2980 conspexerit..

286 2997 435 3055 praapnato.
884 2990 908 3038 t.
926 2988 1043 3051 nampac]
1057 2990 1262 3054 «interrumpat,
1278 2991 1382 3041 incidat

245 3089 248 3096 ·
321 3065 345 3114 3.
364 3065 389 3115 l.
414 3065 500 3128 buco]
519 3064 720 3128 Epod.td,33:
738 3079 815 3115 rocos
850 3063 938 3126 impiis
955 3063 1006 3112 iter
1022 3063 1184 3122 institutum,
1202 3063 1382 3116 malaiismi-

289 3137 428 3189 &bones
464 3141 565 3188 «flaons
589 3136 753 3209 (χαροηός)
778 3140 813 3189 ad
850 3137 949 3185 uitetur
977 3136 1057 3188 etiam
1082 3148 1196 3200 serpens
1221 3140 1381 3191 transversa

288 3212 380 3264 ocurlos
397 3212 452 3264 lere
470 3213 586 3264 relertur
603 3216 630 3264 et
646 3215 758 3266 mixtum
775 3215 814 3264 iu·
850 3223 884 3260 er
899 3212 976 3274 parte
994 3209 1134 3261 celerrime
1156 3210 1277 3264 allabens
1297 3227 1381 3266 mau-

288 3287 360 3337 dicat
384 3285 502 3338 colorem
529 3301 562 3337 ex
585 3287 661 3351 nigro
678 3289 706 3337 et
731 3286 811 3337 lulvo.
850 3295 954 3347 nosque
965 3284 1202 3347 perterrefaciens,
1215 3286 1320 3338 scilicet
1330 3291 1379 3351 ita,

289 3363 390 3424 (Festus
409 3375 430 3412 s.
444 3375 469 3412 v.
492 3365 579 3412 Acron
596 3361 630 3411 ad
646 3362 672 3411 h.
692 3359 720 3424 l.)
739 3362 813 3412 lianc
848 3359 879 3407 ut
902 3358 964 3407 huic
986 3359 1068 3409 omini
1090 3359 1197 3411 sclerati
1218 3374 1273 3412 noa
1290 3366 1381 3428 magis

287 3437 406 3500 speciem
417 3435 608 3488 versicolorem
616 3435 756 3486 oculorum
767 3437 812 3486 iris
848 3435 961 3497 pareant
978 3446 1060 3496 quam
1076 3435 1212 3498 prioribus
1226 3435 1276 3488 illis
1288 3451 1381 3502 aeque

287 3511 313 3560 in
338 3509 427 3560 multis
448 3509 606 3562 animalibus
629 3512 665 3560 ita
681 3510 810 3576 praebet,
848 3507 970 3558 inlaustis
992 3508 1108 3571 ideoque
1129 3512 1279 3572 peream,-
1305 3525 1380 3574 quae

287 3586 316 3634 ut
332 3597 363 3634 ex
390 3585 464 3646 nigro
490 3583 580 3635 colore
606 3585 679 3635 iridis
706 3583 811 3648 igniculi
848 3581 959 3645 quidem
981 3584 1113 3633 sententia
1136 3584 1280 3634 deducitur
1297 3599 1333 3635 ex
1350 3600 1379 3636 v.

287 3657 397 3721 quidam
423 3659 479 3708 auri
518 3659 602 3709 instar
634 3658 809 3722 refulgeant.»
848 3657 936 3715 ducat,
954 3659 1097 3721 praeterea
1108 3659 1381 3721 particctnecessa-

287 3733 378 3781 Lucus.
400 3759 426 3767 -
450 3733 597 3796 decurrens]
625 3747 655 3782 ex
674 3733 740 3782 silva
763 3731 812 3782 ali-
848 3733 888 3780 rio
906 3743 955 3781 uos
968 3731 1073 3781 reducit
1088 3731 1123 3781 ad
1140 3733 1237 3794 κηρία.
1256 3733 1382 3796 Quapro

286 3809 386 3870 quanto
416 3803 492 3856 altius
521 3807 570 3856 sita
598 3807 624 3856 in
657 3808 728 3857 viam
756 3809 812 3871 Ap-
847 3807 909 3870 pter
918 3805 1009 3856 locum
1021 3819 1074 3856 non
1087 3805 1288 3868 babetntmpit,
1301 3809 1378 3868 quod

286 3882 366 3944 piam.
414 3880 455 3929 Sic
485 3881 607 3932 Hermiae
635 3881 670 3931 ad
695 3879 808 3931 Phaedr.
848 3895 881 3930 ex
890 3880 956 3931 Cod.
967 3881 1125 3942 Graeciano,
1139 3881 1182 3929 cui
1191 3879 1297 3929 accedit
1305 3893 1377 3930 unns

286 3967 345 4018 pag.
365 3953 405 4004 st.
425 3956 479 4004 Ast.
500 3954 569 4005 inter
591 3956 680 4005 omina
697 3955 809 4006 inlausta
847 3957 912 4005 item
926 3955 1074 4016 Vanderb.,
1094 3952 1218 4018 praetulit
1228 3953 1377 4005 bentleiusz

287 4029 408 4077 meminit
424 4025 513 4094 γαλῆς
530 4025 707 4098 δραμούσης.
730 4030 810 4091 (inter
848 4043 917 4092 quae
939 4030 1004 4079 satis
1032 4028 1124 4092 trigim
1151 4031 1223 4078 esset
1251 4041 1380 4079 comme-

287 4100 397 4150 inionsta
410 4103 511 4164 omina,
531 4115 601 4166 quae
613 4103 699 4153 Seiani
713 4116 809 4153 necem
847 4105 961 4154 moratio
981 4101 1048 4153 alius
1071 4103 1167 4153 ominis
1184 4101 1306 4162 infausti,
1333 4109 1381 4154 cui

286 4179 504 4238 praecesserunt,
524 4177 572 4227 Dio
585 4177 629 4236 58,
642 4179 665 4226 5.
675 4177 732 4226 boc
745 4190 810 4240 quo
847 4181 937 4227 utrum
955 4178 1014 4240 quis
1030 4179 1151 4241 paruerit
1167 4189 1253 4228 necne
1264 4191 1321 4228 non
1334 4180 1381 4229 di·
