2934 4884
510 359 611 410 Libuit.
647 359 745 412 CARM.
767 359 843 410 xvir.
906 362 914 371 '

253 517 376 582 Cruore
398 514 515 580 rubros
540 513 696 581 obstetrix
719 535 844 602 pannos
866 515 956 590 iuvit,

250 636 419 722 Utcunque
442 635 531 701 tortis
554 633 664 701 exsilis
685 655 858 722 puerpera.

294 755 378 835 Quid
401 754 560 822 obseratis
584 755 717 821 auribus
741 755 848 821 fundis
873 757 1019 844 preces?

251 877 320 941 Non
344 896 422 940 saxu
443 875 538 942 nudis
563 876 714 942 surdiora
736 876 850 942 navitis

252 997 419 1082 Neptunus
441 995 507 1062 aito
531 996 634 1062 tundit
656 996 810 1063 hibernus
839 996 918 1062 saio.
1173 1001 1212 1062 iiii

254 1115 376 1182 inultus
396 1128 432 1182 ut
457 1125 492 1181 tu
515 1116 626 1182 riseris
651 1117 790 1204 Cotyttia

252 1237 398 1324 Vulgata,
422 1257 551 1303 sucrum
569 1236 663 1303 liberi
685 1235 867 1324 Cupidinis,

189 1474 230 1523 56.
257 1472 350 1520 iuuttru
366 1474 391 1520 et
405 1471 463 1519 tuT
481 1471 542 1532 (nou
555 1467 628 1533 Bbe).
644 1496 671 1505 -
689 1470 787 1530 cucutia
797 1469 857 1520 1th
876 1472 938 1534 (non
950 1471 983 1534 o).
999 1499 1026 1508 -
1045 1474 1085 1522 57.
1104 1486 1180 1523 suoru

156 1547 273 1598 Pettierii
291 1544 364 1605 libri,
383 1546 509 1608 quattuor
527 1545 564 1605 (3,
582 1545 611 1605 7,
631 1546 658 1604 9,
679 1545 729 1605 ⁴5.)
749 1546 876 1609 exceptis.
897 1544 1006 1608 (socnam
1022 1547 1061 1609 Τ.)

123 1761 227 1812 Becker
253 1759 341 1810 (tuitus
366 1759 416 1824 (ed.
444 1757 498 1822 ait.)
527 1761 570 1810 iii.
588 1773 648 1824 pag.
687 1771 768 1822 pera,
793 1771 889 1823 reapse
907 1759 1033 1824 peperisti
1051 1774 1102 1812 uec
1120 1761 1212 1813 obste-

125 1837 175 1885 295
192 1847 233 1897 sq.
687 1832 736 1882 trix
754 1833 819 1882 iuvit
835 1835 860 1883 te
878 1833 913 1883 ud
930 1834 1103 1898 decipiendos
1125 1837 1212 1887 bomi-

157 1908 267 1959 iti-su.
298 1907 430 1971 hospitate]
457 1904 591 1959 «clemens
618 1923 651 1959 ae
686 1919 736 1956 nes
758 1905 849 1957 iuvuns
872 1921 975 1971 pannos
999 1908 1049 1958 aiio
1067 1923 1148 1973 quam
1166 1914 1211 1962 tuo

125 1985 218 2034 mite.»
232 2009 259 2018 -
269 1995 353 2044 pirrus
362 1982 461 2046 munte]
481 1984 648 2046 usauguine.
687 1994 782 2030 cruore
799 1981 937 2031 iniectos.»
955 1983 1011 2032 Hoc
1029 1995 1121 2034 rursus
1133 1986 1213 2048 sigui·

127 2084 155 2094 -
176 2055 499 2120 emmerammianos
515 2059 606 2120 partus
624 2060 651 2108 ei
686 2053 750 2104 ucat
765 2053 902 2104 simulatos
921 2055 978 2106 eius
996 2067 1055 2106 esse
1073 2060 1165 2120 partus
1177 2057 1211 2107 ud

124 2129 221 2180 tilius.»
251 2131 332 2179 eiiam
356 2130 408 2179 hoc
430 2143 528 2180 nomen
555 2133 650 2181 Puetu-
686 2128 756 2178 dona
779 2130 860 2192 atque
882 2129 1032 2181 herediates
1054 2144 1069 2180 a
1091 2131 1211 2182 moechis

124 2205 212 2254 meius
222 2205 263 2252 est
274 2215 372 2252 nomen
381 2203 554 2268 suppositioni,
567 2219 649 2269 quem
686 2202 840 2266 captandas,
854 2202 952 2265 quibus
960 2205 1139 2266 persuasisset
1148 2206 1212 2255 sub-

124 2278 178 2328 sibi
207 2276 290 2327 filium
319 2291 381 2328 esse
409 2278 533 2338 dicebat,
569 2293 649 2344 supra
685 2275 781 2326 ditivos
803 2277 853 2327 bos
875 2274 975 2326 liberos
998 2276 1032 2327 ab
1050 2279 1115 2342 ipsis
1135 2280 1210 2341 geni-

124 2354 198 2402 enim
211 2352 302 2415 (Epod.
316 2354 344 2411 5,
357 2353 392 2414 5,)
411 2355 574 2418 suppositicii
590 2367 651 2418 par-
685 2354 727 2402 tos
746 2363 814 2400 esse.

125 2429 169 2476 tus
180 2427 266 2489 ipsam
278 2437 353 2475 reum
366 2426 435 2477 tecit.
461 2429 549 2477 Venter
559 2431 649 2479 eutem
717 2425 822 2475 ti-sr.
841 2424 985 2488 Nousuuc]
1003 2425 1210 2488 «Naufrugorum

124 2500 169 2550 bic
204 2513 253 2563 pro
287 2503 365 2563 purtu
393 2502 525 2564 ponitur.»
563 2504 647 2552 Coun.
685 2503 713 2550 et
723 2499 819 2563 opibus
836 2497 1010 2562 spoliatorum
1026 2496 1141 2549 iumenta
1158 2513 1210 2552 non

124 2576 204 2630 Cnue.
218 2575 386 2636 Quamquam
394 2576 598 2626 eoncedendum
608 2579 649 2626 est
686 2576 781 2624 curent
805 2572 886 2623 surde
904 2586 993 2623 sexu.»
1019 2599 1046 2608 —
1073 2575 1210 2638 Nepturutu]

123 2645 256 2707 nuntiem,
286 2661 311 2696 v.
334 2653 422 2697 interm
443 2650 494 2699 bue
515 2651 649 2713 significa·
687 2650 774 2700 «Mure
791 2645 969 2711 procellosum
985 2646 1112 2697 verberat
1127 2649 1213 2699 iiucti-

124 2721 195 2770 tioue
213 2721 332 2770 usitatius
350 2734 419 2772 ease.
447 2724 521 2773 ovid.
541 2727 603 2775 Met.
623 2727 647 2786 6,
685 2723 738 2774 bus
761 2724 878 2772 cautes.»
907 2719 999 2770 Tibuli.
1025 2722 1055 2783 2,
1074 2720 1104 2782 i,
1128 2723 1152 2773 9.
1182 2750 1209 2760 -

126 2796 194 2844 tue:
229 2795 296 2844 uteri
314 2809 380 2856 pure
403 2802 438 2845 est
462 2798 523 2847 baec
544 2801 649 2861 septima
685 2797 781 2846 quttuu
801 2802 829 2847 ut
851 2797 892 2860 tu]
916 2793 1046 2859 supplicis
1064 2809 1145 2859 prece
1163 2809 1212 2848 su-

123 2869 212 2918 uoatrt.
247 2870 334 2930 Atque
354 2871 512 2921 Puettmteieu
533 2886 563 2922 re
584 2887 648 2923 vera
685 2869 770 2933 perbe
788 2873 899 2932 reiecta,
925 2883 987 2933 sagu
1005 2868 1073 2919 illico
1089 2871 1117 2919 in
1134 2883 1211 2922 uuer-

124 2955 223 2992 uomeu
241 2945 282 2992 est
293 2945 450 2994 Romanum.
469 2946 512 2996 Sic
522 2947 549 2996 P,
561 2947 650 2995 Pactu-
685 2941 825 2994 bissinum
849 2945 1056 3007 indignationem
1082 2945 1210 3009 erumpit,

123 3016 202 3065 metus
219 3019 262 3066 est
277 3017 304 3066 in
316 3017 488 3081 inscriptione
501 3020 573 3083 apud
585 3021 650 3070 Fur·
686 3017 763 3066 cuius
784 3016 895 3066 formula
920 3020 1002 3067 utitur
1018 3018 1089 3068 haud
1107 3032 1167 3068 rura
1184 3023 1212 3069 ut

124 3089 254 3139 iunettum
276 3091 361 3141 luviz.
381 3093 405 3141 (ι’
425 3093 526 3157 Ertep.
547 3095 586 3143 te.
618 3095 651 3144 Et
686 3102 749 3139 cum
773 3090 913 3152 interrog,
940 3092 1039 3141 utSat.
1058 3093 1088 3152 2,
1109 3094 1141 3154 ιι,
1161 3094 1209 3142 48:

123 3176 191 3226 gens
207 3165 358 3214 Pactumeiu
376 3164 427 3216 sub
444 3167 650 3231 imperatoribus
688 3165 749 3213 Uim
774 3169 857 3227 terum
880 3177 970 3224 spurco
995 3166 1095 3214 Damae
1122 3166 1212 3215 latus?

125 3238 239 3288 fecunde
250 3237 298 3286 iuit
309 3238 450 3290 consulum
463 3241 648 3292 suffectorum:
687 3239 741 3287 biv.
762 3237 790 3298 i,
809 3239 837 3298 ἲ,
856 3239 900 3288 iu:
929 3239 1000 3288 Iitiue
1015 3244 1044 3288 ut
1059 3241 1211 3299 impitus--

125 3314 154 3372 Q.
169 3312 325 3361 Pactumeius
346 3313 439 3363 Fronto
461 3327 486 3365 a.
504 3318 566 3379 posi
586 3317 649 3367 Chr.
687 3313 924 3376 conciteuttinttimu
932 3311 995 3362 betta
1003 3311 1026 3374 P,
1039 3313 1085 3361 ubi
1095 3315 1208 3362 Gronov.

124 3386 165 3435 80.
203 3387 358 3436 Pactumeius
390 3388 500 3439 Clemens
532 3403 556 3439 a.
592 3390 648 3440 438.
687 3389 715 3437 et
731 3387 810 3436 brak.
831 3385 878 3436 ulie
898 3385 1021 3450 exempla
1038 3385 1208 3449 collegerunt.

125 3459 151 3508 Τ.
169 3460 325 3509 Pactumeius
342 3461 452 3524 Maurius
466 3475 491 3512 u.
514 3463 570 3514 483.
596 3463 649 3514 cir.
687 3461 808 3512 Refertur
825 3463 915 3510 eutem
932 3460 966 3510 ad
983 3474 1041 3511 rem
1058 3473 1139 3524 quam
1150 3473 1212 3525 pro·

124 3534 192 3584 Fasti
218 3533 355 3585 consular.
376 3537 442 3587 Buit.
463 3551 487 3587 u.
509 3539 567 3588 8³2.
590 3538 648 3588 935.
686 3538 747 3598 pter
767 3535 950 3597 indignitatem
976 3535 1033 3584 fieri
1056 3547 1109 3584 non
1131 3547 1210 3598 posse

125 3609 198 3657 Grut.
209 3608 267 3667 846,
280 3609 304 3659 ιι.
323 3609 455 3661 Cardinaii
466 3613 648 3677 Dipioruipug.
686 3609 729 3658 vel
746 3610 878 3673 potuisse,
903 3607 961 3658 fieri
979 3621 1032 3658 nou
1050 3607 1151 3658 debere
1169 3606 1211 3658 vel

125 3683 182 3732 490.
211 3709 239 3718 -
267 3684 442 3746 cogitandum
467 3690 558 3736 eutem
579 3688 606 3736 b.
631 3686 648 3738 l.
687 3683 828 3742 debuisse,
847 3685 877 3731 ut
893 3683 920 3732 b.
934 3681 970 3744 i.,
990 3680 1211 3732 stomachabundi

125 3755 159 3805 de
177 3757 285 3806 bomine
302 3758 413 3808 ridiculo
429 3758 472 3810 rei
490 3761 606 3811 sordido.
620 3789 648 3799 -—
687 3757 898 3820 pronuntiemus.
929 3785 956 3792 -
987 3755 1108 3819 Cougttiu]
1138 3755 1209 3818 Virg.

125 3830 208 3879 Nimis
230 3834 322 3881 contra
344 3831 457 3893 insulsa,
488 3836 561 3884 certe
579 3835 650 3899 apud
688 3830 770 3882 Cutai.
790 3833 819 3892 5,
840 3831 883 3880 ιθε
909 3831 967 3880 Nou
981 3843 1022 3881 me
1036 3829 1137 3879 vocabis
1150 3830 1212 3890 pui-

125 3903 275 3963 iiorutium,
300 3905 383 3956 ultera
403 3910 445 3957 est
463 3906 542 3957 lectio
556 3915 650 3970 partu-
686 3907 749 3955 cbru
765 3917 814 3968 per
830 3905 941 3966 Gotuttiu
955 3906 994 3954 Art
1009 3905 1113 3968 seruatos
1130 3903 1211 3966 surci-

124 3978 214 4038 utetue,
238 3980 361 4042 «uterus,
386 3982 431 4044 qui
448 3984 555 4045 partum
573 3983 649 4044 quasi
685 3993 738 4030 uos.
774 3977 868 4029 Strabo
886 3979 926 4028 io.
947 3994 973 4042 p.
993 3980 1050 4028 iii.
1069 3979 1097 4027 u.
1117 3979 1207 4026 iuven.

125 4051 214 4110 metit,
232 4052 259 4101 id
272 4056 326 4114 est,
351 4056 397 4118 qui
416 4055 537 4106 iueiiiime
554 4058 649 4120 parit.»
685 4056 714 4115 2,
729 4054 757 4103 94
773 4066 814 4117 sq.
842 4055 967 4116 «impune
986 4053 1014 4101 tu
1031 4055 1062 4101 ut
1081 4049 1210 4113 evulgaris

128 4152 155 4164 -
170 4127 369 4193 thmgueceti
389 4131 649 4194 «Quotiescunquee
685 4131 766 4191 atque
783 4127 897 4177 irriseris
914 4127 985 4189 orgiu
1002 4124 1062 4186 iiia,
1081 4138 1150 4188 quue
1168 4137 1211 4175 ce-

126 4200 194 4250 iecto
215 4203 302 4264 surgis
323 4203 433 4254 robuste
451 4202 552 4253 seilicet
566 4216 649 4267 puer·
685 4201 822 4252 iebruntur
839 4215 854 4250 a
872 4200 976 4251 feminis
993 4199 1069 4260 selis,
1090 4213 1143 4250 uuo
1155 4203 1211 4250 tau·
