<?xml version="1.0" encoding="UTF-8"?>
<!DOCTYPE html PUBLIC "-//W3C//DTD XHTML 1.0 Transitional//EN"
    "http://www.w3.org/TR/xhtml1/DTD/xhtml1-transitional.dtd">
<html xmlns="http://www.w3.org/1999/xhtml" xml:lang="en" lang="en">
 <head>
  <title>
</title>
<meta http-equiv="Content-Type" content="text/html;charset=utf-8" />
  <meta name='ocr-system' content='tesseract 3.04.00' />
  <meta name='ocr-capabilities' content='ocr_page ocr_carea ocr_par ocr_line ocrx_word'/>
</head>
<body>
  <div class='ocr_page' id='page_1' title='image "./qhoratiusflaccu04baitgoog/qhoratiusflaccu04baitgoog_0463.png"; bbox 0 0 2934 4884; ppageno 0'>
   <div class='ocr_carea' id='block_1_1' title="bbox 501 370 770 421">
    <p class='ocr_par' dir='ltr' id='par_1_1' title="bbox 501 370 770 421">
     <span class='ocr_line' id='line_1_1' title="bbox 501 370 770 421; baseline -0.004 0"><span class='ocrx_word' id='word_1_1' title='bbox 501 370 558 421; x_wconf 75' lang='lat' dir='ltr'>ila.</span> <span class='ocrx_word' id='word_1_2' title='bbox 578 372 619 421; x_wconf 89' lang='lat'>111.</span> <span class='ocrx_word' id='word_1_3' title='bbox 656 372 684 421; x_wconf 88' lang='lat' dir='ltr'>C.</span> <span class='ocrx_word' id='word_1_4' title='bbox 706 372 770 421; x_wconf 84' lang='lat' dir='ltr'>xlv.</span> 
     </span>
    </p>
   </div>
   <div class='ocr_carea' id='block_1_2' title="bbox 345 524 609 593">
    <p class='ocr_par' dir='ltr' id='par_1_2' title="bbox 345 524 609 593">
     <span class='ocr_line' id='line_1_2' title="bbox 345 524 609 593; baseline 0 -2"><span class='ocrx_word' id='word_1_5' title='bbox 345 525 469 591; x_wconf 83' lang='lat' dir='ltr'>Parcite</span> <span class='ocrx_word' id='word_1_6' title='bbox 491 524 609 593; x_wconf 81' lang='lat' dir='ltr'>verbis.</span> 
     </span>
    </p>
   </div>
   <div class='ocr_carea' id='block_1_3' title="bbox 259 684 1173 1115">
    <p class='ocr_par' dir='ltr' id='par_1_3' title="bbox 260 684 837 751">
     <span class='ocr_line' id='line_1_3' title="bbox 260 684 837 751; baseline 0.003 -2"><span class='ocrx_word' id='word_1_7' title='bbox 260 684 317 751; x_wconf 85' lang='lat' dir='ltr'>llic</span> <span class='ocrx_word' id='word_1_8' title='bbox 339 684 411 750; x_wconf 82' lang='lat' dir='ltr'>dies</span> <span class='ocrx_word' id='word_1_9' title='bbox 432 706 509 750; x_wconf 92' lang='lat' dir='ltr'>vere</span> <span class='ocrx_word' id='word_1_10' title='bbox 532 684 607 750; x_wconf 88' lang='lat' dir='ltr'>mihi</span> <span class='ocrx_word' id='word_1_11' title='bbox 630 685 729 751; x_wconf 77' lang='lat' dir='ltr'>festus</span> <span class='ocrx_word' id='word_1_12' title='bbox 752 697 837 751; x_wconf 88' lang='lat' dir='ltr'>atras</span> 
     </span>
    </p>

    <p class='ocr_par' dir='ltr' id='par_1_4' title="bbox 259 806 874 893">
     <span class='ocr_line' id='line_1_4' title="bbox 259 806 874 893; baseline 0.003 -22"><span class='ocrx_word' id='word_1_13' title='bbox 259 806 381 871; x_wconf 84' lang='lat' dir='ltr'>Eximet</span> <span class='ocrx_word' id='word_1_14' title='bbox 403 826 514 883; x_wconf 88' lang='lat' dir='ltr'>curas;</span> <span class='ocrx_word' id='word_1_15' title='bbox 537 826 598 893; x_wconf 80' lang='lat' dir='ltr'>ego</span> <span class='ocrx_word' id='word_1_16' title='bbox 621 828 681 873; x_wconf 88' lang='lat' dir='ltr'>nee</span> <span class='ocrx_word' id='word_1_17' title='bbox 703 807 874 874; x_wconf 89' lang='lat' dir='ltr'>tumulmm</span> 
     </span>
    </p>

    <p class='ocr_par' dir='ltr' id='par_1_5' title="bbox 260 926 1173 1115">
     <span class='ocr_line' id='line_1_5' title="bbox 260 926 1173 1015; baseline 0 -22"><span class='ocrx_word' id='word_1_18' title='bbox 260 928 323 993; x_wconf 85' lang='lat' dir='ltr'>Nec</span> <span class='ocrx_word' id='word_1_19' title='bbox 347 926 427 991; x_wconf 84' lang='lat' dir='ltr'>mori</span> <span class='ocrx_word' id='word_1_20' title='bbox 451 947 511 1015; x_wconf 90' lang='lat' dir='ltr'>per</span> <span class='ocrx_word' id='word_1_21' title='bbox 532 928 597 992; x_wconf 76' lang='lat' dir='ltr'>uim</span> <span class='ocrx_word' id='word_1_22' title='bbox 619 938 761 994; x_wconf 85' lang='lat' dir='ltr'>metuam</span> <span class='ocrx_word' id='word_1_23' title='bbox 782 940 909 995; x_wconf 89' lang='lat' dir='ltr'>tenente</span> <span class='ocrx_word' id='word_1_24' title='bbox 1134 930 1173 995; x_wconf 75' lang='lat' dir='ltr'>tu</span> 
     </span>
     <span class='ocr_line' id='line_1_6' title="bbox 342 1048 617 1115; baseline -0.011 0"><span class='ocrx_word' id='word_1_25' title='bbox 342 1048 482 1115; x_wconf 83' lang='lat' dir='ltr'>Caesare</span> <span class='ocrx_word' id='word_1_26' title='bbox 507 1058 617 1114; x_wconf 86' lang='lat' dir='ltr'>terras.</span> 
     </span>
    </p>
   </div>
   <div class='ocr_carea' id='block_1_4' title="bbox 259 1208 958 1404">
    <p class='ocr_par' dir='ltr' id='par_1_6' title="bbox 259 1208 958 1404">
     <span class='ocr_line' id='line_1_7' title="bbox 260 1208 958 1295; baseline 0.006 -25"><span class='ocrx_word' id='word_1_27' title='bbox 260 1208 285 1281; x_wconf 89' lang='grc' dir='ltr'>Ι,</span> <span class='ocrx_word' id='word_1_28' title='bbox 310 1217 384 1294; x_wconf 88' lang='lat' dir='ltr'>pete</span> <span class='ocrx_word' id='word_1_29' title='bbox 407 1216 619 1293; x_wconf 79' lang='lat' dir='ltr'>unguentum,</span> <span class='ocrx_word' id='word_1_30' title='bbox 643 1228 743 1295; x_wconf 88' lang='lat' dir='ltr'>puer,</span> <span class='ocrx_word' id='word_1_31' title='bbox 767 1217 799 1273; x_wconf 92' lang='lat' dir='ltr'>et</span> <span class='ocrx_word' id='word_1_32' title='bbox 821 1229 958 1274; x_wconf 83' lang='lat' dir='ltr'>coronas</span> 
     </span>
     <span class='ocr_line' id='line_1_8' title="bbox 259 1327 885 1404; baseline 0 -11"><span class='ocrx_word' id='word_1_33' title='bbox 259 1329 295 1393; x_wconf 86' lang='lat' dir='ltr'>Et</span> <span class='ocrx_word' id='word_1_34' title='bbox 317 1327 434 1394; x_wconf 87' lang='lat' dir='ltr'>cadum</span> <span class='ocrx_word' id='word_1_35' title='bbox 456 1328 550 1394; x_wconf 85' lang='lat' dir='ltr'>Marsi</span> <span class='ocrx_word' id='word_1_36' title='bbox 574 1349 752 1395; x_wconf 86' lang='lat' dir='ltr'>memorem</span> <span class='ocrx_word' id='word_1_37' title='bbox 774 1328 885 1404; x_wconf 82' lang='lat' dir='ltr'>duelli,</span> 
     </span>
    </p>
   </div>
   <div class='ocr_carea' id='block_1_5' title="bbox 155 1526 617 1591">
    <p class='ocr_par' dir='ltr' id='par_1_7' title="bbox 155 1526 617 1591">
     <span class='ocr_line' id='line_1_9' title="bbox 155 1526 617 1591; baseline 0.002 -17"><span class='ocrx_word' id='word_1_38' title='bbox 155 1527 193 1577; x_wconf 83' lang='lat' dir='ltr'>ii.</span> <span class='ocrx_word' id='word_1_39' title='bbox 212 1528 303 1591; x_wconf 70' lang='lat' dir='ltr'>Euipet</span> <span class='ocrx_word' id='word_1_40' title='bbox 321 1528 339 1575; x_wconf 84' lang='lat' dir='ltr'>li</span> <span class='ocrx_word' id='word_1_41' title='bbox 357 1526 429 1578; x_wconf 85' lang='lat' dir='ltr'>solus</span> <span class='ocrx_word' id='word_1_42' title='bbox 446 1527 516 1577; x_wconf 87' lang='lat' dir='ltr'>inter</span> <span class='ocrx_word' id='word_1_43' title='bbox 533 1540 617 1577; x_wconf 87' lang='lat' dir='ltr'>meos.</span> 
     </span>
    </p>
   </div>
   <div class='ocr_carea' id='block_1_6' title="bbox 88 1703 1172 4294">
    <p class='ocr_par' dir='ltr' id='par_1_8' title="bbox 89 1703 1172 3775">
     <span class='ocr_line' id='line_1_10' title="bbox 92 1703 1171 1770; baseline 0.006 -18"><span class='ocrx_word' id='word_1_44' title='bbox 92 1703 134 1751; x_wconf 83' lang='lat' dir='ltr'>Per</span> <span class='ocrx_word' id='word_1_45' title='bbox 144 1704 243 1763; x_wconf 70' lang='lat' dir='ltr'>uben,</span> <span class='ocrx_word' id='word_1_46' title='bbox 261 1709 289 1753; x_wconf 84' lang='lat' dir='ltr'>ut</span> <span class='ocrx_word' id='word_1_47' title='bbox 301 1716 384 1753; x_wconf 80' lang='lat' dir='ltr'>munes</span> <span class='ocrx_word' id='word_1_48' title='bbox 394 1704 438 1764; x_wconf 81' lang='lat' dir='ltr'>qui</span> <span class='ocrx_word' id='word_1_49' title='bbox 448 1716 533 1753; x_wconf 80' lang='lat' dir='ltr'>arcem</span> <span class='ocrx_word' id='word_1_50' title='bbox 544 1710 614 1753; x_wconf 74' lang='lat' dir='ltr'>artie·</span> <span class='ocrx_word' id='word_1_51' title='bbox 650 1704 740 1764; x_wconf 84' lang='lat' dir='ltr'>detur;</span> <span class='ocrx_word' id='word_1_52' title='bbox 760 1718 812 1755; x_wconf 90' lang='lat' dir='ltr'>non</span> <span class='ocrx_word' id='word_1_53' title='bbox 830 1706 901 1756; x_wconf 91' lang='lat' dir='ltr'>enim</span> <span class='ocrx_word' id='word_1_54' title='bbox 912 1711 1064 1757; x_wconf 85' lang='lat' dir='ltr'>memorant</span> <span class='ocrx_word' id='word_1_55' title='bbox 1074 1708 1171 1770; x_wconf 71' lang='lat' dir='ltr'>lunius,</span> 
     </span>
     <span class='ocr_line' id='line_1_11' title="bbox 92 1778 1171 1844; baseline 0.006 -18"><span class='ocrx_word' id='word_1_56' title='bbox 92 1791 135 1838; x_wconf 82' lang='lat' dir='ltr'>que</span> <span class='ocrx_word' id='word_1_57' title='bbox 153 1778 273 1827; x_wconf 82' lang='lat' dir='ltr'>adeoluut</span> <span class='ocrx_word' id='word_1_58' title='bbox 293 1778 363 1827; x_wconf 75' lang='lat' dir='ltr'>Cives</span> <span class='ocrx_word' id='word_1_59' title='bbox 382 1778 505 1827; x_wconf 70' lang='lat' dir='ltr'>muinilm</span> <span class='ocrx_word' id='word_1_60' title='bbox 524 1778 613 1841; x_wconf 72' lang='lat' dir='ltr'>fauetis</span> <span class='ocrx_word' id='word_1_61' title='bbox 650 1778 802 1839; x_wconf 79' lang='lat' dir='ltr'>Oberlinus,</span> <span class='ocrx_word' id='word_1_62' title='bbox 822 1780 886 1840; x_wconf 85' lang='lat' dir='ltr'>Fea,</span> <span class='ocrx_word' id='word_1_63' title='bbox 906 1782 1073 1844; x_wconf 65' lang='lat' dir='ltr'>lutbertus),</span> <span class='ocrx_word' id='word_1_64' title='bbox 1095 1780 1171 1833; x_wconf 86' lang='lat' dir='ltr'>valde</span> 
     </span>
     <span class='ocr_line' id='line_1_12' title="bbox 92 1852 1169 1915; baseline 0.006 -15"><span class='ocrx_word' id='word_1_65' title='bbox 92 1858 221 1915; x_wconf 71' lang='lat' dir='ltr'>quamtum</span> <span class='ocrx_word' id='word_1_66' title='bbox 242 1852 374 1901; x_wconf 66' lang='lat' dir='ltr'>adhibeam</span> <span class='ocrx_word' id='word_1_67' title='bbox 392 1853 544 1915; x_wconf 73' lang='lat' dir='ltr'>fauentium,</span> <span class='ocrx_word' id='word_1_68' title='bbox 570 1866 613 1903; x_wconf 83' lang='lat' dir='ltr'>ore</span> <span class='ocrx_word' id='word_1_69' title='bbox 649 1852 823 1903; x_wconf 80' lang='lat' dir='ltr'>memorabile</span> <span class='ocrx_word' id='word_1_70' title='bbox 840 1867 872 1904; x_wconf 86' lang='lat' dir='ltr'>ac</span> <span class='ocrx_word' id='word_1_71' title='bbox 889 1854 1000 1905; x_wconf 71' lang='lat' dir='ltr'>tortasse</span> <span class='ocrx_word' id='word_1_72' title='bbox 1012 1870 1107 1907; x_wconf 87' lang='lat' dir='ltr'>verum</span> <span class='ocrx_word' id='word_1_73' title='bbox 1122 1862 1169 1907; x_wconf 83' lang='lat' dir='ltr'>est.</span> 
     </span>
     <span class='ocr_line' id='line_1_13' title="bbox 91 1926 1172 1992; baseline 0.005 -17"><span class='ocrx_word' id='word_1_74' title='bbox 91 1926 206 1975; x_wconf 71' lang='lat' dir='ltr'>obsum</span> <span class='ocrx_word' id='word_1_75' title='bbox 222 1926 290 1975; x_wconf 81' lang='lat' dir='ltr'>dictu</span> <span class='ocrx_word' id='word_1_76' title='bbox 301 1932 435 1990; x_wconf 60' lang='lat' dir='ltr'>”propert</span> <span class='ocrx_word' id='word_1_77' title='bbox 452 1954 479 1963; x_wconf 95' lang='lat'><em>-</em></span> <span class='ocrx_word' id='word_1_78' title='bbox 497 1927 525 1976; x_wconf 95' lang='lat' dir='ltr'>ln</span> <span class='ocrx_word' id='word_1_79' title='bbox 538 1928 611 1977; x_wconf 87' lang='lat' dir='ltr'>biatu</span> <span class='ocrx_word' id='word_1_80' title='bbox 649 1928 691 1976; x_wconf 88' lang='lat' dir='ltr'>Sic</span> <span class='ocrx_word' id='word_1_81' title='bbox 708 1927 757 1977; x_wconf 92' lang='lat' dir='ltr'>Od.</span> <span class='ocrx_word' id='word_1_82' title='bbox 770 1927 799 1987; x_wconf 86' lang='lat' dir='ltr'>l,</span> <span class='ocrx_word' id='word_1_83' title='bbox 818 1929 863 1987; x_wconf 78' lang='lat'>45,</span> <span class='ocrx_word' id='word_1_84' title='bbox 883 1929 922 1979; x_wconf 77' lang='lat' dir='ltr'>iu.</span> <span class='ocrx_word' id='word_1_85' title='bbox 941 1942 990 1992; x_wconf 90' lang='lat' dir='ltr'>pro</span> <span class='ocrx_word' id='word_1_86' title='bbox 1002 1931 1084 1992; x_wconf 72' lang='lat' dir='ltr'>epipet-</span> <span class='ocrx_word' id='word_1_87' title='bbox 1095 1933 1172 1980; x_wconf 74' lang='lat' dir='ltr'>otiien</span> 
     </span>
     <span class='ocr_line' id='line_1_14' title="bbox 91 1999 1169 2065; baseline 0.004 -16"><span class='ocrx_word' id='word_1_88' title='bbox 91 2000 399 2061; x_wconf 87' lang='lat' dir='ltr'>eominusoilendimus‚</span> <span class='ocrx_word' id='word_1_89' title='bbox 417 2000 488 2065; x_wconf 88' lang='lat' dir='ltr'>quod</span> <span class='ocrx_word' id='word_1_90' title='bbox 502 2000 555 2050; x_wconf 91' lang='lat' dir='ltr'>duo</span> <span class='ocrx_word' id='word_1_91' title='bbox 569 1999 611 2051; x_wconf 85' lang='lat' dir='ltr'>illa</span> <span class='ocrx_word' id='word_1_92' title='bbox 649 2001 711 2051; x_wconf 90' lang='lat' dir='ltr'>olim</span> <span class='ocrx_word' id='word_1_93' title='bbox 739 2001 878 2063; x_wconf 76' lang='lat' dir='ltr'>legebatur</span> <span class='ocrx_word' id='word_1_94' title='bbox 903 2004 995 2051; x_wconf 64' lang='lat' dir='ltr'>mmet</span> <span class='ocrx_word' id='word_1_95' title='bbox 1025 2006 1111 2053; x_wconf 81' lang='lat' dir='ltr'>otium.</span> <span class='ocrx_word' id='word_1_96' title='bbox 1142 2032 1169 2041; x_wconf 94' lang='lat'><em>-</em></span> 
     </span>
     <span class='ocr_line' id='line_1_15' title="bbox 92 2074 1172 2139; baseline 0.006 -18"><span class='ocrx_word' id='word_1_97' title='bbox 92 2074 215 2126; x_wconf 86' lang='lat' dir='ltr'>voeabula</span> <span class='ocrx_word' id='word_1_98' title='bbox 228 2088 310 2125; x_wconf 87' lang='lat' dir='ltr'>uuam</span> <span class='ocrx_word' id='word_1_99' title='bbox 319 2077 455 2125; x_wconf 76' lang='lat' dir='ltr'>continent</span> <span class='ocrx_word' id='word_1_100' title='bbox 465 2077 610 2137; x_wconf 84' lang='lat' dir='ltr'>notionem,</span> <span class='ocrx_word' id='word_1_101' title='bbox 648 2076 788 2139; x_wconf 70' lang='lat' dir='ltr'>imbuitur]</span> <span class='ocrx_word' id='word_1_102' title='bbox 808 2075 1036 2138; x_wconf 76' lang='lat' dir='ltr'>quemadmodum</span> <span class='ocrx_word' id='word_1_103' title='bbox 1053 2079 1172 2127; x_wconf 85' lang='lat' dir='ltr'>nominu-</span> 
     </span>
     <span class='ocr_line' id='line_1_16' title="bbox 91 2149 1169 2213; baseline 0.004 -16"><span class='ocrx_word' id='word_1_104' title='bbox 91 2152 116 2197; x_wconf 92' lang='lat' dir='ltr'>ul</span> <span class='ocrx_word' id='word_1_105' title='bbox 131 2150 196 2199; x_wconf 82' lang='lat' dir='ltr'>mule</span> <span class='ocrx_word' id='word_1_106' title='bbox 215 2150 309 2207; x_wconf 69' lang='lat' dir='ltr'>amere,</span> <span class='ocrx_word' id='word_1_107' title='bbox 342 2150 401 2199; x_wconf 79' lang='lat' dir='ltr'>bene</span> <span class='ocrx_word' id='word_1_108' title='bbox 422 2152 517 2209; x_wconf 64' lang='lat' dir='ltr'>dieue,</span> <span class='ocrx_word' id='word_1_109' title='bbox 541 2162 610 2213; x_wconf 89' lang='lat' dir='ltr'>quae</span> <span class='ocrx_word' id='word_1_110' title='bbox 647 2150 713 2200; x_wconf 88' lang='lat' dir='ltr'>bant</span> <span class='ocrx_word' id='word_1_111' title='bbox 737 2149 806 2199; x_wconf 90' lang='lat' dir='ltr'>bella</span> <span class='ocrx_word' id='word_1_112' title='bbox 832 2149 919 2200; x_wconf 78' lang='lat' dir='ltr'>ltaliae</span> <span class='ocrx_word' id='word_1_113' title='bbox 943 2154 970 2199; x_wconf 89' lang='lat' dir='ltr'>et</span> <span class='ocrx_word' id='word_1_114' title='bbox 991 2150 1095 2202; x_wconf 85' lang='lat' dir='ltr'>Gallica.</span> <span class='ocrx_word' id='word_1_115' title='bbox 1115 2154 1169 2203; x_wconf 85' lang='lat' dir='ltr'>Cic.</span> 
     </span>
     <span class='ocr_line' id='line_1_17' title="bbox 92 2222 1171 2287; baseline 0.004 -16"><span class='ocrx_word' id='word_1_116' title='bbox 92 2224 148 2273; x_wconf 86' lang='lat' dir='ltr'>item</span> <span class='ocrx_word' id='word_1_117' title='bbox 158 2224 245 2274; x_wconf 85' lang='lat' dir='ltr'>divise</span> <span class='ocrx_word' id='word_1_118' title='bbox 254 2223 414 2274; x_wconf 85' lang='lat' dir='ltr'>scribuntur.</span> <span class='ocrx_word' id='word_1_119' title='bbox 427 2224 612 2287; x_wconf 73' lang='lat' dir='ltr'>(rQuiduista-</span> <span class='ocrx_word' id='word_1_120' title='bbox 648 2222 758 2287; x_wconf 85' lang='lat' dir='ltr'>Philipp.</span> <span class='ocrx_word' id='word_1_121' title='bbox 777 2224 805 2284; x_wconf 86' lang='grc'>8,</span> <span class='ocrx_word' id='word_1_122' title='bbox 832 2225 859 2274; x_wconf 83' lang='lat' dir='ltr'>i:</span> <span class='ocrx_word' id='word_1_123' title='bbox 887 2225 952 2286; x_wconf 78' lang='lat' dir='ltr'>Quid</span> <span class='ocrx_word' id='word_1_124' title='bbox 968 2225 1113 2275; x_wconf 77' lang='lat' dir='ltr'>est-uliud</span> <span class='ocrx_word' id='word_1_125' title='bbox 1129 2232 1171 2275; x_wconf 83' lang='lat' dir='ltr'>tu·</span> 
     </span>
     <span class='ocr_line' id='line_1_18' title="bbox 91 2297 1171 2360; baseline 0.003 -14"><span class='ocrx_word' id='word_1_126' title='bbox 91 2301 192 2349; x_wconf 83' lang='lat' dir='ltr'>luamus</span> <span class='ocrx_word' id='word_1_127' title='bbox 208 2311 269 2349; x_wconf 87' lang='lat' dir='ltr'>esse</span> <span class='ocrx_word' id='word_1_128' title='bbox 282 2311 365 2349; x_wconf 90' lang='lat' dir='ltr'>unum</span> <span class='ocrx_word' id='word_1_129' title='bbox 382 2297 542 2349; x_wconf 77' lang='lat' dir='ltr'>vocabulum</span> <span class='ocrx_word' id='word_1_130' title='bbox 557 2312 611 2349; x_wconf 80' lang='lat' dir='ltr'>mu-</span> <span class='ocrx_word' id='word_1_131' title='bbox 647 2298 740 2347; x_wconf 80' lang='lat' dir='ltr'>mulius</span> <span class='ocrx_word' id='word_1_132' title='bbox 765 2297 814 2347; x_wconf 77' lang='lat' dir='ltr'>uisi</span> <span class='ocrx_word' id='word_1_133' title='bbox 837 2298 994 2360; x_wconf 83' lang='lat' dir='ltr'>perturbatio</span> <span class='ocrx_word' id='word_1_134' title='bbox 1022 2304 1108 2360; x_wconf 81' lang='lat' dir='ltr'>mutu,</span> <span class='ocrx_word' id='word_1_135' title='bbox 1142 2307 1171 2349; x_wconf 78' lang='lat' dir='ltr'>ut</span> 
     </span>
     <span class='ocr_line' id='line_1_19' title="bbox 91 2371 1168 2439; baseline 0.002 -16"><span class='ocrx_word' id='word_1_136' title='bbox 91 2373 237 2433; x_wconf 73' lang='lat' dir='ltr'>kmiiuulis,</span> <span class='ocrx_word' id='word_1_137' title='bbox 251 2371 608 2437; x_wconf 79' lang='lat' dir='ltr'>utsuaueolensapudCatull.</span> <span class='ocrx_word' id='word_1_138' title='bbox 646 2374 729 2423; x_wconf 81' lang='lat' dir='ltr'>maior</span> <span class='ocrx_word' id='word_1_139' title='bbox 751 2374 826 2423; x_wconf 82' lang='lat' dir='ltr'>timor</span> <span class='ocrx_word' id='word_1_140' title='bbox 847 2372 965 2423; x_wconf 64' lang='lat' dir='ltr'>ematur?</span> <span class='ocrx_word' id='word_1_141' title='bbox 994 2375 1042 2424; x_wconf 84' lang='lat' dir='ltr'>ilic</span> <span class='ocrx_word' id='word_1_142' title='bbox 1064 2377 1168 2439; x_wconf 85' lang='lat' dir='ltr'>poetice</span> 
     </span>
     <span class='ocr_line' id='line_1_20' title="bbox 91 2446 1170 2513; baseline 0.005 -17"><span class='ocrx_word' id='word_1_143' title='bbox 91 2447 126 2507; x_wconf 73' lang='lat'>62,</span> <span class='ocrx_word' id='word_1_144' title='bbox 139 2450 198 2497; x_wconf 69' lang='lat' dir='ltr'>lin</span> <span class='ocrx_word' id='word_1_145' title='bbox 212 2448 333 2497; x_wconf 76' lang='lat' dir='ltr'>Bosscnn.</span> <span class='ocrx_word' id='word_1_146' title='bbox 346 2450 438 2511; x_wconf 83' lang='lat' dir='ltr'>Neque</span> <span class='ocrx_word' id='word_1_147' title='bbox 448 2446 523 2497; x_wconf 86' lang='lat' dir='ltr'>aliter</span> <span class='ocrx_word' id='word_1_148' title='bbox 535 2446 609 2497; x_wconf 87' lang='lat' dir='ltr'>laoile</span> <span class='ocrx_word' id='word_1_149' title='bbox 648 2462 696 2512; x_wconf 92' lang='lat' dir='ltr'>pro</span> <span class='ocrx_word' id='word_1_150' title='bbox 719 2447 789 2498; x_wconf 91' lang='lat' dir='ltr'>bello</span> <span class='ocrx_word' id='word_1_151' title='bbox 812 2450 935 2500; x_wconf 83' lang='lat' dir='ltr'>intestino</span> <span class='ocrx_word' id='word_1_152' title='bbox 957 2451 1073 2513; x_wconf 88' lang='lat' dir='ltr'>positum</span> <span class='ocrx_word' id='word_1_153' title='bbox 1093 2450 1170 2501; x_wconf 80' lang='lat' dir='ltr'>vide-</span> 
     </span>
     <span class='ocr_line' id='line_1_21' title="bbox 91 2522 1171 2585; baseline 0.006 -16"><span class='ocrx_word' id='word_1_154' title='bbox 91 2523 197 2585; x_wconf 79' lang='lat' dir='ltr'>exprimi</span> <span class='ocrx_word' id='word_1_155' title='bbox 205 2522 473 2585; x_wconf 84' lang='lat' dir='ltr'>poteratadleciivum</span> <span class='ocrx_word' id='word_1_156' title='bbox 483 2534 609 2584; x_wconf 83' lang='lat' dir='ltr'>graecum</span> <span class='ocrx_word' id='word_1_157' title='bbox 647 2526 698 2572; x_wconf 88' lang='lat' dir='ltr'>tur.</span> <span class='ocrx_word' id='word_1_158' title='bbox 717 2524 842 2575; x_wconf 80' lang='lat' dir='ltr'>Horatius</span> <span class='ocrx_word' id='word_1_159' title='bbox 859 2527 932 2575; x_wconf 83' lang='lat' dir='ltr'>certe</span> <span class='ocrx_word' id='word_1_160' title='bbox 949 2527 1012 2575; x_wconf 88' lang='lat' dir='ltr'>tune</span> <span class='ocrx_word' id='word_1_161' title='bbox 1029 2524 1063 2574; x_wconf 86' lang='lat' dir='ltr'>ad</span> <span class='ocrx_word' id='word_1_162' title='bbox 1081 2528 1171 2575; x_wconf 81' lang='lat' dir='ltr'>exter·</span> 
     </span>
     <span class='ocr_line' id='line_1_22' title="bbox 90 2593 1171 2662; baseline 0.004 -17"><span class='ocrx_word' id='word_1_163' title='bbox 90 2593 259 2662; x_wconf 71' lang='grc' dir='ltr'>δύσφημος.)</span> <span class='ocrx_word' id='word_1_164' title='bbox 279 2596 610 2659; x_wconf 85' lang='lat' dir='ltr'>Quisupervaoaneobia-</span> <span class='ocrx_word' id='word_1_165' title='bbox 647 2610 712 2648; x_wconf 91' lang='lat' dir='ltr'>num</span> <span class='ocrx_word' id='word_1_166' title='bbox 733 2598 869 2662; x_wconf 81' lang='lat' dir='ltr'>proiectus</span> <span class='ocrx_word' id='word_1_167' title='bbox 891 2611 944 2648; x_wconf 88' lang='lat' dir='ltr'>non</span> <span class='ocrx_word' id='word_1_168' title='bbox 967 2601 1047 2649; x_wconf 85' lang='lat' dir='ltr'>esset.</span> <span class='ocrx_word' id='word_1_169' title='bbox 1074 2626 1101 2635; x_wconf 89' lang='lat'><em>-</em></span> <span class='ocrx_word' id='word_1_170' title='bbox 1119 2601 1171 2649; x_wconf 83' lang='lat' dir='ltr'>Nec</span> 
     </span>
     <span class='ocr_line' id='line_1_23' title="bbox 90 2670 1171 2738; baseline 0.004 -20"><span class='ocrx_word' id='word_1_171' title='bbox 90 2674 127 2721; x_wconf 86' lang='lat' dir='ltr'>tus</span> <span class='ocrx_word' id='word_1_172' title='bbox 142 2673 219 2721; x_wconf 86' lang='lat' dir='ltr'>mein</span> <span class='ocrx_word' id='word_1_173' title='bbox 235 2670 388 2733; x_wconf 87' lang='lat' dir='ltr'>praeierunt</span> <span class='ocrx_word' id='word_1_174' title='bbox 408 2671 474 2720; x_wconf 79' lang='lat' dir='ltr'>utule</span> <span class='ocrx_word' id='word_1_175' title='bbox 490 2671 609 2719; x_wconf 80' lang='lat' dir='ltr'>nominu-</span> <span class='ocrx_word' id='word_1_176' title='bbox 645 2672 710 2720; x_wconf 74' lang='lat' dir='ltr'>mori</span> <span class='ocrx_word' id='word_1_177' title='bbox 732 2673 795 2738; x_wconf 78' lang='lat' dir='ltr'>cet]</span> <span class='ocrx_word' id='word_1_178' title='bbox 814 2674 889 2722; x_wconf 80' lang='lat' dir='ltr'>«Non</span> <span class='ocrx_word' id='word_1_179' title='bbox 908 2678 1019 2723; x_wconf 69' lang='lat' dir='ltr'>meum</span> <span class='ocrx_word' id='word_1_180' title='bbox 1033 2675 1101 2724; x_wconf 72' lang='lat' dir='ltr'>omri</span> <span class='ocrx_word' id='word_1_181' title='bbox 1116 2674 1171 2724; x_wconf 79' lang='lat' dir='ltr'>rul-</span> 
     </span>
     <span class='ocr_line' id='line_1_24' title="bbox 89 2739 1171 2810; baseline 0.006 -19"><span class='ocrx_word' id='word_1_182' title='bbox 89 2746 123 2801; x_wconf 67' lang='grc' dir='ltr'>εἰς,</span> <span class='ocrx_word' id='word_1_183' title='bbox 146 2745 246 2810; x_wconf 84' lang='lat' dir='ltr'>parlim</span> <span class='ocrx_word' id='word_1_184' title='bbox 266 2748 422 2808; x_wconf 84' lang='lat' dir='ltr'>comparant</span> <span class='ocrx_word' id='word_1_185' title='bbox 441 2739 607 2808; x_wconf 77' lang='grc' dir='ltr'>δυσώνυμοι,</span> <span class='ocrx_word' id='word_1_186' title='bbox 646 2758 679 2808; x_wconf 83' lang='lat' dir='ltr'>go</span> <span class='ocrx_word' id='word_1_187' title='bbox 696 2747 837 2809; x_wconf 80' lang='lat' dir='ltr'>signifieat:</span> <span class='ocrx_word' id='word_1_188' title='bbox 862 2745 948 2797; x_wconf 86' lang='lat' dir='ltr'>libens</span> <span class='ocrx_word' id='word_1_189' title='bbox 967 2748 1078 2809; x_wconf 88' lang='lat' dir='ltr'>moriar,</span> <span class='ocrx_word' id='word_1_190' title='bbox 1102 2750 1171 2797; x_wconf 92' lang='lat' dir='ltr'>mori</span> 
     </span>
     <span class='ocr_line' id='line_1_25' title="bbox 90 2817 1169 2884; baseline 0.004 -16"><span class='ocrx_word' id='word_1_191' title='bbox 90 2822 132 2869; x_wconf 85' lang='lat' dir='ltr'>elsi</span> <span class='ocrx_word' id='word_1_192' title='bbox 149 2820 330 2870; x_wconf 88' lang='lat' dir='ltr'>destituuntur</span> <span class='ocrx_word' id='word_1_193' title='bbox 348 2817 491 2883; x_wconf 81' lang='lat' dir='ltr'>exemplis;</span> <span class='ocrx_word' id='word_1_194' title='bbox 509 2820 608 2883; x_wconf 85' lang='lat' dir='ltr'>partim</span> <span class='ocrx_word' id='word_1_195' title='bbox 646 2821 751 2883; x_wconf 75' lang='lat' dir='ltr'>cupio.»</span> <span class='ocrx_word' id='word_1_196' title='bbox 769 2822 831 2881; x_wconf 60' lang='grc' dir='ltr'>ΗΡ,</span> <span class='ocrx_word' id='word_1_197' title='bbox 850 2821 877 2871; x_wconf 86' lang='lat' dir='ltr'>id</span> <span class='ocrx_word' id='word_1_198' title='bbox 895 2820 968 2884; x_wconf 88' lang='lat' dir='ltr'>qnod</span> <span class='ocrx_word' id='word_1_199' title='bbox 984 2819 1053 2871; x_wconf 90' lang='lat' dir='ltr'>ultro</span> <span class='ocrx_word' id='word_1_200' title='bbox 1071 2835 1169 2872; x_wconf 87' lang='lat' dir='ltr'>conce·</span> 
     </span>
     <span class='ocr_line' id='line_1_26' title="bbox 90 2893 1170 2957; baseline 0.001 -13"><span class='ocrx_word' id='word_1_201' title='bbox 90 2906 176 2944; x_wconf 79' lang='lat' dir='ltr'>mrsus</span> <span class='ocrx_word' id='word_1_202' title='bbox 202 2896 333 2957; x_wconf 80' lang='lat' dir='ltr'>nugantur</span> <span class='ocrx_word' id='word_1_203' title='bbox 359 2893 408 2943; x_wconf 69' lang='lat' dir='ltr'>ede</span> <span class='ocrx_word' id='word_1_204' title='bbox 435 2907 541 2944; x_wconf 90' lang='lat' dir='ltr'>rumore</span> <span class='ocrx_word' id='word_1_205' title='bbox 565 2893 608 2944; x_wconf 89' lang='lat' dir='ltr'>illo</span> <span class='ocrx_word' id='word_1_206' title='bbox 646 2893 743 2945; x_wconf 85' lang='lat' dir='ltr'>dimus.</span> <span class='ocrx_word' id='word_1_207' title='bbox 761 2896 861 2945; x_wconf 90' lang='lat' dir='ltr'>Verum</span> <span class='ocrx_word' id='word_1_208' title='bbox 873 2895 916 2945; x_wconf 89' lang='lat' dir='ltr'>bic</span> <span class='ocrx_word' id='word_1_209' title='bbox 928 2893 999 2945; x_wconf 89' lang='lat' dir='ltr'>nullo</span> <span class='ocrx_word' id='word_1_210' title='bbox 1011 2896 1091 2946; x_wconf 89' lang='lat' dir='ltr'>modo</span> <span class='ocrx_word' id='word_1_211' title='bbox 1103 2897 1170 2947; x_wconf 88' lang='lat' dir='ltr'>seri·</span> 
     </span>
     <span class='ocr_line' id='line_1_27' title="bbox 90 2966 1168 3032; baseline 0.006 -18"><span class='ocrx_word' id='word_1_212' title='bbox 90 2968 233 3028; x_wconf 73' lang='lat' dir='ltr'>adverso»,</span> <span class='ocrx_word' id='word_1_213' title='bbox 257 2980 338 3030; x_wconf 88' lang='lat' dir='ltr'>quem</span> <span class='ocrx_word' id='word_1_214' title='bbox 359 2967 409 3019; x_wconf 82' lang='lat' dir='ltr'>albi</span> <span class='ocrx_word' id='word_1_215' title='bbox 428 2968 557 3018; x_wconf 79' lang='lat' dir='ltr'>finxerant</span> <span class='ocrx_word' id='word_1_216' title='bbox 575 2966 608 3017; x_wconf 87' lang='lat' dir='ltr'>ad</span> <span class='ocrx_word' id='word_1_217' title='bbox 645 2966 710 3017; x_wconf 90' lang='lat' dir='ltr'>bere</span> <span class='ocrx_word' id='word_1_218' title='bbox 723 2971 932 3032; x_wconf 75' lang='lat' dir='ltr'>poteratpoetn:</span> <span class='ocrx_word' id='word_1_219' title='bbox 952 2972 1022 3020; x_wconf 72' lang='lat' dir='ltr'>«Nee</span> <span class='ocrx_word' id='word_1_220' title='bbox 1040 2974 1168 3030; x_wconf 83' lang='lat' dir='ltr'>metuam,</span> 
     </span>
     <span class='ocr_line' id='line_1_28' title="bbox 91 3041 1169 3109; baseline 0.006 -21"><span class='ocrx_word' id='word_1_221' title='bbox 91 3054 111 3089; x_wconf 80' lang='lat' dir='ltr'>v.</span> <span class='ocrx_word' id='word_1_222' title='bbox 129 3044 151 3092; x_wconf 86' lang='lat' dir='ltr'>l.</span> <span class='ocrx_word' id='word_1_223' title='bbox 172 3041 226 3091; x_wconf 87' lang='lat' dir='ltr'>Sed</span> <span class='ocrx_word' id='word_1_224' title='bbox 246 3043 395 3103; x_wconf 76' lang='lat' dir='ltr'>nominatis,</span> <span class='ocrx_word' id='word_1_225' title='bbox 419 3042 468 3092; x_wconf 84' lang='lat' dir='ltr'>etsi</span> <span class='ocrx_word' id='word_1_226' title='bbox 491 3056 607 3105; x_wconf 86' lang='lat' dir='ltr'>nupera</span> <span class='ocrx_word' id='word_1_227' title='bbox 646 3056 679 3092; x_wconf 89' lang='lat' dir='ltr'>ne</span> <span class='ocrx_word' id='word_1_228' title='bbox 689 3045 788 3092; x_wconf 85' lang='lat' dir='ltr'>moriar</span> <span class='ocrx_word' id='word_1_229' title='bbox 798 3045 940 3107; x_wconf 78' lang='lat' dir='ltr'>pervim»;</span> <span class='ocrx_word' id='word_1_230' title='bbox 953 3047 981 3093; x_wconf 87' lang='lat' dir='ltr'>et</span> <span class='ocrx_word' id='word_1_231' title='bbox 989 3043 1050 3094; x_wconf 87' lang='lat' dir='ltr'>alibi</span> <span class='ocrx_word' id='word_1_232' title='bbox 1062 3058 1169 3109; x_wconf 90' lang='lat' dir='ltr'>quoque</span> 
     </span>
     <span class='ocr_line' id='line_1_29' title="bbox 90 3116 1168 3180; baseline 0.006 -16"><span class='ocrx_word' id='word_1_233' title='bbox 90 3116 207 3166; x_wconf 84' lang='lat' dir='ltr'>liiblrero</span> <span class='ocrx_word' id='word_1_234' title='bbox 233 3116 386 3177; x_wconf 82' lang='lat' dir='ltr'>defensum,</span> <span class='ocrx_word' id='word_1_235' title='bbox 416 3129 469 3166; x_wconf 88' lang='lat' dir='ltr'>uon</span> <span class='ocrx_word' id='word_1_236' title='bbox 495 3120 536 3167; x_wconf 88' lang='lat' dir='ltr'>est</span> <span class='ocrx_word' id='word_1_237' title='bbox 559 3118 609 3168; x_wconf 83' lang='lat' dir='ltr'>nisi</span> <span class='ocrx_word' id='word_1_238' title='bbox 647 3118 685 3180; x_wconf 67' lang='lat' dir='ltr'>(t.</span> <span class='ocrx_word' id='word_1_239' title='bbox 703 3118 732 3177; x_wconf 74' lang='lat'>2,</span> <span class='ocrx_word' id='word_1_240' title='bbox 752 3118 776 3166; x_wconf 79' lang='lat'>7.</span> <span class='ocrx_word' id='word_1_241' title='bbox 795 3117 823 3177; x_wconf 85' lang='lat' dir='ltr'>l,</span> <span class='ocrx_word' id='word_1_242' title='bbox 836 3118 864 3177; x_wconf 78' lang='lat' dir='ltr'>b,</span> <span class='ocrx_word' id='word_1_243' title='bbox 877 3119 929 3179; x_wconf 73' lang='lat'>2⁰.)</span> <span class='ocrx_word' id='word_1_244' title='bbox 947 3131 973 3167; x_wconf 90' lang='lat' dir='ltr'>v.</span> <span class='ocrx_word' id='word_1_245' title='bbox 985 3124 1095 3169; x_wconf 73' lang='lat' dir='ltr'>puluere</span> <span class='ocrx_word' id='word_1_246' title='bbox 1107 3132 1168 3170; x_wconf 89' lang='lat' dir='ltr'>cum</span> 
     </span>
     <span class='ocr_line' id='line_1_30' title="bbox 90 3176 1169 3260; baseline 0.006 -22"><span class='ocrx_word' id='word_1_247' title='bbox 90 3191 199 3255; x_wconf 91' lang='lat' dir='ltr'>imperiti</span> <span class='ocrx_word' id='word_1_248' title='bbox 222 3189 331 3241; x_wconf 71' lang='lat' dir='ltr'>miculos</span> <span class='ocrx_word' id='word_1_249' title='bbox 353 3191 524 3240; x_wconf 84' lang='lat' dir='ltr'>Grammatlci</span> <span class='ocrx_word' id='word_1_250' title='bbox 546 3204 609 3255; x_wconf 89' lang='lat' dir='ltr'>per·</span> <span class='ocrx_word' id='word_1_251' title='bbox 625 3176 628 3260; x_wconf 69' lang='grc' dir='ltr'>ξ</span> <span class='ocrx_word' id='word_1_252' title='bbox 645 3192 773 3242; x_wconf 80' lang='lat' dir='ltr'>infinitivo</span> <span class='ocrx_word' id='word_1_253' title='bbox 790 3192 944 3241; x_wconf 81' lang='lat' dir='ltr'>construxit.</span> <span class='ocrx_word' id='word_1_254' title='bbox 973 3193 1012 3243; x_wconf 73' lang='lat' dir='ltr'>Vis</span> <span class='ocrx_word' id='word_1_255' title='bbox 1028 3196 1119 3243; x_wconf 84' lang='lat' dir='ltr'>autem</span> <span class='ocrx_word' id='word_1_256' title='bbox 1130 3195 1169 3244; x_wconf 84' lang='lat' dir='ltr'>si-</span> 
     </span>
     <span class='ocr_line' id='line_1_31' title="bbox 89 3262 1168 3329; baseline 0.006 -18"><span class='ocrx_word' id='word_1_257' title='bbox 89 3278 161 3316; x_wconf 81' lang='lat' dir='ltr'>rersu</span> <span class='ocrx_word' id='word_1_258' title='bbox 191 3268 217 3315; x_wconf 87' lang='lat' dir='ltr'>et</span> <span class='ocrx_word' id='word_1_259' title='bbox 246 3266 343 3315; x_wconf 85' lang='lat' dir='ltr'>misera</span> <span class='ocrx_word' id='word_1_260' title='bbox 371 3264 546 3329; x_wconf 88' lang='lat' dir='ltr'>interpolatio.</span> <span class='ocrx_word' id='word_1_261' title='bbox 578 3292 606 3303; x_wconf 93' lang='lat'><em>-</em></span> <span class='ocrx_word' id='word_1_262' title='bbox 645 3264 753 3329; x_wconf 77' lang='lat' dir='ltr'>gnificat</span> <span class='ocrx_word' id='word_1_263' title='bbox 770 3262 940 3324; x_wconf 81' lang='lat' dir='ltr'>«tumultum,</span> <span class='ocrx_word' id='word_1_264' title='bbox 966 3263 1087 3314; x_wconf 81' lang='lat' dir='ltr'>bellurn»</span> <span class='ocrx_word' id='word_1_265' title='bbox 1111 3268 1168 3317; x_wconf 88' lang='lat' dir='ltr'>sive</span> 
     </span>
     <span class='ocr_line' id='line_1_32' title="bbox 90 3339 1169 3398; baseline 0.003 -10"><span class='ocrx_word' id='word_1_266' title='bbox 90 3340 211 3390; x_wconf 88' lang='lat' dir='ltr'>Ceterum</span> <span class='ocrx_word' id='word_1_267' title='bbox 227 3340 295 3389; x_wconf 81' lang='lat' dir='ltr'>male</span> <span class='ocrx_word' id='word_1_268' title='bbox 316 3340 433 3391; x_wconf 82' lang='lat' dir='ltr'>eminulis</span> <span class='ocrx_word' id='word_1_269' title='bbox 455 3340 537 3390; x_wconf 79' lang='lat' dir='ltr'>uerbis</span> <span class='ocrx_word' id='word_1_270' title='bbox 555 3339 607 3390; x_wconf 94' lang='lat' dir='ltr'>noli</span> <span class='ocrx_word' id='word_1_271' title='bbox 646 3340 799 3391; x_wconf 82' lang='lat' dir='ltr'>intestinum</span> <span class='ocrx_word' id='word_1_272' title='bbox 816 3340 872 3387; x_wconf 90' lang='lat' dir='ltr'>sive</span> <span class='ocrx_word' id='word_1_273' title='bbox 891 3340 1045 3398; x_wconf 83' lang='lat' dir='ltr'>externum,</span> <span class='ocrx_word' id='word_1_274' title='bbox 1063 3340 1169 3391; x_wconf 85' lang='lat' dir='ltr'>aGallis</span> 
     </span>
     <span class='ocr_line' id='line_1_33' title="bbox 89 3410 1169 3477; baseline 0.003 -16"><span class='ocrx_word' id='word_1_275' title='bbox 89 3426 145 3463; x_wconf 85' lang='lat' dir='ltr'>cum</span> <span class='ocrx_word' id='word_1_276' title='bbox 168 3412 227 3465; x_wconf 80' lang='lat' dir='ltr'>aliis</span> <span class='ocrx_word' id='word_1_277' title='bbox 257 3412 403 3476; x_wconf 83' lang='lat' dir='ltr'>intelligere</span> <span class='ocrx_word' id='word_1_278' title='bbox 432 3413 466 3463; x_wconf 87' lang='lat' dir='ltr'>de</span> <span class='ocrx_word' id='word_1_279' title='bbox 492 3413 608 3477; x_wconf 83' lang='lat' dir='ltr'>querelis</span> <span class='ocrx_word' id='word_1_280' title='bbox 645 3413 758 3464; x_wconf 76' lang='lat' dir='ltr'>fortasse</span> <span class='ocrx_word' id='word_1_281' title='bbox 786 3410 931 3462; x_wconf 78' lang='lat' dir='ltr'>rebellibus</span> <span class='ocrx_word' id='word_1_282' title='bbox 961 3414 1074 3463; x_wconf 82' lang='lat' dir='ltr'>motum.</span> <span class='ocrx_word' id='word_1_283' title='bbox 1113 3415 1169 3464; x_wconf 87' lang='lat' dir='ltr'>lloc</span> 
     </span>
     <span class='ocr_line' id='line_1_34' title="bbox 89 3485 1169 3553; baseline 0.003 -19"><span class='ocrx_word' id='word_1_284' title='bbox 89 3485 210 3539; x_wconf 86' lang='lat' dir='ltr'>luctuosis</span> <span class='ocrx_word' id='word_1_285' title='bbox 227 3490 336 3552; x_wconf 87' lang='lat' dir='ltr'>propter</span> <span class='ocrx_word' id='word_1_286' title='bbox 351 3492 442 3553; x_wconf 90' lang='lat' dir='ltr'>patres</span> <span class='ocrx_word' id='word_1_287' title='bbox 460 3492 487 3538; x_wconf 91' lang='lat' dir='ltr'>et</span> <span class='ocrx_word' id='word_1_288' title='bbox 503 3490 610 3553; x_wconf 90' lang='lat' dir='ltr'>propin·</span> <span class='ocrx_word' id='word_1_289' title='bbox 644 3502 709 3537; x_wconf 83' lang='lat' dir='ltr'>vero</span> <span class='ocrx_word' id='word_1_290' title='bbox 726 3489 768 3537; x_wconf 87' lang='lat' dir='ltr'>bis</span> <span class='ocrx_word' id='word_1_291' title='bbox 784 3500 827 3535; x_wconf 79' lang='lat' dir='ltr'>vv.</span> <span class='ocrx_word' id='word_1_292' title='bbox 846 3488 916 3536; x_wconf 89' lang='lat' dir='ltr'>tecte</span> <span class='ocrx_word' id='word_1_293' title='bbox 933 3486 1073 3549; x_wconf 81' lang='lat' dir='ltr'>signifieat:</span> <span class='ocrx_word' id='word_1_294' title='bbox 1101 3490 1169 3539; x_wconf 83' lang='lat' dir='ltr'>«llic</span> 
     </span>
     <span class='ocr_line' id='line_1_35' title="bbox 89 3560 1168 3627; baseline 0.003 -17"><span class='ocrx_word' id='word_1_295' title='bbox 89 3572 160 3621; x_wconf 85' lang='lat' dir='ltr'>quos,</span> <span class='ocrx_word' id='word_1_296' title='bbox 179 3562 225 3625; x_wconf 92' lang='lat' dir='ltr'>qui</span> <span class='ocrx_word' id='word_1_297' title='bbox 244 3562 269 3611; x_wconf 94' lang='lat' dir='ltr'>in</span> <span class='ocrx_word' id='word_1_298' title='bbox 287 3560 357 3612; x_wconf 91' lang='lat' dir='ltr'>bello</span> <span class='ocrx_word' id='word_1_299' title='bbox 376 3562 540 3623; x_wconf 81' lang='lat' dir='ltr'>ceciderant,</span> <span class='ocrx_word' id='word_1_300' title='bbox 559 3562 608 3612; x_wconf 86' lang='lat' dir='ltr'>sed</span> <span class='ocrx_word' id='word_1_301' title='bbox 646 3562 703 3613; x_wconf 90' lang='lat' dir='ltr'>dies</span> <span class='ocrx_word' id='word_1_302' title='bbox 715 3561 816 3611; x_wconf 88' lang='lat' dir='ltr'>reditus</span> <span class='ocrx_word' id='word_1_303' title='bbox 827 3562 936 3624; x_wconf 76' lang='lat' dir='ltr'>Augusti</span> <span class='ocrx_word' id='word_1_304' title='bbox 947 3562 1068 3625; x_wconf 79' lang='lat' dir='ltr'>sospitis,</span> <span class='ocrx_word' id='word_1_305' title='bbox 1086 3576 1168 3627; x_wconf 86' lang='lat' dir='ltr'>quem</span> 
     </span>
     <span class='ocr_line' id='line_1_36' title="bbox 89 3633 1170 3699; baseline 0.006 -18"><span class='ocrx_word' id='word_1_306' title='bbox 89 3633 117 3683; x_wconf 92' lang='lat' dir='ltr'>de</span> <span class='ocrx_word' id='word_1_307' title='bbox 141 3634 265 3686; x_wconf 88' lang='lat' dir='ltr'>omnibus</span> <span class='ocrx_word' id='word_1_308' title='bbox 291 3635 353 3685; x_wconf 85' lang='lat' dir='ltr'>mali</span> <span class='ocrx_word' id='word_1_309' title='bbox 379 3636 475 3687; x_wconf 88' lang='lat' dir='ltr'>ominis</span> <span class='ocrx_word' id='word_1_310' title='bbox 504 3634 607 3697; x_wconf 78' lang='lat' dir='ltr'>verbis,</span> <span class='ocrx_word' id='word_1_311' title='bbox 646 3649 694 3699; x_wconf 83' lang='lat' dir='ltr'>ego</span> <span class='ocrx_word' id='word_1_312' title='bbox 717 3650 750 3685; x_wconf 83' lang='lat' dir='ltr'>ex</span> <span class='ocrx_word' id='word_1_313' title='bbox 772 3636 852 3685; x_wconf 85' lang='lat' dir='ltr'>animi</span> <span class='ocrx_word' id='word_1_314' title='bbox 872 3637 1002 3686; x_wconf 85' lang='lat' dir='ltr'>sententia</span> <span class='ocrx_word' id='word_1_315' title='bbox 1020 3639 1048 3687; x_wconf 88' lang='lat' dir='ltr'>et</span> <span class='ocrx_word' id='word_1_316' title='bbox 1063 3650 1125 3687; x_wconf 86' lang='lat' dir='ltr'>amo</span> <span class='ocrx_word' id='word_1_317' title='bbox 1142 3641 1170 3688; x_wconf 88' lang='lat' dir='ltr'>et</span> 
     </span>
     <span class='ocr_line' id='line_1_37' title="bbox 90 3709 1169 3775; baseline 0.005 -18"><span class='ocrx_word' id='word_1_318' title='bbox 90 3709 111 3757; x_wconf 91' lang='lat' dir='ltr'>lu</span> <span class='ocrx_word' id='word_1_319' title='bbox 127 3722 196 3773; x_wconf 87' lang='lat' dir='ltr'>quae</span> <span class='ocrx_word' id='word_1_320' title='bbox 213 3722 390 3774; x_wconf 87' lang='lat' dir='ltr'>prorumpere</span> <span class='ocrx_word' id='word_1_321' title='bbox 410 3712 541 3775; x_wconf 85' lang='lat' dir='ltr'>poterant.</span> <span class='ocrx_word' id='word_1_322' title='bbox 645 3724 771 3770; x_wconf 85' lang='lat' dir='ltr'>veneror,</span> <span class='ocrx_word' id='word_1_323' title='bbox 785 3724 848 3760; x_wconf 88' lang='lat' dir='ltr'>vere</span> <span class='ocrx_word' id='word_1_324' title='bbox 860 3710 924 3761; x_wconf 87' lang='lat' dir='ltr'>mihi</span> <span class='ocrx_word' id='word_1_325' title='bbox 936 3711 1019 3762; x_wconf 81' lang='lat' dir='ltr'>festus</span> <span class='ocrx_word' id='word_1_326' title='bbox 1031 3713 1089 3773; x_wconf 88' lang='lat' dir='ltr'>eu&#39;t,</span> <span class='ocrx_word' id='word_1_327' title='bbox 1107 3713 1169 3775; x_wconf 87' lang='lat' dir='ltr'>quia</span> 
     </span>
    </p>

    <p class='ocr_par' dir='ltr' id='par_1_9' title="bbox 88 3784 1170 4294">
     <span class='ocr_line' id='line_1_38' title="bbox 117 3784 1168 3886; baseline 0 -53"><span class='ocrx_word' id='word_1_328' title='bbox 117 3785 221 3833; x_wconf 69' lang='lat' dir='ltr'>ia-iu.</span> <span class='ocrx_word' id='word_1_329' title='bbox 247 3786 293 3835; x_wconf 83' lang='lat' dir='ltr'>llic</span> <span class='ocrx_word' id='word_1_330' title='bbox 318 3784 377 3847; x_wconf 77' lang='lat' dir='ltr'>iiius]</span> <span class='ocrx_word' id='word_1_331' title='bbox 402 3787 467 3846; x_wconf 80' lang='lat' dir='ltr'>lam,</span> <span class='ocrx_word' id='word_1_332' title='bbox 486 3789 515 3836; x_wconf 92' lang='lat' dir='ltr'>ut</span> <span class='ocrx_word' id='word_1_333' title='bbox 531 3785 610 3836; x_wconf 87' lang='lat' dir='ltr'>decet</span> <span class='ocrx_word' id='word_1_334' title='bbox 625 3802 628 3886; x_wconf 65' lang='grc'>1</span> <span class='ocrx_word' id='word_1_335' title='bbox 646 3797 740 3836; x_wconf 90' lang='lat' dir='ltr'>omues</span> <span class='ocrx_word' id='word_1_336' title='bbox 757 3785 821 3834; x_wconf 87' lang='lat' dir='ltr'>mibi</span> <span class='ocrx_word' id='word_1_337' title='bbox 845 3798 923 3835; x_wconf 85' lang='lat' dir='ltr'>cures</span> <span class='ocrx_word' id='word_1_338' title='bbox 941 3786 1051 3847; x_wconf 77' lang='lat' dir='ltr'>eximet,</span> <span class='ocrx_word' id='word_1_339' title='bbox 1076 3800 1110 3836; x_wconf 90' lang='lat' dir='ltr'>ne</span> <span class='ocrx_word' id='word_1_340' title='bbox 1128 3788 1168 3834; x_wconf 92' lang='lat' dir='ltr'>in·</span> 
     </span>
     <span class='ocr_line' id='line_1_39' title="bbox 89 3854 1170 3923; baseline 0.006 -19"><span class='ocrx_word' id='word_1_341' title='bbox 89 3854 197 3917; x_wconf 78' lang='lat' dir='ltr'>lyricum</span> <span class='ocrx_word' id='word_1_342' title='bbox 213 3860 335 3922; x_wconf 76' lang='lat' dir='ltr'>poetam,</span> <span class='ocrx_word' id='word_1_343' title='bbox 354 3872 369 3908; x_wconf 89' lang='lat' dir='ltr'>a</span> <span class='ocrx_word' id='word_1_344' title='bbox 386 3859 493 3923; x_wconf 90' lang='lat' dir='ltr'>publica</span> <span class='ocrx_word' id='word_1_345' title='bbox 511 3859 608 3910; x_wconf 83' lang='lat' dir='ltr'>laetitia</span> <span class='ocrx_word' id='word_1_346' title='bbox 646 3861 757 3909; x_wconf 81' lang='lat' dir='ltr'>teatinae</span> <span class='ocrx_word' id='word_1_347' title='bbox 775 3860 958 3910; x_wconf 78' lang='lat' dir='ltr'>contentiones</span> <span class='ocrx_word' id='word_1_348' title='bbox 975 3874 1067 3911; x_wconf 91' lang='lat' dir='ltr'>rursus</span> <span class='ocrx_word' id='word_1_349' title='bbox 1084 3861 1170 3910; x_wconf 88' lang='lat' dir='ltr'>orian-</span> 
     </span>
     <span class='ocr_line' id='line_1_40' title="bbox 88 3932 1168 3999; baseline 0.005 -21"><span class='ocrx_word' id='word_1_350' title='bbox 88 3932 118 3979; x_wconf 90' lang='lat' dir='ltr'>ud</span> <span class='ocrx_word' id='word_1_351' title='bbox 140 3946 216 3983; x_wconf 87' lang='lat' dir='ltr'>suam</span> <span class='ocrx_word' id='word_1_352' title='bbox 241 3934 348 3989; x_wconf 83' lang='lat' dir='ltr'>transit.</span> <span class='ocrx_word' id='word_1_353' title='bbox 375 3936 404 3983; x_wconf 87' lang='lat' dir='ltr'>ul</span> <span class='ocrx_word' id='word_1_354' title='bbox 428 3934 488 3985; x_wconf 88' lang='lat' dir='ltr'>lecit</span> <span class='ocrx_word' id='word_1_355' title='bbox 511 3934 558 3984; x_wconf 91' lang='lat' dir='ltr'>Od.</span> <span class='ocrx_word' id='word_1_356' title='bbox 578 3935 607 3993; x_wconf 80' lang='lat' dir='ltr'>l,</span> <span class='ocrx_word' id='word_1_357' title='bbox 645 3938 701 3995; x_wconf 88' lang='lat' dir='ltr'>tur,</span> <span class='ocrx_word' id='word_1_358' title='bbox 728 3935 758 3983; x_wconf 86' lang='lat' dir='ltr'>ut</span> <span class='ocrx_word' id='word_1_359' title='bbox 782 3934 883 3984; x_wconf 87' lang='lat' dir='ltr'>lactum</span> <span class='ocrx_word' id='word_1_360' title='bbox 907 3938 949 3984; x_wconf 84' lang='lat' dir='ltr'>esi</span> <span class='ocrx_word' id='word_1_361' title='bbox 972 3938 1034 3999; x_wconf 88' lang='lat' dir='ltr'>post</span> <span class='ocrx_word' id='word_1_362' title='bbox 1058 3935 1087 3984; x_wconf 90' lang='lat' dir='ltr'>C.</span> <span class='ocrx_word' id='word_1_363' title='bbox 1111 3932 1168 3983; x_wconf 90' lang='lat' dir='ltr'>lulli</span> 
     </span>
     <span class='ocr_line' id='line_1_41' title="bbox 88 4004 1165 4071; baseline -0.001 -14"><span class='ocrx_word' id='word_1_364' title='bbox 88 4004 124 4053; x_wconf 78' lang='lat' dir='ltr'>ii.</span> <span class='ocrx_word' id='word_1_365' title='bbox 143 4005 173 4067; x_wconf 81' lang='lat' dir='ltr'>i,</span> <span class='ocrx_word' id='word_1_366' title='bbox 192 4008 221 4068; x_wconf 68' lang='grc' dir='ltr'>Ξ,</span> <span class='ocrx_word' id='word_1_367' title='bbox 240 4007 281 4059; x_wconf 74' lang='lat' dir='ltr'>iu.</span> <span class='ocrx_word' id='word_1_368' title='bbox 302 4008 385 4071; x_wconf 87' lang='lat' dir='ltr'>Epod.</span> <span class='ocrx_word' id='word_1_369' title='bbox 400 4009 429 4069; x_wconf 84' lang='lat'>9,</span> <span class='ocrx_word' id='word_1_370' title='bbox 443 4010 467 4058; x_wconf 88' lang='lat' dir='ltr'>i.</span> <span class='ocrx_word' id='word_1_371' title='bbox 481 4034 510 4045; x_wconf 87' lang='lat'>-</span> <span class='ocrx_word' id='word_1_372' title='bbox 529 4007 609 4071; x_wconf 77' lang='lat' dir='ltr'>atras]</span> <span class='ocrx_word' id='word_1_373' title='bbox 646 4008 768 4058; x_wconf 89' lang='lat' dir='ltr'>Caesaris</span> <span class='ocrx_word' id='word_1_374' title='bbox 785 4009 946 4057; x_wconf 81' lang='lat' dir='ltr'>interitum.»</span> <span class='ocrx_word' id='word_1_375' title='bbox 964 4007 1105 4071; x_wconf 75' lang='lat' dir='ltr'>-tmenlaJ</span> <span class='ocrx_word' id='word_1_376' title='bbox 1118 4008 1165 4057; x_wconf 90' lang='lat' dir='ltr'>0d.</span> 
     </span>
     <span class='ocr_line' id='line_1_42' title="bbox 88 4078 1165 4143; baseline 0.008 -17"><span class='ocrx_word' id='word_1_377' title='bbox 88 4078 142 4128; x_wconf 79' lang='lat' dir='ltr'>lid.</span> <span class='ocrx_word' id='word_1_378' title='bbox 167 4081 201 4131; x_wconf 84' lang='lat' dir='ltr'>ud</span> <span class='ocrx_word' id='word_1_379' title='bbox 230 4082 278 4132; x_wconf 82' lang='lat' dir='ltr'>od.</span> <span class='ocrx_word' id='word_1_380' title='bbox 306 4082 339 4141; x_wconf 87' lang='grc'>3,</span> <span class='ocrx_word' id='word_1_381' title='bbox 364 4084 396 4143; x_wconf 85' lang='lat' dir='ltr'>l,</span> <span class='ocrx_word' id='word_1_382' title='bbox 418 4082 459 4133; x_wconf 82' lang='lat' dir='ltr'>lo.</span> <span class='ocrx_word' id='word_1_383' title='bbox 487 4110 513 4119; x_wconf 85' lang='lat'><em>-</em></span> <span class='ocrx_word' id='word_1_384' title='bbox 544 4084 609 4132; x_wconf 69' lang='lat' dir='ltr'>Eui-</span> <span class='ocrx_word' id='word_1_385' title='bbox 645 4082 673 4143; x_wconf 82' lang='lat' dir='ltr'>i,</span> <span class='ocrx_word' id='word_1_386' title='bbox 693 4085 737 4143; x_wconf 80' lang='lat' dir='ltr'>lli,</span> <span class='ocrx_word' id='word_1_387' title='bbox 757 4084 802 4132; x_wconf 81' lang='lat' dir='ltr'>li:</span> <span class='ocrx_word' id='word_1_388' title='bbox 826 4083 929 4132; x_wconf 70' lang='lat' dir='ltr'>emmae</span> <span class='ocrx_word' id='word_1_389' title='bbox 948 4096 1035 4132; x_wconf 73' lang='lat' dir='ltr'>remu</span> <span class='ocrx_word' id='word_1_390' title='bbox 1051 4083 1165 4136; x_wconf 71' lang='lat' dir='ltr'>enemo,</span> 
     </span>
     <span class='ocr_line' id='line_1_43' title="bbox 88 4152 1168 4221; baseline 0.006 -16"><span class='ocrx_word' id='word_1_391' title='bbox 88 4152 141 4217; x_wconf 81' lang='lat' dir='ltr'>uel]</span> <span class='ocrx_word' id='word_1_392' title='bbox 158 4155 232 4215; x_wconf 78' lang='lat' dir='ltr'>Quod</span> <span class='ocrx_word' id='word_1_393' title='bbox 257 4156 323 4205; x_wconf 87' lang='lat' dir='ltr'>cod.</span> <span class='ocrx_word' id='word_1_394' title='bbox 341 4156 478 4220; x_wconf 79' lang='lat' dir='ltr'>antiquiss.</span> <span class='ocrx_word' id='word_1_395' title='bbox 496 4158 515 4206; x_wconf 87' lang='grc' dir='ltr'><strong>Β</strong></span> <span class='ocrx_word' id='word_1_396' title='bbox 533 4156 608 4205; x_wconf 88' lang='lat' dir='ltr'>exbi-</span> <span class='ocrx_word' id='word_1_397' title='bbox 678 4156 717 4206; x_wconf 83' lang='lat' dir='ltr'>i8.</span> <span class='ocrx_word' id='word_1_398' title='bbox 743 4157 824 4207; x_wconf 76' lang='lat' dir='ltr'>Marti</span> <span class='ocrx_word' id='word_1_399' title='bbox 838 4169 972 4206; x_wconf 71' lang='lat' dir='ltr'>moron</span> <span class='ocrx_word' id='word_1_400' title='bbox 988 4156 1071 4221; x_wconf 64' lang='lat' dir='ltr'>uuam]</span> <span class='ocrx_word' id='word_1_401' title='bbox 1089 4170 1168 4211; x_wconf 78' lang='lat' dir='ltr'>«corr-</span> 
     </span>
     <span class='ocr_line' id='line_1_44' title="bbox 90 4223 1165 4294; baseline 0.008 -21"><span class='ocrx_word' id='word_1_402' title='bbox 90 4223 132 4275; x_wconf 89' lang='lat' dir='ltr'>bet</span> <span class='ocrx_word' id='word_1_403' title='bbox 159 4230 240 4294; x_wconf 72' lang='lat' dir='ltr'>eripui</span> <span class='ocrx_word' id='word_1_404' title='bbox 268 4228 351 4293; x_wconf 79' lang='lat' dir='ltr'>(solus</span> <span class='ocrx_word' id='word_1_405' title='bbox 377 4230 498 4292; x_wconf 83' lang='lat' dir='ltr'>quidem,</span> <span class='ocrx_word' id='word_1_406' title='bbox 524 4233 552 4279; x_wconf 89' lang='lat' dir='ltr'>ui</span> <span class='ocrx_word' id='word_1_407' title='bbox 569 4231 609 4279; x_wconf 89' lang='lat' dir='ltr'>vi·</span> <span class='ocrx_word' id='word_1_408' title='bbox 646 4230 729 4279; x_wconf 90' lang='lat' dir='ltr'>ditum</span> <span class='ocrx_word' id='word_1_409' title='bbox 747 4229 817 4279; x_wconf 92' lang='lat' dir='ltr'>bello</span> <span class='ocrx_word' id='word_1_410' title='bbox 834 4230 946 4281; x_wconf 82' lang='lat' dir='ltr'>Marsico</span> <span class='ocrx_word' id='word_1_411' title='bbox 964 4244 986 4281; x_wconf 84' lang='lat' dir='ltr'>s.</span> <span class='ocrx_word' id='word_1_412' title='bbox 999 4230 1089 4283; x_wconf 87' lang='lat' dir='ltr'>sociali</span> <span class='ocrx_word' id='word_1_413' title='bbox 1101 4246 1125 4282; x_wconf 86' lang='lat' dir='ltr'>a.</span> <span class='ocrx_word' id='word_1_414' title='bbox 1139 4246 1165 4282; x_wconf 91' lang='lat' dir='ltr'>u.</span> 
     </span>
    </p>
   </div>
   <div class='ocr_carea' id='block_1_7' title="bbox 0 0 1472 4884">
    <p class='ocr_par' dir='ltr' id='par_1_10' title="bbox 0 0 1472 4884">
     <span class='ocr_line' id='line_1_45' title="bbox 0 0 1472 4884; baseline 0 1"><span class='ocrx_word' id='word_1_415' title='bbox 0 0 1472 4884; x_wconf 95' lang='lat' dir='ltr'> </span> 
     </span>
    </p>
   </div>
  </div>
 </body>
</html>
