2934 4884
469 334 527 382 ura.
546 335 564 382 r.
599 334 628 381 o,
649 333 767 383 xxxva,
1119 330 1179 395 soi

337 492 474 555 Venator
495 489 527 553 in
548 488 671 576 campis
693 489 806 555 nivalis

380 610 591 685 Haemoniae,
619 609 710 677 daret
731 622 766 675 ut
788 612 908 677 catenis
1141 611 1180 675 20

272 768 380 834 Fatale
403 780 595 833 monstrum:
621 790 706 857 quae
728 770 918 855 generosius

275 890 385 954 Perire
406 910 569 976 quaerens
590 910 651 957 nec
671 889 872 957 muliebriter

337 1010 470 1097 Expavit
491 1031 602 1076 ensem
624 1031 685 1077 noo
707 1010 841 1077 latentes

171 1209 211 1256 94.
222 1209 354 1259 ‚Paeoniae
370 1207 488 1257 Heineke
505 1207 591 1257 Pltilol.
609 1208 640 1257 11.
658 1220 685 1271 p.
705 1208 761 1257 464.
784 1235 808 1244 -
828 1208 869 1257 93.
888 1208 986 1259 latentis
1002 1210 1050 1259 BT.

112 1376 235 1432 nominat;
255 1372 376 1423 similiter
386 1376 416 1423 ut
426 1372 481 1423 itali
493 1373 627 1423 interdum
661 1374 725 1423 ralia
744 1374 862 1436 Erinnys.
897 1376 1010 1425 Attende
1036 1379 1125 1427 autem
1147 1380 1182 1428 ad

112 1452 185 1498 totam
202 1446 353 1498 Helvetium
369 1448 505 1511 perpetuis
522 1446 627 1497 nivibus
662 1441 820 1498 ἀσύνδετον
841 1450 1030 1499 senientiamm
1053 1452 1121 1501 inter
1136 1466 1179 1501 vv.

111 1528 258 1587 coopertam
269 1521 320 1572 sibi
332 1522 440 1584 lingunt.
474 1520 522 1570 Vel
538 1522 626 1585 potius
663 1524 769 1572 la-al.
789 1526 816 1573 et
832 1522 949 1573 subitum
972 1522 1034 1573 illud
1057 1540 1122 1587 quae
1141 1540 1183 1590 pe—

111 1596 216 1661 inteHige
233 1598 269 1646 de
286 1596 399 1645 hiberno
416 1598 550 1659 tempore,
573 1608 626 1658 quo
662 1599 773 1647 mosius
789 1624 812 1657 -‚
833 1610 886 1661 quo
902 1592 1047 1665 eiouvcle'rp
1065 1603 1182 1665 repenti-

110 1674 271 1735 potissimum
281 1671 411 1721 vacabant
418 1671 558 1720 venationi.
572 1672 624 1719 sat.
662 1684 724 1721 nam
742 1670 812 1722 illam
829 1675 909 1735 atque
927 1673 1110 1725 admirabilem
1126 1688 1184 1727 mu·

111 1748 137 1805 t,
163 1748 191 1808 3,
221 1746 281 1797 434.
321 1748 372 1795 Pro
400 1758 448 1795 sua
473 1746 626 1794 coniectura
662 1748 788 1797 tationem
805 1748 831 1797 in
849 1748 954 1810 reginae
972 1750 1060 1799 animo
1076 1750 1180 1811 iactam,

112 1822 221 1871 Heiueke
244 1820 322 1869 adert
343 1819 416 1868 ovid.
436 1820 496 1870 Hei.
515 1821 543 1879 4,
562 1818 624 1868 3⁴3:
662 1825 692 1871 ut
707 1835 723 1871 a
740 1822 814 1871 vanis
835 1835 920 1884 aeque
943 1826 969 1872 et
987 1837 1001 1872 a
1019 1826 1089 1875 veris
1107 1826 1183 1875 timo·

110 1894 213 1944 Ροιοιισι
225 1895 354 1943 -ιιῑοοιοε,
390 1894 443 1942 Sed
459 1894 565 1942 Paeones
580 1891 627 1940 de·
662 1896 736 1947 ribus
753 1898 877 1946 transiret
894 1897 927 1945 ad
949 1898 1182 1959 generosissimum

111 1966 535 2026 mumabOvidiomemorantur‚
552 1966 627 2029 quip-
662 1970 792 2021 moriendi
818 1968 968 2029 consilium,
999 1985 1093 2034 magna
1120 1986 1182 2023 cum

111 2056 139 2105 pe
159 2057 223 2093 eum
245 2042 325 2091 huius
349 2044 471 2104 tempore
496 2041 540 2090 diu
566 2043 631 2104 post
662 2048 718 2095 arte
747 2046 886 2107 expressit.
933 2046 1099 2108 Quamquam
1127 2048 1182 2097 scio

111 2118 237 2180 Virgilium
265 2119 346 2179 atque
371 2115 507 2165 Horatium
530 2116 626 2164 devicti
663 2119 851 2181 “improvisum
884 2118 953 2167 hunc
987 2117 1119 2179 sallum
1155 2124 1183 2171 ut

112 2196 201 2242 essent.
236 2192 275 2241 Ex
293 2193 376 2241 Ponto
393 2191 423 2250 9,
441 2191 470 2249 9,
488 2191 533 2238 75:
559 2189 626 2239 Adde
662 2194 747 2251 aiunt,
770 2192 803 2240 ab
821 2193 948 2255 imperitis
965 2194 1095 2245 iudicibus
1114 2198 1183 2245 acri-

20 2291 21 2316 ;
111 2266 367 2329 tdarnpltawsmodo
380 2266 503 2324 Paeonas,
523 2276 547 2312 a.
559 2276 586 2312 u.
601 2276 623 2312 c.
662 2273 704 2318 ter
719 2266 913 2331 reprebensum
932 2281 1000 2317 esse.

111 2341 160 2390 itt.
179 2369 207 2377 -
226 2342 301 2389 daret
317 2338 456 2401 uteatenie]
468 2340 497 2387 ln
510 2350 542 2399 eo
554 2340 625 2388 enim
694 2345 735 2393 22.
752 2342 792 2391 23.
813 2342 897 2391 Perire
912 2342 1183 2405 quaemadmodum

112 2415 191 2464 omnia
217 2416 376 2478 reposuerat
401 2413 570 2470 Octavianus,
596 2415 627 2461 ut
661 2421 792 2481 appetens
812 2418 922 2479 viasque
942 2417 1071 2467 moriendi
1090 2430 1183 2469 omnes

20 2487 21 2506 ³
112 2485 174 2539 illam
201 2488 339 2551 triumpho
367 2489 524 2536 reservaret.
556 2483 623 2535 Plul.
663 2491 848 2553 investigans.»
865 2492 944 2540 Amal
960 2493 1049 2541 autem
1062 2492 1183 2543 Horatius

112 2564 163 2611 int.
179 2565 226 2615 78:
254 2558 307 2611 τὸν
327 2556 491 2631 Προκλήϊον
509 2554 626 2624 ἔπεμψε
661 2567 791 2616 rariorem
817 2565 885 2613 hane
909 2578 934 2615 v.
961 2568 1096 2627 quaerendi
1121 2578 1184 2616 oum

20 2671 21 2684 .
111 2633 255 2699 κελεύσας,
281 2630 320 2701 ἢν
340 2632 473 2721 limfa,
498 2631 626 2699 μάὴστα
661 2640 788 2691 infinitivo
800 2641 1033 2690 constructionem
1047 2640 1122 2690 Vad
1134 2641 1181 2691 od

111 2707 157 2775 τῆς
182 2706 371 2780 Κλεοκοὶτρης
398 2705 492 2774 ζώσης
518 2708 626 2833 κρατῆ-
662 2714 690 2774 3,
709 2712 738 2773 4,
758 2713 846 2763 39.-
819 2714 1079 2779 ——ueemttllebriterl
1092 2713 1181 2765 Vellei.

112 2800 168 2835 σοι·
185 2781 314 2855 καὶγὰρ
336 2782 497 2844 ἐφοβεῖτο
490 2782 626 2855 περὶτῶν
662 2790 690 2848 9,
709 2788 755 2838 87:
783 2788 915 2849 Cleopatra
931 2789 1060 2851 [imitatis
1075 2790 1184 2838 malodi-

20 2877 21 2906 l
112 2858 281 2945 ρρημάτων
283 2861 333 2909 καὶ
352 2861 428 2925 μέγα
448 2854 519 2930 πρὸς
538 2856 626 2923 δόξαν
663 2828 707 2912 lala
727 2862 801 2911 illata
824 2863 923 2924 aspide,
946 2876 1033 2912 mareu
1053 2864 1106 2912 eiua
1125 2876 1185 2913 sane

113 2928 201 3000 ἡγεῖτο
227 2932 282 2985 τοῦ
309 2930 472 3006 θριάμβου,
500 2948 627 3001 καταγα-
663 2950 754 2998 erpere
769 2937 895 2985 muliebris
910 2943 988 2986 οισιιιι
1004 2938 1185 2999 spirimmred-

113 3016 166 3073 νεῖν
180 3005 284 3075 αὐτήν
663 3012 780 3061 (44444.-
754 3010 912 3071 -Eepaoie
928 3012 1015 3075 ειιισνη]
1040 3010 1106 3061 Plut.
1123 3013 1182 3061 Aul.

139 3086 177 3135 il.
196 3084 329 3148 Fuluia«
317 3082 391 3133 «lato
413 3083 572 3133 destinatum
589 3083 627 3137 ad
664 3085 713 3134 79:
727 3083 915 3207 Θεασαιιένρ
942 3080 993 3133 τὸν
1020 3082 1184 3155 Προκλήϊον

113 3160 274 3221 perdendum
284 3171 368 3221 prope
382 3158 523 3221 imperium
535 3160 629 3209 Roma·
657 3150 782 3229 ω’ρμησε
798 3156 834 3222 μὲ
835 3174 851 3206 ν
868 3152 959 3223 αὐτὴν
977 3156 1101 3222 πατάξαι
1118 3160 1184 3222 (τα-

114 3247 195 3283 num.-
222 3237 433 3282 ntonslwm
458 3228 941 3303 ᾳιισσ](1οο-εζωσμε’νηγὰρ
927 3228 1064 3298 ετύγχανέ
1085 3247 1111 3282 τι
1128 3230 1186 3281 τῶν

114 3311 215 3359 structio
240 3304 316 3379 πρὸς
338 3304 373 3356 τὸ
396 3304 626 3371 σημαινόμενον,
664 3250 838 3397 {perperaum
833 3303 972 3371 ξιφιδίων
974 3302 1186 3378 4προσδραμών

113 3385 138 3430 ut
153 3383 247 3444 udyss
266 3380 298 3443 λ,
317 3382 363 3431 9οι
388 3378 473 3446 ψυχὴ
496 3380 627 3446 Optimos
664 3382 695 3433 δὲ
711 3378 784 3443 ταχὺ
802 3376 893 3447 αὐτὴν
910 3379 1060 3432 ἐκώλυσεν
1083 3384 1184 3441 Quoex

114 3455 272 3543 Τειρεσίαο
314 3451 448 3525 Χρόσεον
481 3454 628 3527 σκῆττρον
665 3459 723 3509 loeo
748 3458 860 3520 apparet
885 3456 971 3505 miuus
997 3458 1098 3504 rectam
1125 3467 1185 3505 esse

114 3524 190 3588 ἔχων.
208 3533 316 3581 Terent
334 3532 401 3580 Eun.
420 3530 449 3589 4,
469 3531 498 3591 3,
517 3531 544 3580 3;
569 3532 629 3580 Sce-
665 3534 750 3583 Vossn
763 3533 1018 3596 interpretationem
1031 3530 1129 3591 mente,
1140 3532 1186 3579 dan

114 3604 439 3669 larpoatpuumludiflcutua
451 3607 627 3694 ateirpinerp
665 3609 760 3657 edlereu
777 3606 1086 3671 Auspanpslchsuelend,
1104 3606 1188 3655 weder

115 3679 181 3730 Plato
197 3681 313 3742 Eulhvd.
332 3682 389 3729 275.
407 3682 455 3730 D.:
477 3677 511 3729 τὸ
528 3678 629 3750 μειρά-
666 3684 712 3731 dos
736 3682 846 3731 Seltwert
870 3682 908 3730 uls
933 3680 1001 3729 Weib
1022 3681 1119 3743 rapend
1140 3680 1187 3729 ltob

20 3791 21 3832 4
114 3750 388 3825 κιον--ἀτιορήσσς,
407 3755 461 3804 Cio.
474 3754 508 3804 ad
520 3756 592 3805 Fam.
604 3756 627 3815 4,
665 3771 691 3804 ιι.
710 3770 729 3805 a.
748 3770 781 3804 m.

20 3845 21 3866 ι
115 3827 140 3885 9,
158 3830 203 3878 ts:
219 3831 267 3879 illo
281 3830 352 3891 suria
360 3828 630 3892 muliebrimnrelipio-
698 3830 738 3880 93.
758 3842 801 3879 nee
818 3828 928 3892 latentes]
943 3830 1036 3878 Narrat
1047 3826 1112 3878 Plut.
1126 3830 1184 3879 Ant.

114 3916 183 3963 m,
200 3906 243 3965 pul
260 3908 312 3954 eet.
332 3905 385 3953 Liv.
404 3904 449 3963 38,
474 3902 518 3953 ts:
545 3909 631 3953 walae
666 3904 706 3953 69.
726 3904 759 3953 de
778 3902 979 3953 transvehendis
997 3916 1011 3952 e
1028 3901 1084 3952 Nilo
1103 3904 1128 3953 in
1150 3904 1186 3953 si-

115 3979 631 4044 corponsnmoles--ermpamcomter-
667 3992 730 4028 num
749 3978 890 4027 arabicum
909 3976 1019 4029 navibus
1037 3992 1096 4027 eam
1114 3977 1187 4039 cogi-

115 4053 238 4102 natirunt.
257 4052 484 4112 Eliaml'lorusi‚
504 4056 543 4103 44.
561 4067 632 4103 moa-
666 4056 738 4103 tasse
760 4055 787 4101 et
806 4052 867 4102 inde
890 4046 945 4116 ἔξω
970 4056 1113 4103 κατοικεῖν
1137 4062 1186 4099 vo-

114 4131 190 4175 stram
207 4141 265 4177 eum
282 4126 397 4192 appellat
413 4130 441 4177 et
457 4130 562 4178 Lucano
584 4129 629 4187 40,
667 4126 761 4187 luisse;
780 4126 910 4177 abiecisse
928 4130 1017 4179 tamen
1034 4128 1084 4175 hoc
1102 4124 1186 4174 consi·

116 4200 155 4249 58.
174 4203 225 4252 est:
250 4204 359 4252 Dedecus
375 4204 491 4266 Αερμριί,
513 4203 577 4252 Latii
592 4202 630 4265 se-
667 4202 745 4261 lium,
772 4214 834 4251 cum
856 4216 936 4253 naves
958 4200 1055 4262 aliquot
1072 4200 1185 4261 primum
