2934 4884
509 369 569 420 iiiii.
588 372 629 422 iv.
665 373 694 420 (ἶ.
713 373 744 421 ii.

243 1109 416 1176 Pindarum
439 1111 588 1198 quisquis
611 1113 719 1178 studet
741 1113 913 1189 aemulari,

180 1309 210 1357 ii.
238 1309 320 1358 inser.
338 1307 406 1369 volg.
435 1307 473 1357 Aa
489 1309 571 1358 lartum
587 1309 728 1360 Amemus.
751 1341 778 1347 -
797 1312 835 1361 Ad
850 1313 932 1362 laisan
947 1314 1082 1364 Antonium
1097 1321 1169 1365 octa-

146 1383 251 1432 stiorum
268 1385 405 1444 postauam
424 1384 552 1433 ueneratio
574 1383 640 1434 BbS.
662 1413 688 1420 -
718 1387 756 1435 Ad
775 1385 868 1436 luten
884 1389 940 1450 (sic)
958 1389 989 1439 dc
1004 1391 1172 1440 minitatione

146 1471 215 1506 euna
232 1470 256 1506 c.

146 1633 178 1681 41.
196 1629 268 1682 iulus
284 1633 430 1694 Antonius,
448 1633 516 1685 alter
531 1633 565 1685 ii.
584 1635 639 1684 An·
676 1635 702 1684 in
731 1633 889 1701 Aethiopide
917 1635 1017 1688 lecerat
1044 1639 1078 1690 ii.
1108 1639 1202 1690 Furius

114 1707 177 1755 tonii
190 1707 319 1756 triumviri
336 1720 369 1756 er
382 1707 469 1757 Fulvia
488 1707 571 1770 iilius,
590 1723 639 1759 na·
675 1707 827 1760 Bibaculus.
848 1712 899 1772 (Sic
915 1713 1076 1777 scripseram
1093 1716 1155 1764 ante
1167 1713 1204 1764 le-

113 1782 156 1851 tps
174 1781 281 1830 circiter
297 1794 321 1832 a.
335 1795 362 1831 u.
376 1795 400 1832 c.
414 1784 490 1845 iio,
510 1783 638 1834 educatus
677 1785 750 1833 ctum
758 1783 969 1836 Weiclisrumkt.
983 1788 1053 1837 Scir.
1068 1789 1088 1838 l.
1100 1801 1127 1852 p.
1140 1789 1200 1839 396:

113 1850 148 1902 ab
173 1855 281 1904 Octavia
307 1856 422 1918 maiore,
453 1857 566 1921 benigna
589 1871 639 1908 no-
675 1859 723 1907 Dic
739 1859 913 1909 Diomeden
928 1861 972 1910 des
986 1862 1055 1911 iulus
1070 1862 1201 1924 Ammaia,

112 1940 206 1988 verca,
227 1928 305 1978 huius
322 1927 403 1979 filiam
415 1929 566 1984 Marcellam
583 1944 641 1982 ma·
675 1932 702 1981 ta
718 1933 800 1995 subl!
811 1933 941 1994 Baetem,
959 1937 1059 1986 mitieit
1073 1938 1203 1986 omau-

112 2003 197 2052 iorem
210 2002 447 2054 inmatrimonium
460 2005 541 2056 duxit.
574 2008 638 2056 Tam
675 2006 723 2054 licit
756 2007 804 2055 dea
828 2005 917 2056 aaran
943 2009 1008 2057 licii
1032 2010 1077 2057 der
1103 2009 1203 2060 muas·

111 2077 245 2136 gratiosus
262 2077 309 2126 luit
334 2077 406 2140 apud
423 2081 585 2142 Augustum,
610 2084 641 2130 ut
675 2079 905 2141 examinastis,
922 2083 975 2130 aad
990 2084 1131 2132 summm
1144 2084 1203 2133 rust

112 2149 311 2212 cumprimum
335 2149 422 2201 locum
441 2154 573 2217 Agrippa,
596 2155 640 2204 Li·
675 2153 766 2202 tonna
790 2155 835 2202 der
850 2154 1016 2216 liauptintrott
1036 2157 1078 2205 des
1102 2169 1202 2220 pacm

111 2223 169 2272 viae
188 2222 234 2273 iiiii
251 2224 402 2275 secundum
420 2229 556 2288 tenerent,
584 2231 640 2277 ter·
675 2226 913 2289 Epipoacnpsdtcliis
936 2239 1081 2277 mammen
1110 2230 1203 2292 pescast

112 2297 165 2346 tius
191 2298 266 2346 esset
291 2311 323 2347 ac
348 2303 535 2352 numeraretur
568 2301 639 2352 iulus
676 2300 750 2362 sun.)
764 2325 792 2336 -
811 2299 898 2350 «iulus
915 2303 1044 2351 Antonius
1060 2306 1202 2365 rogaverat

112 2371 222 2421 circiter
238 2383 262 2420 a.
276 2385 302 2420 u.
317 2385 340 2421 c.
358 2373 415 2425 m.
428 2413 434 2434 ,
454 2387 508 2438 quo
524 2377 639 2440 Agrippa
677 2375 827 2434 Horatium,
847 2376 877 2424 ut
891 2376 989 2439 scripta
1002 2375 1106 2426 Pindari
1118 2380 1202 2428 Grae-

113 2449 232 2496 mortem
257 2445 330 2496 obiit.
367 2447 441 2511 (Piut.
467 2450 561 2500 Anton.
588 2451 638 2514 87.)
676 2461 706 2497 oa
724 2449 752 2497 in
769 2446 876 2499 laudern
894 2449 1017 2500 Caesaris
1034 2451 1199 2512 transferret,

111 2520 226 2570 Ornatus
244 2523 285 2571 est
302 2533 317 2570 a
334 2523 417 2585 patris
433 2524 533 2574 victore
552 2537 640 2574 sacer-
676 2525 706 2572 ut
721 2521 844 2586 Virgilius
861 2525 960 2587 scripta
977 2525 1086 2574 iiomeri
1104 2527 1130 2575 in
1147 2523 1202 2574 lau-

114 2594 203 2654 dotio,
231 2597 356 2658 praetura
378 2609 447 2647 anno
471 2611 497 2648 u.
529 2611 552 2648 c.
580 2599 638 2649 744.
676 2595 741 2646 dem
751 2599 867 2647 Aeneae.
894 2596 959 2649 inde
977 2600 1088 2649 excusat
1104 2611 1134 2649 se
1147 2600 1202 2650 lio-

113 2668 319 2731 (siccasset,
339 2671 380 2719 26.
404 2669 495 2721 Vellei.
509 2673 539 2733 2,
560 2673 637 2736 iod),
676 2673 760 2722 ratius
786 2671 879 2722 dicens
904 2685 934 2722 se
958 2674 1031 2722 tanto
1052 2675 1127 2736 operi
1148 2687 1201 2724 non

112 2740 274 2804 consulatu,
304 2755 386 2806 quam
412 2758 474 2796 eum
500 2748 530 2806 Q.
558 2745 638 2797 Fabio
676 2745 813 2807 suiiicere,
844 2759 907 2796 cum
924 2745 966 2796 ille
983 2759 1106 2798 summus
1122 2750 1202 2811 poeta

112 2817 230 2868 Maximo
247 2817 370 2867 Airioano
388 2819 470 2881 gessit
485 2833 555 2870 anno
571 2835 598 2870 u.
613 2835 636 2871 c.
676 2815 780 2868 luerit.»
809 2821 900 2870 Senon
928 2820 999 2885 apud
1016 2821 1199 2885 vanderbnrg.

110 2889 170 2942 744.
206 2889 292 2942 Nihilo
313 2895 403 2943 umen
420 2895 509 2945 secius
532 2894 640 2946 violavit
676 2892 733 2942 iloc
751 2907 816 2944 sane
835 2907 867 2944 ex
885 2894 944 2957 ipso
956 2895 1081 2946 carminis
1093 2895 1203 2945 exordio

110 2965 224 3016 domum
239 2966 368 3029 Augusti,
387 2966 472 3018 aiiinis
490 2970 543 3031 sui,
563 2981 638 3020 oom-
676 2967 848 3032 desumptum
861 2970 916 3028 est,
929 2973 1011 3032 atque
1022 2971 1058 3018 ita
1071 2967 1203 3034 explican-

111 3040 197 3090 misso
215 3051 278 3089 oum
296 3039 358 3090 iulia
377 3041 506 3092 adulterio
523 3055 547 3092 a.
567 3057 593 3094 u.
613 3057 636 3094 c.
675 3040 756 3102 dum,
769 3041 827 3091 tisri
839 3043 931 3104 utique
943 3045 1120 3107 potuisss,ut
1131 3043 1202 3094 iulus

109 3115 170 3164 isa.
205 3113 412 3165 insimulabatur
429 3115 456 3166 id
473 3116 570 3168 iecisse
588 3130 636 3182 spe
675 3113 819 3176 aliqnando
830 3115 941 3166 miratus
952 3117 998 3177 sit,
1017 3131 1066 3166 cur
1077 3119 1202 3169 Horatius

109 3187 217 3252 imperii
243 3189 400 3253 occupandi.
436 3190 495 3254 (Dio
512 3193 558 3252 os,
587 3193 637 3255 40.)
675 3189 825 3239 carminum
840 3188 1041 3239 Pindaricornm
1057 3190 1201 3243 tormasac

109 3261 176 3312 iulia
193 3261 220 3311 in
238 3262 424 3313 Pandatariam
441 3263 554 3315 insulam
572 3264 640 3316 reie-
674 3266 761 3314 metra
787 3263 883 3312 imitari
900 3275 1039 3324 nunquam
1062 3262 1199 3315 voluisset.

108 3339 171 3398 gata
180 3338 236 3396 est,
250 3335 321 3387 lidus
333 3338 443 3401 Augusti
454 3339 528 3390 iussu
537 3353 567 3390 se
579 3341 638 3404 ipse
677 3365 705 3375 -
719 3338 903 3400 compositum
914 3336 1021 3386 videtur
1030 3338 1082 3387 boc
1092 3351 1202 3392 carmen

110 3409 245 3460 interiecit
269 3411 338 3461 testa
365 3411 465 3463 Velleio
491 3412 507 3463 l.
530 3413 547 3464 l.
584 3414 636 3466 Cir.
675 3426 700 3462 a.
718 3425 745 3461 u.
764 3425 789 3461 c.
808 3410 864 3460 738.
892 3412 1007 3460 exeunte
1023 3410 1066 3461 vel
1084 3413 1141 3462 739.
1159 3413 1202 3464 ln·

109 3485 214 3534 Seram
234 3483 268 3534 de
284 3485 361 3536 Brev.
379 3487 425 3536 vit.
448 3488 472 3537 s.
501 3487 639 3538 weicheri
675 3487 766 3536 eunte.
782 3485 843 3548 [Cir.
857 3484 979 3547 Franks.)
1005 3485 1149 3537 Grotetend
1160 3501 1202 3537 ra-

108 3558 143 3608 de
164 3558 243 3608 Vario
260 3571 320 3623 pag.
339 3559 387 3610 342
404 3573 481 3625 seqq.
512 3561 638 3612 Loebeliii
674 3561 726 3610 tert
734 3560 769 3609 ad
777 3573 801 3610 a.
812 3559 880 3620 iio,
894 3558 936 3609 aiii
945 3559 979 3609 ad
988 3573 1012 3609 a.
1021 3559 1078 3610 744.
1089 3560 1132 3611 vel
1142 3561 1200 3612 iit.

108 3631 270 3697 opuseulum
300 3635 489 3685 Gemanicum
518 3635 553 3686 de
584 3639 639 3687 Au·
708 3636 732 3683 4.
753 3634 904 3698 Pincianus]
922 3635 986 3684 stat.
1005 3632 1199 3695 Silv.i,7,o:

108 3707 181 3770 gasti
206 3707 355 3771 principatu
385 3721 445 3773 pag.
476 3709 533 3760 235.
564 3712 639 3773 (itau—
675 3709 1199 3774 flammescentem-Pindaro.

108 3793 172 3832 mer
183 3781 338 3832 moneta
350 3783 520 3834 Tcsetoabaelt
534 3784 582 3835 bd.
595 3786 636 3846 V.)
676 3785 793 3835 Tametsi
814 3785 936 3834 Horatius
961 3784 1078 3847 singulas
1102 3783 1203 3846 aliquot

111 3879 138 3890 -
163 3853 250 3905 :iulus
270 3857 398 3907 Antonius
420 3859 529 3908 heroico
550 3861 638 3910 metro
676 3859 821 3909 sententias
839 3873 871 3908 ex
883 3858 997 3908 Pindaro
1015 3857 1147 3908 transtulit
1165 3860 1203 3922 (ut

109 3927 273 3979 Diomedeas
285 3929 481 3996 (Διομηδεὶας)
494 3932 637 3982 duodecim
676 3931 723 3981 0d.
738 3933 748 3981 4
761 3971 767 3993 ,
782 3934 826 3993 ⁴2,
840 3933 885 3993 4.),
903 3932 1099 3994 sapientissime
1110 3934 1202 3982 tamen

109 3999 193 4052 libros
206 4003 313 4067 scripsit
324 4007 444 4069 egregios
460 4009 487 4056 et
498 4019 577 4070 prosa
590 4007 638 4056 ali·
676 4003 805 4056 abstinuit
828 4004 863 4054 ab
889 4005 1024 4055 imitandis
1052 4007 1202 4055 carminum

110 4088 190 4138 qua·
209 4077 305 4127 Aenos.
335 4081 522 4132 Antimachum
549 4081 636 4145 igitur,
676 4080 878 4130 Pindaricomm
912 4079 1004 4129 iormis
1032 4091 1064 4128 ac
1090 4081 1200 4139 metris,

110 4152 140 4200 ut
166 4151 275 4214 opinor,
309 4152 405 4202 imitari
437 4157 549 4204 conatus
579 4157 636 4216 est,
675 4154 836 4217 imaginibus
852 4151 1057 4214 audacion’bus,
1076 4151 1201 4203 liberiore

111 4224 356 4288 quemadmodum,
368 4229 507 4279 Aretinum
519 4231 636 4292 secutus,
676 4229 822 4278 verboram
839 4227 1047 4292 compositione,
1069 4229 1201 4278 rationem
