2934 4884
327 352 367 417 42
711 355 839 406 uoaaru
857 357 1025 409 caaumun

326 521 396 574 cuia.
423 525 503 573 immo
525 522 703 574 abiectissima
724 522 817 573 miscet
832 521 960 584 adulatio,
985 524 1007 573 si
1030 535 1093 573 eum
1111 524 1232 575 Horatius
1249 538 1416 588 magnorum

324 608 465 670 poetarum
486 619 597 656 numero
619 605 686 656 uitro
708 609 886 670 aggregasset.
922 610 1014 671 Neque
1036 607 1098 657 aiibi
1115 609 1249 668 Horatius,
1274 609 1414 672 Virgilius,

325 691 475 752 Propertius
493 690 640 739 carminum
656 691 761 753 patroni
777 691 818 739 sui
835 692 998 740 mentionem
1015 690 1144 741 iecerunt.
1174 693 1260 742 immo
1275 694 1335 743 eius
1347 707 1416 742 ora-

324 774 423 823 tionem
440 775 597 834 discinctum,
616 774 736 835 solutum,
761 775 924 839 maenum,
942 775 1093 836 traditioni,
1111 780 1237 824 muman
1253 777 1417 826 reticentiae

321 858 422 918 plevium
440 860 512 907 notat
528 859 629 907 Seneca
647 859 728 921 Epist.
747 857 804 908 tit.
824 861 879 908 Nec
896 859 960 910 satis
976 861 1049 908 recte
1067 860 1194 921 Doen'ng:
1219 861 1264 908 «Si
1282 861 1415 910 Horatius

324 953 348 988 v.
367 941 408 990 29.
428 940 462 990 ad
479 942 661 991 Maecenatem
679 944 834 992 convertere
845 941 972 992 voluisset
987 943 1143 1001 orationem,
1162 943 1230 992 haec
1246 943 1301 992 iera
1319 945 1349 993 ei
1362 958 1414 992 ex-

322 1025 460 1088 primenda
478 1025 570 1076 fuisset
587 1027 730 1076 sententia:
762 1027 817 1075 «Te
834 1027 906 1075 iuvat
926 1039 1017 1075 rerum
1034 1025 1201 1090 publicarum
1218 1040 1278 1077 esse
1295 1033 1413 1078 curato-

321 1121 379 1158 rem
398 1111 424 1157 et
441 1109 657 1168 administrum»
675 1121 738 1158 nam
754 1111 887 1172 potentiae
904 1110 1014 1159 audium
1029 1108 1071 1159 ille
1089 1109 1181 1160 callide
1199 1110 1337 1170 occulens,
1357 1113 1413 1161 ho-

321 1191 430 1241 noribus
448 1191 567 1240 civilibus
585 1206 693 1257 semper
710 1193 843 1243 abstinuit.
869 1221 897 1230 -
919 1193 1084 1244 Eichstadius
1105 1195 1132 1244 in
1149 1195 1242 1244 Parad.
1262 1195 1293 1244 H.
1313 1195 1359 1244 IV.
1381 1209 1408 1260 p.

322 1275 360 1324 ta.
381 1289 412 1324 ac
430 1275 614 1326 Groteiendius
631 1277 656 1326 in
673 1277 769 1326 Athen.
788 1276 813 1326 3.
831 1291 858 1341 p.
876 1277 918 1327 86.
936 1291 963 1326 v.
982 1278 1022 1328 35.
1059 1279 1150 1340 Quodsi
1167 1278 1218 1327 cat.
1237 1277 1346 1338 deleto,
1367 1283 1412 1328 to-

322 1361 378 1408 tum
400 1357 488 1408 locum
509 1361 547 1410 sic
569 1361 775 1410 constituerunt:
796 1363 1029 1411 Ha--socemcnt
1044 1362 1146 1423 populo.
1163 1361 1214 1410 'Si
1234 1355 1313 1423 noque
1332 1362 1412 1411 tibias

321 1443 429 1504 strepa
445 1444 537 1493 cohibet
552 1457 597 1494 noc
612 1445 775 1506 Polyhymnia
790 1444 909 1494 Lesboum
925 1445 1017 1508 refugit
1036 1447 1135 1495 tendere
1149 1446 1277 1501 barbiton,
1296 1447 1409 1495 Sublimi

319 1527 410 1588 serium
434 1524 518 1577 sidero
540 1529 639 1577 vertice.
675 1529 727 1578 Sed
752 1541 778 1577 v.
802 1528 841 1579 35.
865 1527 907 1578 vel
928 1530 1039 1592 propter
1058 1530 1136 1578 metri
1156 1531 1286 1580 rationem
1303 1545 1320 1579 a
1340 1532 1409 1580 Hei-

320 1611 397 1660 nenio
424 1615 503 1661 recte·
523 1612 664 1662 indicatam
692 1612 789 1663 abesse
812 1625 864 1662 non
885 1615 985 1676 potest,
1008 1615 1037 1661 ut
1058 1616 1208 1672 taceamus,
1232 1615 1270 1664 sic
1287 1616 1406 1676 gratuito

320 1696 437 1744 amoveri
454 1697 625 1760 praecipuam
643 1697 722 1747 totius
739 1697 864 1746 carminis
881 1697 1053 1758 sententiam,
1072 1700 1211 1759 quaeest:
1240 1698 1296 1746 «Te
1314 1699 1406 1747 iudice

319 1776 407 1839 lyricis
428 1781 526 1843 potitis,
549 1779 641 1843 quates
662 1780 770 1831 inerunt
786 1793 885 1831 novem
902 1778 936 1830 iHi
954 1783 1129 1840 Graecorum,
1152 1782 1322 1830 annumerari
1341 1785 1404 1831 ante

319 1873 407 1911 omma
425 1863 534 1926 cupio.»
