2934 4884
653 353 780 402 itOiiATti
799 351 968 402 ciantium

435 510 577 576 Tandem
598 509 823 596 querelarum,
847 517 880 572 et
904 507 1010 593 potins
1034 527 1117 572 nova

479 631 652 696 Cantemus
674 629 808 714 Augusti
832 638 965 714 tropaea

265 944 419 995 structione.
444 942 534 1004 Eurip.
554 941 690 991 Phoeniss.
711 939 788 988 toti:
826 938 925 999 facere,
953 936 1033 984 motui
1059 937 1185 984 maiorem
1209 942 1357 984 nostrornm

265 1014 376 1082 Λήξασ’
389 1011 523 1086 ὀδυρμῶν
540 1014 687 1078 πενθίμων
700 1026 730 1061 τε
743 1008 790 1060 da·
827 1011 940 1072 eruapto
965 1023 1070 1073 regnum
1094 1012 1121 1058 id
1144 1012 1179 1058 od
1205 1011 1354 1074 l'ipronem,

265 1088 368 1160 κρύων.
398 1091 440 1139 Sic
458 1089 505 1140 Od.
525 1089 554 1147 ³,
572 1090 617 1148 27,
637 1087 681 1136 69:
708 1087 790 1136 Absti-
826 1086 974 1134 Artuoasdis
987 1086 1081 1149 μένον,
1106 1090 1217 1145 nepotem
1239 1085 1358 1147 Tigranis

263 1168 442 1216 neto-irarum.
479 1163 556 1225 (Virg.
576 1165 641 1211 Aen.
661 1163 705 1221 til,
729 1160 786 1210 tlt.
825 1161 905 1222 repis,
929 1174 976 1220 per
1001 1159 1050 1208 Tib.
1070 1160 1206 1213 Neronem,
1234 1159 1277 1219 pai
1300 1163 1356 1206 tum

263 1247 358 1302 tompus
375 1240 488 1288 deristm
501 1250 602 1299 pugnae
618 1238 659 1285 est
674 1236 787 1295 dativus,
826 1235 1023 1295 crotprivipnm
1032 1246 1114 1292 nera,
1127 1232 1274 1293 transferre.
1293 1231 1357 1281 Vel-

264 1316 294 1362 ut
318 1315 381 1362 Stet.
401 1309 484 1361 Theb.
508 1312 537 1371 a,
562 1309 618 1360 sit.
643 1310 724 1360 labori
745 1311 788 1358 dc-
826 1305 868 1357 lei.
887 1309 916 1366 2,
935 1306 981 1357 at:
1007 1306 1127 1356 Tiberius
1144 1319 1201 1354 eum
1217 1305 1357 1368 legionibus

265 1388 334 1436 stitit.
355 1385 408 1436 Cir.
422 1384 587 1435 Bachuood.
602 1384 789 1434 Gobroucbder
825 1382 951 1443 inpressas
966 1382 1124 1440 Amanium,
1154 1381 1259 1429 reducto
1280 1393 1313 1429 eo
1329 1383 1357 1428 ia

263 1461 341 1511 Cusus
354 1459 380 1508 in
398 1461 442 1507 der
461 1459 506 1507 lot.
522 1458 676 1519 Dialrterspr.
689 1471 716 1521 p.
736 1458 787 1520 ti.)
822 1461 968 1517 potestaten
982 1457 1008 1504 P.
1026 1456 1053 1504 li.
1071 1467 1177 1516 regnam
1193 1455 1245 1502 eius
1260 1455 1356 1503 Arta-

295 1534 335 1583 ra.
354 1534 458 1596 Aupristi
475 1531 588 1595 tropaea]
607 1533 663 1591 Quo
678 1533 787 1582 animio
824 1529 912 1578 cordi
923 1530 1001 1585 dedic
1014 1527 1059 1576 nbi
1070 1541 1145 1576 error
1153 1528 1259 1577 ridetur
1267 1529 1354 1592 ipsius

263 1607 335 1657 luctu
352 1607 468 1655 amicum
486 1607 600 1664 evertat,
619 1617 683 1655 eum
699 1606 788 1656 borta-
825 1604 964 1666 scriptoris
977 1615 1026 1664 pro
1041 1603 1179 1665 Tigrani.
1206 1603 1268 1652 Tac.
1282 1607 1352 1652 Arm.

262 1683 318 1740 tur,
335 1682 365 1727 ut
375 1691 469 1728 secum
481 1679 556 1740 quasi
568 1681 717 1730 certaturus
730 1693 788 1729 car·
823 1679 852 1738 ἓ,
872 1677 896 1726 3.
916 1678 964 1726 Dio
976 1675 1022 1736 oi,
1036 1677 1059 1724 9.
1079 1677 1221 1726 Accedunt
1237 1679 1352 1726 nummi.

262 1754 333 1802 mine
352 1755 461 1815 tropaea
479 1750 519 1800 illa
538 1750 669 1813 celebret,
689 1753 787 1817 duplex
824 1750 922 1801 Eckhel
940 1752 982 1799 t'l.
1001 1763 1028 1812 p.
1047 1750 1095 1799 98:
1121 1750 1250 1799 CAESAR.
1269 1753 1350 1800 Dil'l.

263 1828 302 1876 sic
327 1827 496 1890 propositum
518 1838 681 1888 assequens,
708 1830 787 1878 utet
823 1826 852 1874 F.
870 1826 970 1874 Aiildli.
991 1824 1095 1873 CAPTA.
1128 1827 1260 1887 (Armenia
1279 1837 1353 1886 genu

261 1902 409 1962 Augustum
437 1901 548 1962 propter
577 1913 622 1950 res
655 1913 785 1965 prospere
824 1900 892 1948 liena
902 1900 1032 1962 porrectis
1043 1897 1198 1961 suppliciter
1207 1897 1352 1955 manibus}

261 1977 349 2037 gestas
367 1973 474 2036 oblique
492 1972 590 2032 laudet,
610 1977 638 2024 et
653 1977 787 2038 poeticam
822 1974 978 2022 ARMENIA.
999 1973 1104 2022 CAPTA.
1133 1972 1255 2033 (Victoria
1276 1975 1353 2022 stans

260 2048 341 2110 Valgii
371 2047 523 2098 facultatem
551 2049 705 2111 praedicet,
736 2052 785 2099 etsi
824 2048 940 2097 cultrum
962 2048 989 2096 in
1011 2047 1079 2098 tauri
1101 2048 1225 2107 iacentiS,
1250 2047 1278 2096 id
1295 2052 1351 2102 est.

259 2121 344 2185 probe
363 2121 465 2171 sciebat
482 2135 533 2171 nec
550 2122 600 2172 sibi
618 2125 785 2186 propositum
824 2123 902 2170 Tauri
915 2122 1027 2181 monile,
1041 2119 1160 2183 iugulum
1173 2120 1307 2182 demittit.)
1321 2150 1350 2158 -

261 2208 322 2245 esse
340 2197 449 2258 Augusti
461 2197 634 2258 praeconium
647 2199 785 2259 perpetuis
823 2197 955 2256 Niphates,
978 2197 1119 2245 Armeniae
1137 2209 1223 2245 mons.
1254 2196 1352 2245 Strabo

259 2271 412 2332 panegyrici
434 2271 539 2332 generis
561 2270 724 2320 carminibus
747 2273 786 2321 ia·
825 2271 864 2318 it.
876 2283 902 2332 p.
913 2272 969 2319 522:
984 2263 1353 2336 inerratrj'rippevtate‘g‘ai-

260 2357 322 2393 cere
347 2358 435 2407 neque
458 2345 486 2394 id
506 2357 635 2394 ausurum
653 2344 783 2408 Valgium,
823 2358 902 2412 pem
927 2344 1014 2393 πλέον
1036 2345 1086 2392 καὶ
1103 2342 1231 2392 καλεῖται
1246 2342 1349 2404 Νιφά-

260 2419 304 2481 qui
329 2433 389 2468 sese
413 2419 574 2468 continuisse
597 2419 663 2468 intre
686 2419 784 2481 elegias
823 2433 882 2482 της.
910 2433 936 2482 p.
956 2418 1021 2466 52³:
1051 2411 1070 2481 ἡ
1096 2415 1127 2467 δὲ
1152 2415 1351 2488 προσάᾳιτως

258 2492 373 2541 videtur.
399 2493 565 2554 Quemquam
584 2493 664 2543 etiam
683 2495 708 2542 in
726 2493 786 2544 tali-
824 2487 921 2562 ὀρεινὴ
937 2494 988 2542 καὶ
1004 2497 1124 2563 τραχεῖα
1146 2494 1195 2542 καὶ
1215 2491 1350 2563 ψυχρά.

258 2564 324 2624 bus,
345 2566 393 2614 etsi
417 2565 537 2614 tenuiore
560 2564 633 2624 stilo,
658 2569 785 2631 princeps
823 2569 871 2616 Dio
884 2567 928 2625 is,
948 2567 994 2615 3⁴:
1012 2564 1287 2637 κρυσταλλώδης
1303 2563 1352 2619 ἀεὶ

258 2641 299 2688 vir
310 2638 433 2688 leudibus
445 2639 533 2689 efferri
546 2643 658 2702 poterat.
692 2643 785 2691 Omnia
824 2640 894 2690 ποτέ
918 2641 986 2690 ἐστι.
1022 2641 1124 2700 Quibus
1150 2656 1165 2691 e
1191 2641 1258 2692 locis
1283 2646 1351 2694 satis

258 2713 326 2762 haec
349 2712 446 2762 blande
471 2715 551 2774 atque
577 2713 694 2774 urbane,
722 2729 784 2765 rum
824 2714 968 2776 colligitur,
994 2716 1130 2777 quomodo
1146 2730 1172 2764 v.
1191 2718 1290 2780 rigidus
1306 2719 1351 2768 in-

260 2787 339 2836 nimia
357 2788 384 2835 et
401 2787 505 2850 putida,
532 2787 562 2835 ut
584 2787 663 2846 solet,
691 2788 785 2838 edula·
824 2789 1352 2854 terpretandumsit,atvereproprium

258 2861 329 2909 tione
352 2874 418 2910 usus
442 2862 556 2924 scriptor
581 2862 736 2924 panegyrici
758 2865 784 2913 in
822 2863 941 2926 Niphatis
953 2864 988 2912 sit
998 2862 1148 2924 irriderer,
1161 2863 1265 2915 scilicet
1283 2865 1350 2914 «iri-

258 2932 400 2983 ittesselam
424 2933 524 2996 (Tibull.
544 2933 573 2994 i,
598 2935 631 2998 t.)
655 2937 714 2985 ire:
741 2939 786 2988 list
822 2937 929 2999 gidus»,
955 2935 998 2985 vel
1019 2937 1117 3000 quibus
1142 2937 1288 3000 ἐπιθέτοις
1312 2939 1349 2987 de

259 3006 302 3054 tibi
324 3008 368 3069 qui
386 3010 464 3068 poerit
486 3009 585 3072 magnis
607 3023 632 3058 sc
655 3013 786 3076 occiapere
823 3011 974 3061 huiusmodi
996 3011 1125 3061 tractibus
1147 3012 1208 3062 alibi
1226 3015 1348 3074 utuntur,

257 3079 345 3140 robru,
367 3081 483 3143 Valgius,
501 3089 602 3134 aetem
615 3087 783 3147 propior-ooo
821 3087 949 3149 placidis,
978 3086 1077 3135 nucib.
1132 3087 1180 3136 Alii
1215 3086 1352 3150 explicant

259 3153 323 3202 atter
347 3154 466 3214 limpore,
495 3157 529 3206 de
555 3170 608 3220 quo
634 3159 693 3211 1000
719 3164 784 3212 satis
823 3162 909 3209 «saxis
931 3161 987 3209 suis
1013 3173 1073 3210 sese
1095 3159 1147 3210 alte
1165 3161 1347 3219 extollentem,

260 3227 369 3290 quidem
386 3231 447 3279 novi
461 3232 553 3293 Ungeri
567 3235 715 3296 opiniones,
734 3237 782 3286 sed
822 3233 962 3293 arduum»,
981 3235 1080 3285 utiam
1098 3235 1227 3286 Pisander
1246 3237 1350 3300 Nipha-

259 3313 334 3352 meas
352 3316 405 3352 non
423 3303 499 3354 lecio.
822 3311 867 3357 ten
885 3304 1062 3358 ἐϋσκόπελον
1078 3314 1188 3359 vocarat
1204 3311 1275 3374 apud
1288 3313 1350 3360 Ste-

291 3375 332 3424 20.
352 3376 393 3424 it.
413 3377 451 3427 De
469 3378 495 3428 b.
513 3377 530 3428 l.
550 3395 603 3432 non
621 3384 679 3433 sine
697 3384 784 3434 iruetu
822 3383 941 3446 phanum
952 3385 1015 3444 Byz.
1029 3396 1055 3446 p.
1069 3383 1137 3445 aet,
1156 3385 1184 3434 id
1198 3385 1269 3448 quod
1283 3385 1349 3435 nihil

259 3447 400 3498 consulere
418 3465 489 3502 nunc
509 3457 583 3518 potui
606 3459 691 3520 Unger
709 3459 739 3506 V.
753 3461 782 3507 li.
822 3455 904 3506 habet
928 3458 1040 3520 proprii,
1065 3460 1095 3506 ut
1116 3458 1249 3521 singulare
1266 3460 1348 3509 buius

259 3534 285 3583 p.
300 3521 421 3572 ais-36⁴.
438 3552 464 3560 -
476 3531 589 3592 tropaea]
602 3535 631 3582 ut
642 3533 676 3581 de
687 3531 783 3582 eadem
822 3533 920 3581 montis
931 3532 966 3581 sit
976 3530 1117 3582 ἐπίθετον.
1152 3535 1208 3583 lam
1218 3547 1285 3582 vero
1298 3548 1348 3582 ne-

260 3606 289 3642 re
307 3595 378 3680 Virg.
398 3599 443 3646 Ge.
463 3599 491 3660 3,
516 3601 561 3650 32:
588 3605 620 3652 Et
641 3607 689 3654 duo
706 3611 785 3667 rupto
822 3609 878 3669 gari
903 3621 956 3656 non
981 3609 1071 3669 potest
1095 3622 1110 3656 a
1136 3610 1222 3672 poetis
1248 3611 1348 3659 Latinis

258 3679 338 3716 mona
352 3669 448 3718 diverso
459 3675 691 3739 eeiostctropeeo.
711 3681 785 3729 Nona
822 3681 952 3743 Niphaten
969 3679 1091 3732 habiturn
1109 3696 1169 3733 esse
1186 3697 1236 3746 pre
1256 3683 1349 3733 tiumi-

261 3742 397 3804 (recentia)
421 3747 512 3795 eutem
536 3752 643 3812 tropaea
665 3754 784 3815 primum
823 3769 857 3805 oe
883 3757 989 3817 (Lucan.
1016 3757 1045 3817 3,
1072 3756 1138 3808 sis:
1166 3758 1349 3818 Armatasque

259 3817 322 3865 sunt
344 3817 516 3878 Armeniaca,
542 3823 575 3871 de
599 3825 696 3886 quibus
717 3829 783 3892 Epp.
821 3832 1276 3895 maenooioentomsaroNipbctea.
1305 3834 1348 3882 Si-

261 3889 288 3948 t,
310 3891 356 3950 li,
380 3893 426 3941 26:
457 3893 546 3944 Claudi
567 3899 658 3948 uirtute
680 3902 787 3950 Neronia
821 3903 872 3953 iius
890 3904 934 3964 te,
953 3906 1018 3954 765:
1045 3907 1141 3957 Petioeo
1155 3912 1230 3969 ponte
1246 3907 1348 3968 Nipha-

259 3962 391 4045 Alrmeniua
415 3969 502 4018 cecidit
528 3971 564 4032 (a.
584 3985 609 4021 u.
629 3973 710 4036 itti),
738 3975 785 4026 ubi
820 3983 861 4028 tea
877 3979 1009 4028 Astriacit.
1045 3981 1137 4031 luven.
1156 3983 1186 4042 6,
1205 3980 1271 4031 iae:
1298 3982 1348 4031 lare

258 4035 320 4084 vide
340 4039 408 4122 bion.
429 4043 527 4104 Ancyr.
542 4044 584 4094 ed.
599 4045 688 4096 Franz.
703 4062 728 4111 p.
742 4049 783 4100 35:
820 4053 945 4114 Niphaten
971 4055 1001 4104 la
1013 4055 1121 4117 populos
1135 4069 1278 4118 magnoque
1294 4057 1348 4105 itiic

259 4107 403 4192 Amiculum
427 4117 549 4166 omicron
576 4119 702 4180 interfecto
727 4135 785 4185 rope
819 4132 911 4176 cuncto
921 4130 1192 4180 mammilliiwio.
1206 4129 1345 4181 claudian.

259 4193 312 4230 Μ
327 4182 437 4236 Antistia
448 4203 505 4238 etan
517 4205 615 4251 possem
625 4195 785 4256 prouinciam
819 4201 950 4251 iliceos.
959 4203 1062 4253 lion'lt
1073 4217 1079 4250 :
1089 4205 1346 4266 oadocospiouodi.
