2934 4884
475 407 534 456 ΠΒ.
553 405 584 456 ll.
620 407 649 456 C.
669 405 733 456 lllll.

347 561 381 624 ln
405 559 526 626 domini
548 567 646 646 caput
667 559 875 626 immerentis.

263 717 347 797 Quid
368 717 510 804 quisque
531 718 623 794 vitet,
647 739 813 806 nunquam
833 717 953 785 bomini
975 718 1054 785 satis

263 837 398 904 Cautum
421 848 471 904 est
492 837 525 903 in
546 837 658 904 bores:
682 841 790 905 navita
810 841 993 926 Bosporum

303 961 432 1026 Poenus
454 958 674 1046 perhorrescit
695 980 804 1049 neque
825 959 909 1027 ultra
1136 958 1178 1025 lb

349 1080 455 1147 Caeca
477 1080 566 1148 timet
587 1079 716 1148 aliunde
739 1081 816 1158 iata,

265 1237 354 1303 Miles
376 1237 508 1326 sagittas
530 1249 564 1306 et
584 1239 725 1307 celerem
746 1239 854 1329 lugam

265 1357 390 1434 Parthi,
413 1369 545 1426 catenes
567 1359 703 1426 Parthus
726 1371 759 1428 et
781 1359 893 1428 Italum

304 1479 430 1558 Robur;
455 1478 515 1547 sed
537 1481 712 1568 improvisa
733 1481 788 1550 leti

157 1653 200 1701 ⁴7.
218 1651 329 1715 cotona]
347 1649 464 1700 reducem
480 1649 589 1701 Bentleii
607 1651 731 1716 suspicio.

89 1797 180 1870 ἁνήρ,
199 1795 338 1860 Σιδώνιος
352 1793 493 1863 κάπηλος.
509 1826 537 1834 -
555 1799 618 1848 Bor-
657 1827 685 1836 -
714 1801 832 1866 celerem]
872 1801 1006 1856 Rentleius
1027 1808 1180 1860 coniectans

87 1875 188 1938 parma]
207 1874 348 1924 Thracium
365 1873 440 1922 Ponti
458 1873 565 1934 fretum,
583 1868 618 1922 τὸ
654 1875 771 1925 redicem
798 1877 887 1939 samm
911 1883 1019 1942 poetam
1046 1883 1177 1940 correxit.

90 1942 286 2012 Βυζαντιακὸν
298 1943 411 2010 στόμα,
428 1945 522 2010 rapido
534 1959 618 2010 aqua·
655 1963 708 2000 non
720 1949 856 2009 librarios:
876 1964 965 2014 neque
976 1955 1066 2003 umen
1083 1954 1180 2004 luide-

91 2037 151 2073 rum
181 2033 263 2072 cursu
291 2023 318 2070 et
350 2019 473 2084 procellis
509 2020 615 2070 infame.
654 2039 706 2074 τον
729 2024 792 2074 illud
814 2029 855 2074 est
871 2026 986 2076 otiosum
1002 2027 1118 2090 ideoque
1134 2041 1180 2078 re·

92 2098 139 2148 Od.
158 2097 189 2158 3,
208 2095 241 2156 l,
261 2095 310 2144 30:
339 2095 506 2146 insanientem
530 2097 619 2144 nwdn
655 2098 887 2162 prehendendum.
914 2101 1010 2161 «Tum,
1027 2113 1090 2150 cum
1101 2102 1181 2150 mini·

92 2173 231 2234 amporam
251 2169 364 2220 Tottobo.
395 2167 511 2232 (Bospori
533 2170 619 2220 Aestas
656 2187 699 2224 me
717 2173 874 2236 exspectant
892 2175 1016 2233 Romani,
1035 2175 1124 2238 lugam
1143 2176 1181 2224 si-

92 2251 119 2297 et
142 2247 250 2308 bospori
278 2247 368 2295 rotas
393 2245 525 2294 eiusmodi
557 2249 618 2296 sunt
656 2247 784 2299 muletam
802 2249 947 2310 capessunt
962 2249 1064 2309 Parthi,
1093 2251 1124 2297 ut
1138 2249 1181 2299 in-

92 2321 319 2372 Scbolasticomm
337 2319 516 2380 coniecturae,
538 2333 616 2383 quae,
656 2327 733 2372 caute
745 2324 893 2385 sequantur
904 2321 1007 2380 bootes,
1026 2323 1075 2386 ipsi
1090 2324 1181 2372 autem

93 2395 226 2458 quomodo
251 2405 331 2443 nemo
358 2393 490 2444 coniicere
508 2393 616 2455 debeat,
656 2398 746 2448 denuo
771 2398 849 2445 tenso
874 2409 951 2455 arcu,
981 2398 1071 2446 stetim
1095 2397 1180 2447 versis

96 2471 192 2533 optime
210 2468 417 2530 demonstrant.)
656 2473 732 2535 equis
758 2469 903 2520 redeuntes
924 2471 1026 2520 maiore
1050 2483 1112 2520 eum
1129 2472 1181 2520 im-

127 2545 165 2591 te.
194 2543 235 2591 to.
262 2539 507 2605 ultro--aliundeJ
526 2539 618 2592 relicto
655 2548 719 2611 petu
737 2547 764 2596 in
782 2557 829 2594 eos
845 2545 1006 2596 incursent·
1031 2545 1181 2604 Quodeum

94 2615 213 2666 videlicet
238 2617 374 2679 Bosporo,
404 2617 431 2665 in
454 2617 537 2665 Ponto
559 2615 616 2676 vel,
656 2623 757 2673 scirent
780 2621 905 2679 Romani,
931 2621 989 2683 ipse
1011 2618 1079 2670 illius
1102 2619 1180 2683 fugae

95 2691 137 2740 ubi
148 2691 301 2748 revomitur,
315 2691 341 2739 ln
353 2689 421 2740 mari
429 2693 535 2752 Aegaeo
547 2691 574 2740 et
586 2704 619 2740 ex
657 2696 779 2747 celeritas
796 2696 828 2746 iis
844 2698 903 2746 erat
919 2693 1103 2754 lormidolosa3
1123 2697 1182 2746 ete·
1291 2757 1298 2766 Ι

96 2764 240 2829 ebealiqua
253 2766 338 2828 purte.
374 2761 619 2830 nanzoioytanon
657 2772 711 2820 nim
737 2783 791 2834 quo
816 2769 929 2819 celerior
953 2773 1024 2832 eret,
1049 2783 1082 2819 eo
1099 2771 1180 2819 etiam

96 2843 142 2887 est.
168 2865 195 2874 -
224 2837 320 2901 Caeca]
356 2851 487 2901 «quorum
521 2850 618 2888 causae
656 2845 814 2896 insidiosior.
832 2846 903 2908 virg.
923 2843 1072 2905 Gemi:
1091 2844 1182 2894 aneon-

10 2938 11 2952 *
97 2915 273 2976 ignorantur·
300 2913 355 2962 Cic.
376 2915 438 2975 Agr.
457 2913 486 2973 2,
506 2911 555 2962 ll:
574 2926 620 2962 carr
656 2925 754 2981 emaque
769 2919 832 2982 sapa
847 2919 968 2969 parum
990 2919 1116 2981 mppr„
1140 2931 1183 2966 ω.

96 2985 616 3037 toemramotaearumotcaanoml-
655 2995 732 3057 pluis.
768 2991 1043 3052 evidentiam:
1072 2992 1183 3042 Uteeler

97 3062 172 3126 tutet]
197 3060 306 3124 Syllaba
331 3061 489 3125 producitur
513 3062 539 3110 in
565 3061 619 3111 arsi
656 3068 751 3116 mersis
765 3072 836 3115 sitm
850 3066 957 3115 Peridus
973 3067 1050 3127 eqeb.
1079 3068 1181 3116 Seneca

99 3148 144 3184 nec
160 3150 225 3186 vero
251 3138 313 3200 post
329 3149 408 3197 neque
424 3137 513 3199 potest
538 3133 619 3185 scribi
657 3139 833 3203 Oedipus:
864 3140 1078 3189 viditatem
1094 3140 1184 3201 metris

99 3211 224 3272 mque,
243 3210 619 3273 utnuperproposuitaxtius
656 3215 779 3278 septuns,
818 3213 898 3276 Tereo
926 3213 1026 3276 {weda
1050 3215 1183 3262 nwtueado

100 3284 129 3332 nd
152 3285 265 3336 Vestric.
293 3297 353 3347 pag.
379 3284 436 3333 tta.
464 3297 618 3348 exponens:
656 3289 750 3340 Partiri.
787 3287 923 3338 claudian.
942 3287 985 3336 Ν.
1004 3288 1103 3336 lionor.
1116 3287 1179 3336 53⁴:

100 3357 161 3406 tinet
175 3360 246 3408 ultro
262 3358 428 3420 alendoque,
452 3359 554 3408 ratione
572 3359 621 3408 mi·
657 3365 712 3414 Scis
721 3389 737 3400 -
748 3390 763 3400 -
773 3363 862 3425 refusae
881 3375 947 3423 quoe
961 3361 993 3409 stt
1007 3359 1102 3424 fiducia
1117 3361 1184 3409 Por-

101 3433 165 3482 nime
182 3434 296 3497 poetica.
657 3439 705 3487 tbo.
725 3438 790 3487 Stat.
811 3434 873 3486 Silv.
896 3434 924 3494 l,
946 3433 974 3493 l,
995 3435 1042 3484 78:
1072 3445 1185 3495 &morte

130 3509 166 3558 li.
183 3508 267 3572 Miles]
281 3508 424 3572 quiPerthi
435 3507 617 3571 ingemuisset,
656 3513 784 3562 torrendo
798 3510 885 3574 Moci
895 3508 1066 3558 --anmtu

101 3579 160 3632 alius
185 3596 239 3632 non
260 3585 367 3648 poterat
389 3595 450 3633 esse
467 3595 549 3646 quem
566 3584 619 3632 lio-
691 3582 1008 3646 ⁴8-20.1tniumliobor]
1029 3595 1184 3633 «carcerem

102 3668 205 3718 nunus,
226 3657 253 3706 id
270 3656 343 3720 quod
360 3655 481 3708 consulto
499 3670 552 3706 non
570 3655 619 3706 ad·
657 3657 1186 3721 robureum,iullienum»,quemdescri-

101 3730 178 3792 dimi,
197 3745 260 3782 cum
280 3733 342 3783 insit
360 3731 403 3782 vel
423 3733 449 3782 in
467 3745 509 3780 vv.
527 3731 620 3781 licium
657 3734 697 3785 bit
705 3733 801 3784 salust.
812 3732 888 3784 Cutil.
901 3735 953 3794 oo,
967 3733 994 3783 in
1005 3745 1088 3797 quem
1097 3732 1184 3783 nudus

101 3805 178 3855 robur.
222 3807 385 3856 Manendum
417 3808 475 3856 eret
510 3809 620 3869 propter
658 3809 784 3859 detrusus
807 3810 849 3858 est
865 3808 946 3858 etiam
963 3807 1096 3870 iugurtha.
1129 3807 1182 3855 Liv.

101 3879 205 3932 Editoris
226 3881 362 3932 Leidensis
381 3879 569 3930 dubitationes.
590 3907 618 3916 -
658 3883 704 3943 38,
722 3882 772 3931 59:
804 3883 835 3931 Ut
849 3882 877 3930 tn
893 3895 1021 3931 corcenm
1036 3882 1101 3930 tuter
1116 3879 1186 3940 furer

101 3955 208 4019 mutam]
226 3955 297 4004 Vere
309 3953 417 4006 sublimi
429 3955 544 4017 imagine
556 3967 621 4005 eun·
657 3963 793 4006 noctuam
808 3962 833 4006 et
848 3958 959 4005 ἰαινοηοε
974 3956 1016 4005 cir
1031 3953 1185 4003 cmrirsimaoe

101 4027 159 4078 dem
173 4029 352 4080 israelitarum
364 4030 516 4080 timorema
523 4029 620 4092 plore-
658 4031 746 4095 Scipio
773 4032 919 4081 includatur
945 4035 969 4080 et
996 4030 1024 4078 ia
1046 4028 1137 4076 robore
1161 4032 1186 4077 et

101 4104 169 4151 tretis
186 4104 300 4167 Assyriis
319 4103 375 4166 (Od.
395 4104 426 4164 3,
444 4103 475 4164 i,
494 4103 545 4166 35.)
572 4117 620 4152 ex·
658 4106 764 4156 tenebris
780 4106 897 4167 atoue.
922 4104 1003 4153 Tacit.
1015 4105 1083 4152 dnn.
1098 4101 1182 4163 *2²9²

100 4180 387 4240 remitteremus,
410 4178 454 4229 ll:
478 4169 515 4228 ‘H
528 4179 620 4248 ‹papl-
657 4180 738 4230 ἴσων
760 4184 784 4230 ‚3
807 4191 901 4228 „m
925 4181 971 4227 ω
993 4176 1186 4239 mm
1278 4188 1282 4194 ,

101 4263 152 4318 apo
166 4248 260 4304 αὐτῶν
271 4250 311 4316 ὥς
322 4249 418 4316 τάφος
428 4248 617 4322 ἀνεῳγμένος.
656 4267 752 4317 poena
774 4254 898 4304 melidai.
934 4251 988 4302 Clr.
1003 4252 1097 4304 Festus
1113 4252 1141 4302 in
1156 4265 1182 4300 v.
