2934 4884
501 374 560 426 ma.
581 376 623 425 ιιι.
660 374 689 426 c.
707 375 751 427 nr.
1122 370 1180 439 stt

238 554 257 577 ··
276 529 403 597 Ducere
425 540 458 597 et
479 530 565 597 rivos
587 529 711 597 celeres
734 532 870 609 morari;

277 650 381 718 Cessit
402 651 548 717 immanis
570 651 625 718 tibi
651 650 825 719 blandienti
1145 658 1185 720 l5

358 773 476 839 Ianitor
497 772 603 849 aulae,

275 930 451 1009 Cerberus,
475 934 621 1020 quamvis
643 934 757 1001 furiale
777 945 906 1001 centum

275 1052 416 1120 Muniaut
436 1074 559 1141 angues
581 1064 678 1142 caput
699 1056 772 1123 eius
793 1066 891 1143 atque

274 1174 411 1262 Spiritus
432 1185 515 1243 teter
536 1174 710 1264 saniesque
732 1188 840 1245 menet

173 1382 211 1433 43.
230 1382 303 1445 uotis
317 1382 345 1431 Τ.
366 1407 393 1417 -
413 1382 452 1431 ta.
470 1387 547 1444 comat
562 1387 683 1443 ecoctam
698 1382 808 1433 Bentleii
825 1384 906 1434 dubia
923 1387 1052 1449 suspicio:
1073 1394 1155 1437 cartus

142 1462 213 1519 merse
229 1454 347 1506 malebat
360 1457 486 1519 Doeriug,
504 1458 541 1505 illi
557 1463 581 1507 ct
595 1470 673 1519 mque
688 1459 725 1507 lo.
739 1471 792 1509 von
806 1460 867 1508 Gott
881 1460 1010 1510 Frdhlich.
1028 1461 1152 1512 Ceterum

142 1544 181 1580 w.
201 1530 284 1580 l'i-to.
302 1530 436 1581 subditicii
456 1531 580 1582 videntur
598 1532 761 1593 Eichsiadio,
787 1534 953 1596 lleinricbio,
979 1536 1151 1595 Buttmauuo,

141 1604 303 1664 Hermanno,
322 1606 436 1664 Naekio,
454 1605 588 1665 Webero,
607 1604 718 1657 llobnan
732 1606 927 1673 Peerlkampio,
946 1611 1087 1670 lleinekio,
1105 1612 1154 1661 lie-

139 1677 218 1741 gelio,
240 1678 376 1741 Liibkero,
397 1678 461 1729 aliis.

139 1855 226 1907 ra-ts
252 1856 329 1919 dores
348 1856 505 1921 centesque]
528 1858 627 1907 «Ducis
663 1862 704 1907 tor
720 1859 803 1921 iungit
819 1858 938 1921 Liiblrer,
956 1862 986 1910 ut
1002 1864 1066 1911 Aen.
1080 1863 1108 1923 6,
1126 1862 1184 1914 itio:

109 1932 184 1994 tigres
206 1930 318 1981 comites
339 1933 367 1980 et
387 1929 466 1981 silvas
489 1932 626 1982 comites.»
662 1932 750 1995 iopam
765 1933 867 1983 mcor.
902 1935 983 1985 Recte
1006 1936 1059 1985 iam
1079 1936 1187 1985 Larnbi·

109 2006 137 2054 ll.
159 2004 174 2055 l.
200 2007 354 2068 zeugmate,
386 2008 416 2056 ut
446 2005 488 2056 alii
520 2005 624 2056 volunt:
664 2008 733 2067 nus.)
760 2007 812 2057 Clr.
831 2005 908 2057 Silius
928 2010 957 2067 2,
980 2010 1043 2058 sea:
1069 2011 1187 2059 tumne&

108 2086 133 2129 tu
151 2086 223 2142 putes
247 2080 324 2143 tiores
347 2079 457 2131 domare
482 2082 628 2142 remissores
664 2080 812 2130 lucemus
834 2082 930 2131 unser
951 2083 1034 2132 ouius
1063 2109 1090 2119 -
1114 2084 1187 2133 timr-

107 2155 178 2204 situcs
188 2154 292 2215 ducas,
313 2158 506 2218 opusnonest.
525 2156 564 2206 Cl.
577 2155 625 2206 0d.
664 2155 748 2219 desi]
767 2156 805 2207 Cl.
825 2156 873 2206 0d.
893 2157 920 2217 l,
939 2157 983 2216 tl,
1002 2158 1043 2207 43.

109 2231 134 2288 4,
152 2231 197 2289 ta,
217 2230 242 2278 7.
265 2256 293 2265 -
314 2230 389 2280 Cessit
410 2231 472 2294 cet]
495 2231 627 2294 siguificat
698 2230 738 2278 tr.
758 2230 797 2280 48.
815 2231 917 2295 [πρίαιο]
935 2231 1036 2283 «simile
1047 2234 1126 2296 capiti
1138 2234 1186 2283 Fu·

108 2304 147 2355 hic
163 2303 301 2368 orpheum
322 2303 473 2367 amasses
495 2318 571 2357 susm
594 2320 627 2357 ex
663 2304 778 2364 riarum,
811 2316 879 2367 quae
904 2306 978 2370 ipsae
1004 2318 1112 2370 quoque
1137 2320 1186 2371 pro

108 2378 171 2429 Orco
187 2380 373 2442 repetentem,
391 2392 555 2444 qrmmquam
575 2381 627 2431 hoc
664 2377 765 2442 capillis
792 2379 894 2429 habent
921 2384 1090 2443 serpentes.»
1125 2382 1187 2433 «Sic

109 2465 189 2517 nuper
205 2452 314 2516 quidam
332 2456 448 2515 negavit,
471 2456 626 2517 quasivero
662 2452 764 2516 periclis
784 2452 892 2503 iaceam
912 2453 947 2503 de
964 2454 1021 2515 tali,
1048 2454 1118 2519 quali
1135 2457 1187 2505 Fu-

110 2526 132 2575 h.
156 2526 173 2577 l.
198 2526 318 2591 perlecta
344 2528 433 2579 acristi
458 2528 627 2591 significatio-
663 2528 719 2577 riae
743 2540 773 2578 se
795 2528 893 2579 inferre
915 2527 1016 2589 solent,
1043 2529 1114 2595 apud
1131 2530 1185 2579 liv.

110 2614 167 2651 uem
178 2600 323 2661 habereut,
342 2615 411 2666 quae
423 2604 541 2667 perlecta
554 2606 626 2653 certe
664 2603 693 2663 7,
710 2603 769 2653 li.»
785 2604 866 2654 Duru.
881 2631 909 2639 -
922 2606 1024 2669 aspum]
1038 2604 1187 2657 Cerberum

109 2677 254 2739 comparari
279 2679 428 2740 nequeunt,
455 2681 484 2728 ut
503 2676 546 2727 ille
567 2678 627 2742 opi·
664 2675 809 2737 sxrcvazou
823 2674 1188 2743 dasndrprcptereavocat

110 2752 181 2801 uetus
205 2752 259 2811 est,
286 2763 349 2801 cum
374 2750 421 2801 Od.
441 2751 469 2812 3,
494 2753 523 2811 2,
547 2751 579 2802 30
601 2752 634 2801 et
665 2751 818 2804 callimach.
843 2755 884 2805 Fr.
910 2755 966 2805 tsi.
1003 2756 1043 2805 Ite
1068 2754 1187 2806 Cerbero

109 2823 145 2875 li.
160 2851 188 2861 -
202 2826 327 2891 inunctis]
346 2826 414 2876 Cum
430 2825 563 2877 Cerberus
583 2840 628 2877 sa-
665 2828 712 2877 clr.
727 2828 835 2879 llesiod.
851 2828 948 2892 Theog.
962 2828 1018 2879 ios.
1038 2828 1187 2879 Cerberum

110 2898 139 2949 tis
168 2898 311 2949 deliniatur
342 2902 451 2964 stropha
482 2903 626 2964 sequente,
664 2902 806 2966 tricipitem
823 2916 886 2953 cum
903 2903 989 2953 cauda
1006 2905 1131 2966 anguina,
1152 2902 1187 2953 ab

109 2986 131 3022 v.
148 2975 267 3024 mosis
292 2974 409 3037 (vastae)
430 2975 518 3025 relero
543 2976 579 3025 ad
600 2988 625 3025 v.
665 2974 780 3027 Hercule
797 2988 830 3025 ex
846 2977 915 3026 Orco
931 2979 1095 3041 protractum
1111 2990 1188 3027 moo-

109 3050 193 3109 aalee,
223 3048 297 3113 quod
319 3063 346 3099 v.
369 3051 520 3101 necessario
536 3052 628 3115 requi·
665 3044 732 3100 strat
748 3048 855 3099 celebre
872 3064 920 3099 vas
937 3052 1100 3102 canusinum
1117 3052 1188 3116 apud

108 3124 138 3173 rit
152 3124 301 3184 estimem
320 3138 389 3188 quae
407 3126 478 3175 enim
490 3126 551 3175 cula
567 3128 628 3177 tan-
665 3124 807 3186 lughirami
824 3124 892 3174 Gali.
908 3125 962 3173 (tm.
981 3127 1023 3175 Ill.
1042 3128 1070 3177 T.
1083 3126 1124 3177 88.
1143 3128 1188 3177 Bi-

108 3198 166 3250 dem
183 3200 248 3261 en't,
267 3200 290 3249 si
305 3199 525 3262 iungasimmcos's
535 3201 629 3250 institor
666 3210 730 3261 ceps
748 3199 790 3247 est
805 3196 869 3247 ibid.
889 3199 916 3248 T.
932 3197 973 3247 et.
992 3199 1045 3248 Clr.
1058 3199 1188 3263 imprimis

107 3274 242 3323 &chetaei
266 3275 297 3323 ut
318 3276 359 3323 est
379 3286 444 3323 sane
465 3274 537 3338 apud
556 3276 626 3338 virg.
657 3270 785 3322 ·Gerhard
796 3272 1186 3338 Vueop.11.a.cxxlx.seqq.

107 3348 168 3399 len.
186 3348 215 3407 6,
235 3345 296 3398 ila:
326 3348 445 3398 cerbereas
459 3374 476 3385 -
491 3376 507 3387 -
523 3351 628 3400 aecem
665 3348 720 3399 ilno
749 3345 886 3396 dumtaxat
913 3347 999 3410 capite
1026 3347 1054 3397 in
1079 3349 1187 3412 antiquo

106 3423 227 3473 resume
242 3423 361 3471 ἰηιιηαιιῑι
377 3423 404 3471 in
420 3428 504 3473 astru
533 3425 629 3475 immo-
664 3423 839 3472 monumento
856 3421 978 3471 Treveris
990 3423 1126 3473 asservato
1140 3437 1188 3473 ex·

106 3497 142 3545 sis
158 3498 250 3547 autem
268 3497 330 3545 culo
346 3495 442 3547 dicitur
462 3500 491 3547 ut
509 3500 628 3558 annum,
665 3506 791 3560 pressum
807 3507 869 3545 esse
886 3496 977 3545 narrat
994 3493 1108 3545 Liiblrer.
1126 3497 1186 3547 Vid.

107 3570 263 3620 barathrum
279 3572 401 3631 mmmm,
420 3570 521 3634 praeda
537 3572 629 3623 imma·
665 3571 699 3621 ad
716 3582 825 3620 versum
841 3570 883 3620 20.
1140 3564 1145 3571 “
1238 3632 1245 3645 .

106 3646 150 3695 sir.
174 3646 215 3706 (Ut
231 3656 293 3705 nos,
312 3646 396 3695 iunxit
411 3646 491 3696 etiam
502 3647 628 3699 Nsekein
699 3645 740 3695 49,
759 3645 800 3695 20.
827 3646 938 3707 Βρὶιϋιις
953 3645 1022 3709 teter]
1047 3646 1188 3706 «Quamvis

107 3719 195 3782 Progr.
214 3731 239 3767 a.
259 3718 331 3768 isat.
350 3719 465 3771 afferens
482 3721 628 3772 Acciumirr
665 3718 760 3771 foedos
786 3721 889 3783 ῳίήιιιι
919 3719 1030 3783 (halitus
1061 3720 1187 3784 foetidus)

107 3792 214 3843 Philoct.
232 3792 305 3856 apud
323 3794 435 3845 Nouium
451 3795 478 3845 in
495 3808 520 3845 v.
536 3795 629 3845 ιἰιιιιια-
666 3797 694 3845 et
714 3795 799 3844 sanim
814 3794 918 3859 (Geiserl
942 3809 975 3845 ex
997 3796 1054 3845 eius
1077 3808 1124 3845 ore
1141 3809 1189 3845 ex-

107 3882 149 3919 ce:
167 3868 306 3931 mptum
321 3869 444 3919 sommam
458 3882 509 3919 esse
525 3870 567 3919 aio
579 3872 629 3921 im-
666 3872 722 3928 eat,
746 3873 776 3919 ut
793 3871 889 3921 beruas
906 3872 1048 3922 intraturos
1065 3867 1187 3933 repellat,

106 3943 174 3992 mss·
200 3943 318 3993 Graecia.
354 3941 420 3993 Nihil
446 3946 535 3993 tamen
558 3944 585 3994 h.
610 3944 626 3996 l.
666 3944 778 3995 umbras
798 3944 925 4008 offanum
942 3946 1102 4008 quaerentes
1119 3944 1188 3993 iutro

108 4016 173 4067 inest
190 4018 217 4068 in
234 4017 286 4067 hoc
300 4016 422 4084 ἐπιθέτῳ
438 4018 566 4069 reconditi
584 4023 630 4071 aut
666 4022 753 4082 agat.»
786 4020 888 4069 εαιιίοω
911 4021 988 4069 istam
1010 4018 1095 4067 ιιιὺιιηι
1110 4021 1190 4068 vocat

110 4091 196 4141 miuus
213 4092 316 4151 usitati,
336 4104 397 4142 cum
415 4091 536 4155 Virgilius
546 4106 627 4157 saepe
666 4096 768 4144 Seneca
792 4094 869 4144 Herc.
896 4092 945 4143 lur.
969 4092 1032 4143 787:
1061 4093 1189 4144 sordidam

108 4164 178 4217 idem
189 4166 272 4217 addat
281 4166 372 4217 verbis
382 4168 511 4230 petuma,
529 4172 627 4227 circen,
666 4168 724 4219 tcbo
752 4174 828 4230 caput
853 4167 977 4218 summ
1003 4166 1127 4217 colubros.
1158 4196 1186 4205 -

109 4237 268 4303 barm,
287 4241 411 4304 seeptro
432 4244 499 4295 Cum
516 4256 541 4291 v.
559 4242 629 4293 iani-
665 4243 696 4291 V.
714 4248 799 4293 matut
822 4256 871 4307 per
892 4240 999 4294 solitum
1015 4255 1125 4306 zeugma
1142 4256 1188 4292 re-
