2934 4884
479 378 538 426 ΗΒ.
557 379 597 426 ΙΙΙ.
635 381 663 427 C.
683 379 757 428 iiiiii.

424 911 825 974 cmm

266 1101 416 1166 Montium
439 1091 547 1166 custos
570 1121 819 1188 nemorumque,
844 1101 953 1186 Virgo,

266 1223 356 1299 Quae
379 1219 562 1288 laborantes
587 1231 678 1286 utcro
701 1220 826 1307 puellas

266 1343 326 1406 Tor
347 1353 460 1408 vocata
482 1341 575 1406 audis
598 1341 780 1429 adimisque
802 1342 882 1414 leto,

349 1462 429 1526 Diva
451 1461 616 1536 triformis,

266 1619 438 1686 lmminens
461 1618 555 1686 villae
579 1629 633 1686 tua
655 1622 750 1707 pinus
772 1633 857 1698 osto,

265 1743 368 1819 Quam
389 1759 448 1826 per
473 1751 602 1806 exactos
626 1761 687 1828 ego
708 1741 812 1809 laetus
839 1763 940 1808 annos

156 1956 235 2008 xxti.
255 1957 338 2006 lusor.
351 1953 420 2018 volg.
439 1955 476 2004 rid
492 1955 612 2005 Diuumu.
634 1983 660 1992 -
685 1957 722 2006 Ad
739 1957 851 2007 Dionaei
867 1957 999 2019 luciferum
1017 1959 1099 2008 usrc.
1121 1988 1147 1999 —

124 2032 151 2080 iu
169 2032 285 2081 Dianam
301 2028 328 2079 b.
351 2055 377 2064 -
396 2029 420 2078 i.
440 2029 578 2078 laborantis
594 2029 622 2078 B.
642 2055 668 2065 —
683 2030 712 2077 V.
732 2029 756 2079 i.
775 2027 884 2080 ultimus
901 2031 927 2080 in
945 2032 974 2079 Β.

123 2223 202 2273 xxu.
240 2223 379 2286 inscriptio
405 2220 530 2284 tabulae,
568 2235 621 2285 qua
660 2225 700 2271 ter
721 2221 934 2284 [optumas.
955 2223 1181 2290 Epp.l,l,3i.),

93 2297 190 2346 Dianae
219 2297 394 2345 cousecratur
418 2297 496 2360 pinus
527 2296 621 2360 (italica
658 2299 687 2345 ut
704 2294 776 2346 adsis
793 2297 879 2360 partui
898 2309 1015 2360 eumque
1033 2295 1116 2360 leves,
1134 2299 1184 2349 ad-

94 2368 288 2433 pulcherrima,
314 2370 393 2434 Pinio)
419 2371 561 2420 imminens
578 2371 623 2419 Sa·
657 2372 779 2419 vocata.»
806 2369 858 2420 Cir.
879 2371 967 2420 Carm.
986 2383 1040 2420 seo.
1060 2372 1100 2422 is.
1124 2374 1184 2424 Dia-

94 2445 171 2505 bino,
203 2443 286 2494 arbor
312 2448 408 2509 potitae
437 2459 512 2504 cura,
545 2445 622 2494 anni·
657 2456 690 2492 ua
708 2443 752 2492 hic
769 2443 865 2493 eadem
887 2456 950 2494 cum
966 2442 1131 2514 Εἰλειθυίᾳ,
1153 2450 1183 2497 ut

94 2519 300 2581 versariumque
322 2518 482 2569 sacrificium
499 2521 619 2568 voretur.
658 2518 684 2568 in
697 2517 900 2568 Leonidae'Tar.
918 2519 964 2583 Ep.
978 2519 1003 2568 3.
1023 2519 1108 2582 (nuth.
1128 2520 1181 2572 Pal.

94 2594 178 2653 Quam
212 2592 247 2642 ob
278 2605 389 2644 causum
420 2592 462 2644 vel
488 2592 523 2643 ob
550 2591 622 2655 quod
657 2593 677 2640 l.
696 2605 723 2654 p.
744 2590 811 2654 ais.)
838 2591 1029 2643 Atthisvotum
1044 2593 1068 2643 ei
1086 2592 1180 2645 solvit:

96 2667 162 2717 deae
180 2666 345 2717 beneficium
363 2669 473 2728 reticet,
492 2666 622 2732 probabi·
655 2659 703 2714 Ἕκ
720 2660 825 2726 τόκου,
844 2655 996 2730 sisteret,
1019 2665 1182 2738 βαρυνομ-

94 2740 166 2802 liter,
198 2741 262 2803 quin
284 2739 363 2793 aliam
387 2740 486 2808 nullam
503 2739 622 2790 habebat
657 2755 709 2804 νης
730 2733 776 2805 ὅτιΙ
796 2734 885 2804 νηδὺν
910 2735 992 2790 Ζωὸν
1009 2733 1057 2790 ἀπ’
1073 2735 1183 2792 ὠδίνων

94 2815 141 2864 nisi
168 2827 245 2875 eam,
275 2817 305 2864 ut
328 2815 503 2878 componeret
527 2813 622 2864 inscri—
657 2811 751 2864 λύσαο
771 2809 859 2879 τῆσδε
880 2813 1000 2884 βρέφος.
1036 2817 1078 2866 Sic
1094 2817 1121 2868 in
1138 2820 1184 2868 Or·

93 2890 214 2952 ptionem
232 2887 283 2938 sub
301 2887 342 2938 illa
360 2889 417 2952 ipsa
433 2889 497 2953 pinu
515 2888 621 2938 tabulae
657 2888 742 2952 phicis
751 2883 881 2959 Ἄρτεμις
897 2888 1054 2941 Εἰλείθυιαι
1089 2893 1184 2942 Roma-

93 2975 263 3012 marmoreae
282 2963 460 3024 incidendam,
480 2976 532 3026 qua
546 2961 621 3012 locus
658 2965 698 3012 nis
717 2966 807 3013 tamen
822 2965 986 3026 frequentius
998 2966 1062 3014 luno
1074 2965 1181 3015 Lucina.

93 3049 225 3086 amoenus
262 3041 409 3086 ornaretur.
464 3035 620 3086 incredibile
657 3039 766 3100 Dionys.
793 3037 876 3088 Halic.
895 3037 924 3099 l,
945 3041 989 3088 ti:
1018 3036 1183 3090 Εἰλείθυιαν

94 3112 187 3161 autem
214 3113 270 3170 est,
299 3112 364 3173 quot
388 3109 512 3160 ridiculus
537 3121 621 3172 nugas
654 3103 791 3176 Ῥὠμαϊοι
806 3108 945 3161 καλοῦσιν
957 3103 1046 3181 Ἦραν
1056 3108 1183 3174 φωσφό-

93 3183 127 3232 ds
146 3185 244 3247 poetae
262 3196 359 3234 arcano
385 3183 494 3234 consilio
518 3183 621 3233 elinde-
657 3199 717 3256 ρον.
753 3184 847 3236 catull.
874 3185 918 3245 ai,
946 3186 993 3235 ⁴3:
1028 3187 1064 3235 Tu
1087 3187 1184 3236 Lucina

93 3259 146 3308 rint
170 3259 333 3320 interpretes
360 3257 525 3318 scholastici,
554 3271 621 3321 quas
657 3259 794 3309 dolentibus
808 3261 871 3308 Iuno
888 3259 956 3308 dicta
971 3260 1118 3321 norperti,
1148 3260 1183 3308 Tu

92 3332 195 3381 referre
221 3333 247 3380 et
271 3333 394 3394 repetere
411 3331 538 3395 prolecto¹
558 3332 621 3388 nihil
653 3338 741 3395 potens
763 3333 848 3382 Trivia
868 3337 891 3383 ct
910 3333 984 3382 nomo
1005 3345 1031 3382 et
1045 3333 1122 3381 Dicto
1141 3333 1182 3381 tu-

94 3405 198 3455 attinet.
225 3405 290 3468 (Quo
307 3408 430 3470 tempore
443 3407 621 3471 compositum
656 3408 723 3457 mina
739 3408 820 3456 Luna.
857 3405 909 3456 Cir.
929 3407 1017 3456 Carm.
1037 3419 1092 3456 sec.
1112 3407 1153 3454 tt.

92 3481 139 3540 sit,
160 3492 215 3529 nou
231 3479 322 3542 liquet.
358 3479 479 3531 Nonnulli
504 3480 622 3531 reierunt
689 3481 713 3531 i.
732 3481 802 3530 Diva
820 3479 949 3544 trisonnis]
967 3481 994 3530 iu
1011 3479 1180 3541 caeloLuus,
1265 3472 1269 3479 '

92 3553 127 3602 ad
144 3567 170 3604 a.
190 3553 261 3614 iffi,
292 3551 334 3604 alii
351 3553 386 3603 ad
402 3568 427 3604 a.
446 3555 513 3619 iss.)
657 3556 683 3604 in
694 3557 764 3604 terra
774 3554 871 3614 Diana,
884 3552 956 3618 apud
964 3554 1179 3604 inlerosllacate.

126 3629 153 3677 i.
182 3628 208 3676 ἰ.
237 3628 371 3692 nonnum]
402 3629 450 3679 ud.
476 3632 503 3690 i,
528 3631 572 3690 il,
594 3631 619 3679 t.
658 3629 727 3690 virg.
746 3630 812 3679 Aen.
831 3627 860 3690 l,
878 3629 941 3678 itti:
963 3627 1181 3692 rsrqmtnamqrc

93 3699 198 3750 Gallim.
219 3701 279 3750 Cer.
294 3703 334 3752 l8.
353 3703 436 3752 Diana
453 3705 544 3754 lovem
561 3717 622 3767 pre·
655 3703 777 3763 Hecaton,
808 3704 861 3752 tria
878 3704 985 3767 mptum
1006 3705 1178 3753 oraDtouco.

93 3777 184 3824 catur:
215 3771 272 3838 Δὸς
292 3776 325 3826 δέ
339 3792 393 3842 μοι
410 3771 499 3848 οὔρεα
516 3773 618 3826 πάντα·
657 3777 718 3828 Eius
729 3778 818 3841 imago
833 3778 961 3829 Archuool.
978 3778 1038 3827 Zeit.
1048 3778 1069 3825 1.
1084 3776 1177 3840 pilii.

93 3841 270 3918 --Οὔρεσιν
287 3846 409 3915 οἰκήσω.
446 3851 563 3902 Catullus
578 3851 619 3914 si,
689 3853 713 3900 t.
732 3851 757 3901 6.
785 3852 872 3915 utiles]
891 3864 967 3901 meae
985 3853 1011 3900 iu
1028 3849 1178 3900 Sabinis.—

92 3923 123 3970 9:
152 3924 276 3974 Montium
292 3925 402 3976 domina.
427 3953 454 3962 -
480 3926 622 3976 laborantes
652 3925 737 3988 pinus]
747 3923 809 3975 alibi
817 3923 933 3987 Cybelae
941 3937 1018 3975 sacra
1026 3922 1178 3987 (Ovidiiiet.

92 3995 180 4060 utero]
210 4000 440 4061 «parturientem»
470 4003 569 4050 Gerre:
594 4001 620 4049 in
658 3997 994 4061 t0,l0l.],h.l.Dianae‚
1013 3997 1177 4059 utProp.2,

95 4069 333 4123 Wclntarbeitendc.
355 4101 380 4111 -
397 4074 507 4138 puellos]
526 4077 554 4124 ut
570 4074 617 4126 Od.
658 4073 697 4135 i9‚
709 4073 748 4122 is.
762 4099 788 4108 -
802 4070 1091 4134 pecuarios-monos]
1103 4083 1180 4120 «con-

92 4144 122 4204 3,
145 4142 190 4205 tt,
209 4147 248 4196 to.
268 4147 302 4196 de
320 4150 417 4212 nuptis.
657 4149 758 4204 lectos;
780 4147 946 4209 quotannis.»
970 4143 1017 4195 0d.
1031 4144 1059 4205 3,
1078 4145 1122 4204 ts,
1144 4147 1176 4194 5:

130 4217 156 4265 3.
176 4218 219 4269 Ter
233 4221 333 4285 uocata]
353 4223 405 4272 «Ex
417 4235 555 4273 sacrorum
569 4223 620 4272 ritu
654 4222 726 4282 ptono
736 4247 771 4257 -·
780 4235 854 4270 auno.
869 4245 896 4256 -
907 4219 994 4283 lecim]
1005 4222 1035 4269 ut
1044 4221 1085 4269 est
1094 4218 1179 4269 inior·

185 4309 273 4358 riomr.
292 4323 346 4358 vor..
364 4313 379 4359 i.
414 4325 450 4358 su.
469 4325 546 4360 iinon
561 4313 596 4358 lli.
981 4313 1009 4356 ³0
