2934 4884
708 351 836 402 horarii
855 350 1023 401 clamauit

494 509 695 597 Magnessam
717 504 913 595 Hippolyten
934 503 1014 569 dum
1034 502 1115 589 fugit
1136 502 1319 581 abstinens;

536 632 573 695 Et
594 649 733 717 peceare
755 627 911 694 docentes

577 750 685 817 Fallax
707 748 857 816 historias
880 758 996 813 movet.

491 940 638 1003 Frustra:
664 954 740 1001 nam
760 933 904 1021 seopulis
927 934 1056 1000 surdior
1077 934 1157 1000 loari

489 1061 592 1125 'Voces
618 1056 706 1123 audit
727 1054 834 1122 adhue
856 1055 991 1143 integer.
1014 1092 1057 1103 -
1077 1056 1116 1119 ht
1137 1053 1193 1119 tibi

532 1182 579 1245 Ne
601 1178 726 1244 vicinus
748 1175 889 1263 Enipeus

387 1402 425 1452 ts.
445 1398 554 1450 menta
570 1398 619 1446 BT.
641 1422 668 1432 —
692 1397 733 1445 20.
752 1394 842 1445 Pellae
859 1392 977 1445 malebat
993 1391 1077 1443 ilenti.
1106 1420 1134 1428 -
1162 1396 1245 1443 noret
1261 1389 1369 1448 absrc,

353 1478 414 1526 th.
434 1474 524 1538 (movet
535 1488 570 1534 χ,
589 1474 644 1521 tres
656 1469 740 1521 Codd.
753 1468 883 1519 Torrentii
900 1470 927 1517 et
939 1468 1057 1531 quinque
1070 1464 1204 1528 Pottierii.i
1220 1492 1247 1501 -
1266 1465 1309 1515 23.
1324 1466 1371 1513 Nec

352 1552 388 1611 B,
407 1552 473 1600 Pott.
493 1547 555 1598 duo.

320 1748 364 1805 cit,
377 1755 557 1806 reversusque
570 1743 597 1791 in
608 1740 772 1792 Thessaliam
780 1742 847 1791 hea-
882 1751 933 1803 per
950 1750 1060 1789 auream
1077 1739 1192 1787 aetatem
1208 1748 1262 1785 non
1274 1735 1398 1799 reperitur

320 1822 361 1871 sto
387 1817 487 1869 bellum
512 1814 598 1866 intulit
623 1818 651 1866 et
674 1814 777 1866 iolcum
797 1828 846 1865 ex·
882 1814 933 1865 nisi
954 1811 1027 1877 apud
1048 1812 1119 1875 virg.
1144 1813 1210 1861 hen.
1228 1811 1258 1871 2,
1282 1810 1328 1859 90:
1350 1808 1399 1870 pet

318 1894 453 1960 pugnavit.
488 1890 585 1942 Pindar
606 1890 730 1951 Nemi,
756 1890 797 1941 ei.
818 1891 846 1939 et
882 1890 944 1939 lueis
971 1887 1067 1948 Ulissi,
1097 1884 1170 1949 quod
1196 1897 1229 1934 ex
1256 1884 1398 1947 antiquiore

319 1972 348 2029 a,
374 1968 415 2018 26.
443 1978 505 2018 cum
530 1964 685 2015 Scholiasta.
720 1963 842 2029 Apollod.
882 1964 993 2025 Tragion
1015 1961 1187 2024 desumptum
1208 1959 1326 2009 videtur.
1358 1958 1398 2021 [De

318 2042 384 2095 Bibl.
404 2042 432 2103 3,
452 2040 496 2103 43,
516 2040 540 2091 3.
564 2038 645 2090 Aliter
662 2052 694 2089 ex
712 2038 844 2090 Nicandro
877 2038 988 2103 pellacia
1012 2050 1037 2086 v.
1064 2037 1183 2099 Wagner
1204 2035 1239 2085 ad
1264 2036 1336 2098 virg.
1358 2034 1397 2082 Ge.

320 2118 444 2168 Antonin.
469 2114 525 2166 Lib.
545 2114 591 2167 38:
618 2108 732 2180 Πηλεὺς
756 2127 846 2162 κατα·
881 2112 1284 2175 4,443.)-Ηίιιονίοοοιιιειο,
1302 2105 1397 2175 μῦθοι.

320 2190 446 2243 λείπεται
461 2186 554 2255 μόνος
571 2187 602 2239 ἐν
616 2186 655 2254 τῷ
667 2186 777 2255 Πηλιῳ.
795 2187 846 2237 καὶ
882 2188 1049 2238 narrationes
1076 2186 1211 2250 poeticae.
1243 2186 1275 2235 ut
1301 2180 1398 2244 Quintil.

320 2259 845 2334 πλαζόμενοςέντογχάνειΧείρωνιιῷ
883 2263 911 2322 l,
937 2262 969 2323 2,
996 2260 1043 2311 ll:
1075 2260 1263 2311 &maian
1293 2256 1401 2307 historias

319 2337 485 2410 Κενταύρῳ·
516 2334 732 2390 tetrasemos
754 2331 845 2389 adedo
882 2341 1004 2398 exponat,
1033 2337 1060 2385 el
1082 2347 1163 2399 saepe
1186 2332 1258 2398 apud
1280 2332 1398 2383 eundem.

319 2408 489 2475 ortodaxam
505 2412 614 2476 ἐκεῖνος
628 2414 669 2476 εἰς
682 2411 715 2462 τὸ
728 2407 843 2483 ἄντρον.
914 2413 956 2461 Ἠ.
978 2408 1093 2473 mustra]
1115 2407 1176 2458 Sola
1193 2408 1262 2459 haee
1279 2405 1400 2472 particula

320 2516 347 2527 -
367 2489 438 2541 Pelei
455 2489 585 2551 imagines
604 2488 663 2538 vide
681 2488 708 2537 in
726 2487 845 2538 Gerhard
882 2487 1012 2548 integram
1022 2484 1146 2547 exprimit
1156 2484 1328 2542 sententiam,
1340 2482 1401 2531 sion

321 2568 424 2626 Voseng.
448 2564 490 2611 lll.
514 2564 542 2611 T.
562 2562 693 2611 CLXXVII
712 2574 789 2625 seqq.
882 2560 930 2611 0d.
944 2560 973 2621 3,
993 2559 1039 2619 la,
1053 2560 1093 2619 6,,
1112 2558 1159 2608 uhi
1176 2557 1271 2607 itidem
1288 2557 1401 2619 sequitur

352 2638 439 2688 le-ao.
467 2635 634 2700 Magnessam]
658 2649 674 2685 a
700 2637 843 2698 Magnesia,
881 2650 951 2685 nont.
973 2657 1000 2670 -
1021 2632 1240 2696 scopulis-icon]
1259 2632 1301 2683 Cl.
1319 2630 1364 2681 Od.
1379 2631 1399 2687 l.

320 2708 472 2761 Thessaliae
490 2708 566 2759 urbe.
595 2708 649 2758 aad
667 2708 846 2761 differentiam
882 2711 906 2769 l,
918 2710 963 2759 ta:
976 2709 1066 2758 icariis
1074 2697 1196 2770 noctibas.
1209 2708 1279 2756 lcors'
1290 2706 1368 2770 genii.
1377 2717 1400 2751 ι.

318 2784 428 2835 alterius
440 2782 609 2847 hippolytis,
628 2786 793 2835 Amazonum
804 2798 846 2834 re·
880 2785 1004 2841 Inarime,
1023 2795 1077 2832 non
1093 2795 1119 2831 v.
1131 2783 1228 2831 leorae.
1243 2806 1272 2815 -
1287 2780 1402 2831 urdor-

221 2896 223 2899 -
320 2861 405 2923 ginae,
421 2858 745 2907 uxorisThesei.»Scn0n.
761 2859 845 2908 —His
881 2857 960 2921 uadit]
978 2856 1102 2907 Similiter
1115 2856 1205 2920 Eurip.
1218 2855 1289 2906 hled.
1304 2854 1349 2903 28:
1366 2846 1400 2911 ὥς

320 2932 425 2984 duabus
437 2930 532 2982 labidis
544 2932 652 2982 nuntius
661 2934 750 2995 Gygae
761 2933 845 2996 spreti
880 2931 911 2983 dl
939 2933 1042 3003 πέτρος
1064 2926 1084 2996 ἢ
1103 2927 1267 2992 θαλάσσιος
1291 2924 1402 2980 milev

318 3007 416 3059 amoris
438 3004 557 3070 pericula
582 3005 761 3057 demonstrat:
790 3007 844 3056 iam
880 3002 991 3059 ἀκούει.
1016 3009 1106 3071 Enrip.
1130 3005 1258 3056 Androm.
1284 3006 1348 3056 537:
1373 3003 1401 3051 Ti

317 3080 395 3142 alias,
414 3079 462 3130 tibi
479 3082 540 3130 ante
558 3094 612 3131 non
632 3082 765 3143 cognitas,
788 3094 845 3130 mo-
880 3098 918 3148 με
940 3084 1123 3152 προσπίτνεις
1145 3075 1232 3131 ἁλίαν
1254 3070 1403 3149 κέτρανἯ

316 3160 368 3218 oet,
386 3153 500 3219 profert,
519 3157 747 3218 quaeamantium
765 3154 845 3205 lelici-
881 3154 960 3223 κῦμα
984 3155 1076 3219 λιταῖς
1100 3151 1140 3219 ὣς
1170 3151 1323 3212 iusserim
1351 3152 1399 3202 Cir.

317 3233 399 3281 tatem
411 3242 443 3279 ac
454 3230 550 3294 gaudia
562 3232 623 3280 ante
637 3229 728 3281 oculos
744 3243 845 3295 ponen-
881 3232 965 3297 Epod.
986 3234 1031 3293 tr,
1050 3231 1090 3282 ei.
1121 3230 1294 3281 Philodemus
1311 3230 1337 3278 in
1355 3230 1401 3276 an

319 3310 499 3368 lesmoren,
523 3304 551 3355 id
572 3307 626 3363 est¹
651 3302 715 3355 alias
736 3306 845 3368 praeter
882 3306 945 3359 thol.
965 3306 1017 3357 Pal.
1037 3309 1056 3356 i.
1075 3320 1102 3370 p.
1116 3307 1179 3356 itt:
1196 3298 1259 3353 ἀλλ’
1278 3300 1332 3353 ἴσα
1341 3294 1402 3351 ads*

318 3393 393 3439 eam,
417 3380 460 3429 cui
480 3378 563 3429 iidem
574 3377 670 3440 dehet,
688 3392 780 3429 amare
794 3377 845 3428 do·
881 3375 1017 3449 τῳἸονὶῳ
1027 3372 1241 3446 patavinis&
1248 3372 1399 3447 ἡμετέρων·

317 3458 404 3507 ceant.
442 3454 525 3504 Monet
546 3454 651 3513 autem,
675 3455 705 3503 nt
729 3452 844 3503 dicimus
882 3458 932 3517 Qui
957 3468 1106 3518 oxymoron
1131 3468 1184 3505 non
1209 3450 1399 3517 intelligebant.

316 3530 466 3579 mentionem
474 3541 582 3590 movere,
595 3530 718 3579 octonem
726 3530 846 3589 odpopu-
881 3529 1074 3595 interpolarunt
1090 3529 1196 3591 mmo.
1223 3530 1254 3578 ot
1270 3526 1401 3578 habehant

316 3604 368 3654 leon
390 3616 502 3663 monae,
531 3601 608 3665 longe
626 3603 783 3666 exquisitius
804 3604 845 3652 est
882 3604 966 3655 Codd.
986 3602 1190 3655 duoPulmanni
1206 3602 1401 3653 elanusllers-

316 3689 397 3740 qnam
411 3676 494 3727 altera
505 3674 567 3726 lect.
580 3682 674 3737 moriat,
695 3689 758 3727 «eas
767 3676 846 3740 signi·
881 3680 988 3740 manni;
1007 3678 1054 3728 olr.
1068 3676 1153 3728 Bentl.
1166 3676 1202 3726 ad
1213 3678 1267 3726 Sat.
1282 3677 1307 3738 l,
1317 3674 1399 3734 hilis

319 3752 403 3803 fimus
415 3749 449 3820 illi
462 3751 488 3801 in
500 3752 619 3801 mentem
632 3753 767 3801 revocat.»
789 3750 842 3800 Cir.
881 3754 907 3803 in
924 3754 993 3803 meis
1015 3756 1042 3803 et
1058 3752 1175 3803 Pettierii
1197 3750 1284 3802 Codd.
1302 3751 1400 3801 sincera

315 3827 387 3889 virg.
405 3830 471 3876 Aen.
489 3826 520 3885 T,
539 3825 602 3876 tii:
629 3832 766 3887 contraque
788 3839 844 3875 mo-
882 3830 925 3877 est
941 3825 1029 3877 lectio.

316 3907 377 3960 aete,
396 3898 545 3951 Wakefield
556 3906 660 3951 moneta
680 3900 754 3951 Ouid.
768 3902 798 3949 h.
811 3904 841 3950 a.
913 3902 955 3951 tt.
982 3901 1023 3951 2³.
1054 3902 1134 3951 adhue
1161 3900 1271 3965 inteper]
1300 3908 1401 3958 «mne

315 3978 343 4037 3,
362 3976 419 4026 654.
443 3978 544 4027 rectius
567 3989 638 4026 nunc
656 3974 751 4025 edunt:
779 3976 844 4037 (incid
881 3975 916 4026 ad
936 3976 1008 4027 hune
1026 3976 1099 4026 diem
1119 3976 1316 4039 inemptus·
1351 3969 1399 4020 Clr-

315 4052 386 4099 iuvat
412 4052 532 4115 ombopes
553 4056 739 4112 praeceptoque
758 4064 844 4112 pomo
881 4050 928 4101 ud.
947 4052 977 4110 2,
996 4050 1025 4108 i,
1043 4051 1085 4101 Ἠ.
1106 4077 1133 4087 -
1150 4045 1400 4111 Ειιιρσιιιοοοωὶοι

314 4124 433 4174 mouera
459 4123 537 4189 volgo
559 4138 667 4177 morere.
696 4151 722 4161 -
742 4123 843 4188 Folius]
881 4126 999 4175 fluminis
1024 4122 1184 4175 Thessaliae.
1212 4150 1240 4159 -
1264 4117 1400 4183 Quomodo

319 4198 361 4247 ute
369 4197 496 4263 decipere
506 4202 626 4264 cupiens.
640 4198 844 4263 Bentleiipellur
882 4202 972 4252 anwm
995 4202 1022 4251 in
1045 4200 1139 4251 iestivo
1161 4200 1213 4249 hoc
1234 4199 1295 4249 ioeo
1316 4193 1400 4257 nugati
