2934 4884
520 343 579 394 tto.
599 345 629 394 ll.
666 345 694 394 C.
714 345 780 396 Xlll.

259 497 345 576 Quin
367 507 400 562 et
421 497 634 564 Prometheus
656 509 688 565 et
711 499 840 587 Pelopis
862 521 983 588 parens

167 604 170 610 ’
258 616 351 684 Duloi
374 617 523 684 laborum
545 617 707 708 decipitur
728 641 827 698 sono;

304 739 370 806 Neo
394 748 487 805 curat
508 739 611 805 Orion
633 740 746 808 leones

344 861 405 925 hut
426 859 557 926 timidos
580 861 701 948 agitare
722 861 846 951 lyncas.
1139 871 1180 934 to

154 1083 197 1134 38.
216 1083 327 1134 hhoron
343 1085 397 1146 ΒΤ,
416 1097 458 1149 pr.
478 1099 507 1146 o,
526 1099 566 1149 pr.
586 1085 617 1146 d,
636 1085 808 1146 hodietenus,
832 1100 888 1138 rar.
907 1087 968 1140 lect.
988 1090 1144 1153 colbertini,

117 1159 238 1221 quinque
261 1159 389 1218 Pottierii‚
418 1161 482 1210 het
502 1159 649 1220 Bentletus,
675 1161 762 1212 tutore
782 1177 816 1211 α.
852 1164 892 1224 (ut
908 1177 971 1226 nos,
997 1165 1049 1226 bs,
1074 1181 1144 1218 corr.

117 1236 179 1281 cet
198 1233 233 1294 d.)
251 1257 279 1268 -
299 1232 340 1283 to.
359 1235 461 1284 timidos
477 1235 514 1295 Τ,
532 1231 624 1300 βκμξ,
644 1247 713 1284 corr.
732 1251 764 1284 ω.
785 1237 846 1298 (non
864 1236 977 1300 Bhscd.)

85 1428 162 1498 ὁμοῦ
184 1440 249 1498 ταῖς
271 1434 303 1486 ἐν
324 1433 360 1507 τῇ
382 1432 495 1506 κεφαλῇ
517 1435 612 1508 θριξὶν
649 1451 703 1490 non
719 1452 803 1490 vero:
834 1441 1041 1494 «Prometheum
1062 1445 1090 1495 in
1109 1445 1178 1496 Oreo
1288 1468 1292 1474 ·

85 1507 171 1560 sirac·
201 1515 263 1572 τοῖς
291 1506 323 1560 δὲ
350 1505 516 1578 ἀγάλμασιν
544 1507 612 1563 οὔτε
650 1513 785 1563 retineri.»
804 1541 833 1550 -
854 1515 949 1576 Pelopis
961 1517 1065 1581 weita]
1084 1519 1179 1570 Tanta-

85 1581 202 1648 τούτοις
229 1578 345 1635 ἔπεστιν
371 1581 456 1636 οὐδὲν
481 1583 612 1656 φοβερὸν
649 1585 704 1648 lm,
724 1587 820 1650 Odyss.
837 1586 863 1650 λ,
882 1591 939 1640 582.

84 1656 150 1710 οὐτε
173 1653 233 1711 ὅσα
254 1655 330 1710 ἄλλα
352 1666 444 1712 νεῖται
461 1659 538 1711 θεῶν
554 1659 612 1712 τῶν
682 1661 722 1712 38.
741 1662 857 1713 tolonen
873 1666 1004 1729 decipitur]
1023 1666 1061 1716 Ex
1075 1669 1177 1718 Graeca

84 1728 240 1800 ὖαογαλων.
259 1734 384 1798 Aeschyl.
399 1736 518 1801 Choeph.
532 1736 610 1787 tots:
649 1738 863 1797 construetione,
905 1737 1079 1792 κλέπτεσθαι
1120 1739 1177 1792 τῶν

83 1809 143 1859 ulla
168 1807 323 1880 Γοργόνων
346 1807 428 1876 δίκην
450 1811 611 1871 Φωσχίτω·
649 1805 759 1871 πόνων,
784 1814 812 1861 et
827 1810 945 1863 Plautina
961 1816 1041 1878 {attor
1057 1819 1178 1866 monis

83 1900 127 1948 νες
144 1883 474 1950 καὶαειλεκτανημέναι
484 1885 611 1948 Πακνοϊς
649 1883 724 1947 Epid.
743 1886 772 1945 2,
799 1886 829 1946 2,
854 1888 907 1946 55„
931 1888 1030 1949 idest,
1059 1889 1177 1940 «oblivi-

83 1956 249 2026 ὀράκοασιν.
266 1959 373 2023 Orpheo
385 1961 482 2022 tlymn.
496 1961 536 2010 69.
550 1965 612 2011 sunt
649 1960 761 2008 scantur
782 1972 958 2023 poenarum.»
993 1963 1024 2011 st
1047 1964 1117 2014 hanc
1136 1964 1177 2014 le-

84 2029 312 2098 ὁσιοσλόναμοι.
360 2033 453 2084 catull.
478 2033 523 2095 hl,
548 2035 609 2084 ⁴93:
648 2034 763 2083 ctionem
784 2035 944 2085 oontlrmaut
963 2037 1048 2096 Acro,
1077 2039 1174 2102 Porph.

83 2109 244 2168 Emtae,
263 2107 352 2170 quibus
365 2109 477 2171 αηραίαο
493 2109 611 2158 redirntto
648 2109 752 2157 Corum.
782 2109 863 2172 Cruq.
893 2112 943 2159 Pro
975 2109 1058 2160 alters
1087 2114 1176 2164 minus

83 2184 172 2244 eupillo
189 2183 270 2232 Prona
289 2183 442 2244 suspirantis
460 2189 611 2246 praeparate
648 2181 790 2246 probanda
812 2182 924 2232 laborent
946 2183 1062 2234 atterunt
1078 2187 1131 2236 Sat.
1149 2187 1174 2246 2,

80 2257 267 2319 pectorisiros.
289 2255 536 2320 -Contemplator
558 2259 610 2308 Fu·
647 2255 676 2316 7,
704 2254 767 2306 tlt:
796 2257 852 2305 lom
875 2258 934 2306 otoo
959 2272 1095 2319 σασεναα,
1123 2261 1177 2310 iam

83 2333 136 2381 riae
162 2333 287 2382 Orestem
308 2331 495 2394 persequentis
516 2332 610 2394 imagi·
646 2341 732 2378 sonno
752 2331 841 2394 tollere
862 2345 964 2391 caeram
988 2333 1054 2382 item
1071 2335 1124 2383 Sat.
1143 2335 1173 2395 t,

84 2419 145 2456 nem
168 2405 242 2469 apud
263 2403 393 2468 llilllogen
416 2403 498 2456 Cohill
520 2407 548 2456 T.
567 2407 607 2456 νῦ.
646 2405 675 2464 t,
695 2404 736 2454 te.
755 2408 783 2454 et
799 2405 873 2456 Ouid.
893 2408 954 2457 llet.
973 2407 1002 2466 6,
1022 2408 1069 2456 60:
1093 2409 1176 2458 studio

88 2508 112 2516 -
129 2479 289 2543 recreantur]
306 2477 450 2540 «levantur,
470 2483 608 2532 cessante
645 2479 746 2543 sollerte
762 2480 886 2539 latorem
913 2481 1016 2545 itaque,
1035 2485 1065 2532 ot
1082 2483 1175 2534 «deci-

85 2557 214 2618 perpetuo
227 2555 314 2612 motu,
333 2565 387 2617 quo
400 2555 501 2605 circum
515 2557 610 2606 Eume-
646 2567 725 2617 pere,
744 2553 835 2604 tallere
852 2553 990 2606 lahorem»
1003 2557 1115 2618 dicatur,
1134 2559 1173 2609 sie

87 2630 176 2678 nidum
193 2629 281 2691 sepita
297 2627 461 2678 vibrantur·
647 2629 1174 2694 etiampossedici:«decipiorlahorem.·

115 2704 155 2754 ³7.
174 2702 338 2766 Ριαναενιοω]
356 2703 434 2767 Apud
445 2702 609 2766 Aeschylum
679 2703 719 2752 39.
739 2703 822 2767 emat]
839 2703 977 2768 Alioquin.
1002 2709 1032 2755 ut
1048 2708 1085 2756 ait
1100 2707 1171 2770 virg.

86 2779 172 2827 Prom.
195 2777 269 2826 toto.
292 2779 402 2839 propter
421 2777 489 2839 ignis
509 2777 609 2828 lurtum
646 2779 711 2827 Aen.
730 2778 758 2835 6,
778 2778 839 2829 ott:
858 2783 1072 2830 eoro--eadem
1089 2783 1173 2844 seum-

87 2850 191 2900 tulmine
213 2849 335 2900 deiicitur
359 2849 453 2900 subter
469 2853 539 2910 saxi,
567 2853 608 2901 cui
646 2857 688 2900 tur
710 2853 798 2902 ultore
818 2859 937 2915 repostos.
963 2880 992 2892 -
1018 2855 1104 2921 Odon]
1122 2855 1172 2906 Od.

87 2924 178 2973 affixus
195 2925 253 2982 est,
279 2925 396 2984 ruinam,
420 2928 483 2988 post
501 2926 609 2988 longum
646 2925 675 2986 ³,
700 2925 729 2986 l,
754 2927 799 2976 rt:
828 2928 945 2978 Tentotor
967 2929 1046 2979 Orion
1062 2931 1170 2980 Dianae.

87 3002 191 3062 tempus
210 2998 246 3048 ad
266 2997 369 3062 aquilae
388 3011 493 3050 morsus
510 3013 610 3065 perpe-
646 2998 741 3062 Odyss.
760 2997 788 3060 λ,
806 3002 868 3050 572:
890 2995 1016 3071 Ὠρίωνα
1031 2998 1173 3086 πελώριον

89 3072 189 3122 tiendus
206 3075 233 3122 iu
247 3071 336 3124 luoem
347 3074 534 3132 retrahendus,
553 3077 610 3124 tan-
646 3070 812 3139 εἰσενόησα,
830 3073 930 3144 Θῆρας
946 3070 1025 3140 ὁμοῦ
1044 3076 1174 3127 allevata

88 3149 149 3197 dem
176 3149 264 3197 tamen
292 3147 327 3197 ah
355 3147 467 3198 llercule
492 3147 609 3198 liheran-
645 3145 705 3196 κτλ.
723 3173 752 3184 -
765 3148 868 3200 Orionis
885 3149 960 3199 loeva
973 3164 1053 3200 manu
1064 3150 1171 3202 leonem

88 3223 146 3272 dus.
163 3223 284 3272 lloratius
300 3235 366 3272 vero
388 3223 422 3272 de
435 3223 610 3287 eoitaloqui-
645 3235 695 3286 per
723 3221 838 3272 caudam
865 3223 1015 3286 arripientis
1043 3227 1071 3272 et
1099 3224 1174 3274 clava

89 3299 141 3354 tur,
162 3308 194 3345 ae
209 3297 232 3346 si
249 3297 275 3346 in
293 3297 432 3348 Tartarum
449 3299 610 3362 praecipita·
647 3295 810 3347 conficientis
819 3297 938 3360 reperies
947 3296 1019 3360 apud
1030 3299 1174 3360 lnghirami

89 3369 176 3420 tnsihi
189 3371 342 3432 mansisset,
362 3375 391 3420 ut
402 3372 450 3422 Od.
463 3374 488 3432 ἲ,
507 3373 548 3432 48,
567 3373 607 3422 35.
647 3371 712 3422 Gall.
732 3371 787 3420 Om.
809 3372 853 3421 lll.
870 3383 898 3434 p.
923 3371 980 3420 207.
1015 3369 1056 3420 Ad
1078 3384 1173 3422 omnes

89 3444 172 3493 verba
190 3447 280 3494 autem
293 3444 455 3506 Aristotelis,
474 3459 544 3509 quae
555 3447 609 3497 huo
647 3446 739 3495 autem
750 3443 898 3495 interorum
915 3457 960 3494 res
977 3444 1021 3494 hic
1037 3456 1174 3494 memora-

90 3520 190 3568 trahere
215 3517 316 3578 solent,
343 3521 415 3570 Post.
440 3521 485 3570 to:
518 3517 552 3571 τὸ
578 3518 609 3572 et
648 3519 687 3568 tos
710 3519 757 3567 cir.
776 3531 824 3568 vas
846 3518 1009 3569 canusinum
1031 3517 1058 3568 iu
1081 3517 1174 3569 titillor

90 3595 218 3664 τέταρτον
244 3592 338 3660 (γένος
365 3589 418 3658 τῆς
439 3593 608 3664 τραγῳδίας)
646 3592 752 3642 Dorkrn.
771 3593 814 3642 Ν.
832 3593 863 3642 N.
883 3594 940 3644 275.

90 3661 150 3716 otor
177 3666 210 3716 al
233 3681 264 3717 ss
293 3665 429 3736 Φορκίδες
455 3669 506 3717 καὶ
529 3669 609 3740 Προ-
678 3666 719 3717 lt).
738 3666 1118 3732 ttoidos--lynoosllluqaces
1127 3681 1175 3718 vo-

89 3737 195 3806 μηθεύς
218 3742 269 3792 καὶ
297 3735 356 3791 ὅσα
383 3741 414 3792 ἐν
436 3733 544 3805 Ἅιδου,
573 3745 608 3795 ad
646 3744 689 3791 oet
705 3741 797 3802 ool,
816 3742 845 3804 o,
864 3743 904 3794 33.
924 3743 1060 3794 feminino
1072 3755 1171 3805 genere

90 3820 157 3868 hunc
167 3814 254 3866 locum
265 3817 375 3866 minime
387 3819 530 3881 pertinent,
545 3831 607 3868 eum
646 3819 776 3879 usurpant
787 3816 918 3881 Virgilius,
936 3816 1044 3877 Plinius,
1063 3817 1170 3878 Statius,

90 3892 137 3940 hoc
161 3889 239 3950 dieat,
261 3889 428 3952 «tragoediae
446 3891 480 3941 de
498 3895 608 3942 Prome-
646 3891 694 3940 sed
712 3891 862 3942 Priscianus
879 3893 921 3943 Vl.
934 3894 959 3942 t.
978 3892 1078 3941 diserte
1096 3891 1173 3940 affert

90 3965 148 4014 theo
165 3963 201 4026 (ut
216 3965 346 4014 tractatae
363 3967 426 4014 sunt
441 3965 609 4028 ahheschy-
646 3979 679 4015 ex
700 3965 726 4016 h.
746 3965 763 4015 l.
780 3965 966 4017 masculinum.
1002 3966 1101 4015 Contra
1123 3965 1170 4014 eir.

89 4039 139 4100 lo),
156 4039 182 4086 et
197 4051 245 4088 eae
263 4051 374 4100 omnes,
393 4051 507 4102 quarum
525 4053 606 4090 scena
646 4040 716 4104 Virg.
740 4041 786 4090 Ge.
806 4040 834 4101 t,
859 4039 918 4089 ⁴83:
946 4038 1024 4088 oculis
1045 4039 1114 4100 capti
1128 4063 1143 4073 -
1157 4065 1172 4075 ·

90 4113 179 4163 saltem
194 4126 227 4162 ex
243 4115 320 4177 parte
339 4113 365 4162 in
382 4113 450 4164 Oreo
467 4117 509 4163 est
526 4117 605 4172 oet.»
646 4114 740 4176 talpae.

539 4279 716 4289 -——.—-.
