2934 4884
276 364 338 429 370
660 364 789 414 aonam
807 362 976 417 cinmuuu

404 521 472 587 Vim
495 528 705 605 temperatam
727 518 761 583 di
783 538 917 607 quaque
939 519 1122 606 provehunt

445 642 479 704 ln
504 640 624 715 maius3
649 638 735 706 idem
757 640 860 707 odere
881 640 968 706 vires

490 768 594 833 Omne
617 764 706 831 nelas
728 764 837 829 animo
859 772 1035 827 moventes.

403 925 504 991 Testis
527 944 673 990 mearum
695 922 897 988 centimanus
920 918 1009 1007 Gyas

403 1046 658 1121 Sententiarum,
682 1052 778 1109 notus
800 1052 833 1109 et
853 1042 1000 1128 integrae

445 1168 595 1233 Tentator
617 1164 719 1231 Orion
742 1163 888 1240 Dianae,

484 1286 633 1373 Virginea
656 1282 797 1351 domitus
820 1285 943 1371 sagitta.

343 1466 384 1515 till.
404 1466 474 1525 Goon
490 1463 508 1512 d
527 1464 556 1525 ti)
574 1463 610 1511 L:
629 1463 703 1526 piper
719 1461 830 1522 ileTc,
851 1462 892 1521 Ct,
911 1462 993 1525 anes
1009 1472 1074 1511 cum
1090 1458 1208 1511 Bentleio
1226 1461 1279 1512 Fit.
1295 1463 1334 1525 tiit

306 1551 370 1599 noe,
389 1539 422 1601 J.)
443 1564 471 1573 ·-
490 1538 530 1587 70.
550 1538 736 1587 Sententiam
752 1542 842 1598 notar,
860 1540 884 1585 et
899 1536 1014 1599 inteprae
1030 1535 1091 1584 LCt.
1110 1536 1116 1551 ’

274 1698 303 1756 8,
329 1696 375 1744 tt:
405 1694 461 1745 lite
484 1691 515 1745 tid
540 1694 589 1743 καὶ
613 1690 800 1761 μεγάλαυχον
839 1694 906 1750 cet.;
933 1692 1050 1754 denique
1071 1703 1098 1739 v.
1119 1693 1300 1742 tentantium
1321 1694 1368 1743 vel

273 1763 402 1830 ἔσφαλεν
419 1766 450 1817 ἐν
462 1762 566 1837 χρόνῳ.
586 1768 675 1831 Eurip.
694 1770 734 1817 Fr.
747 1769 800 1818 'l'e-
838 1768 896 1830 ipso
917 1778 985 1815 sono
1007 1777 1132 1827 magnam
1151 1764 1234 1816 habet
1251 1766 1368 1829 diguita-

275 1842 375 1894 menid.
398 1844 446 1891 lt:
472 1836 567 1905 Ῥώμη
589 1838 621 1891 δέ
639 1840 662 1906 γ’
680 1834 800 1907 ἀμαθὴς
838 1842 894 1889 tem
911 1840 992 1902 atque
1009 1839 1176 1901 gravitatem.
1194 1866 1222 1875 -
1238 1840 1367 1891 Ceterum

275 1912 413 1977 πολλάκις
431 1916 520 1966 τίκτει
536 1912 660 1981 βλάβην.
838 1916 865 1963 in
890 1911 1015 1963 omnibus
1043 1912 1230 1962 huiuscemodi
1257 1908 1368 1978 ἀθετή-

306 1990 347 2039 67.
366 1990 439 2039 edere
453 1990 528 2055 vires]
550 1990 639 2053 Eurip.
658 1988 714 2039 llel.
733 1989 799 2039 903:
839 2000 920 2037 σεσιιι
937 2000 1032 2037 eanum
1047 1987 1201 2049 inventores
1211 2000 1309 2050 parum
1320 2002 1369 2038 eo·

275 2067 358 2129 μισιϊ
371 2058 426 2134 γὰρ
443 2058 460 2112 ὁ
477 2058 547 2125 θεὸς
562 2060 617 2128 τὴν
632 2061 709 2125 βίαν.
750 2064 802 2113 Ter
839 2062 966 2123 gitarunt,
985 2060 1045 2122 quis
1062 2060 1104 2109 cui
1121 2058 1194 2110 bono
1210 2060 1367 2113 taleslocos

275 2137 397 2189 considio
421 2138 554 2201 repetitur
577 2151 603 2187 v.
635 2138 690 2196 oia3
728 2137 802 2199 quod
839 2137 903 2199 ipsis
930 2136 1071 2197 suspectos
1100 2132 1234 2184 inculcare
1263 2138 1292 2185 et
1315 2150 1368 2187 vo-

274 2214 378 2263 tantum
395 2211 473 2262 abest
493 2216 522 2261 ut
540 2212 634 2262 merito
652 2212 802 2275 reprehen-
839 2207 918 2258 luerit
939 2211 967 2257 et
988 2210 1114 2271 potuerit.
1149 2210 1216 2259 Nam
1239 2212 1367 2272 quaeda

275 2298 336 2337 sum
361 2286 395 2335 sit
419 2285 454 2335 ab
477 2285 584 2336 Editore
602 2284 744 2344 Leidensi,
773 2287 802 2333 ut
839 2282 883 2333 tali
901 2283 1076 2347 perversitate
1093 2281 1143 2332 sibi
1162 2282 1290 2333 confinxit
1312 2286 1366 2335 ΗΡ.

274 2361 374 2424 optime
392 2359 554 2423 respondeat
570 2360 665 2421 poetas
691 2356 801 2407 consilio
839 2358 912 2405 omni
929 2355 1115 2419 probabilitate
1134 2358 1225 2405 critica
1237 2356 1367 2409 destituta

274 2432 430 2485 avioleutia
448 2446 480 2483 ac
497 2432 623 2497 superbia
641 2434 803 2485 nosdelror-
839 2431 909 2480 sunt.
937 2456 965 2465 -
988 2429 1070 2492 notus]
1096 2430 1174 2479 Orien
1200 2434 1314 2493 propter
1340 2432 1368 2481 id

276 2508 358 2557 madi.
840 2504 928 2566 ipsum
944 2505 1060 2553 maxime
1077 2510 1163 2564 notris,
1191 2505 1264 2568 quod
1281 2518 1367 2556 ausus

308 2581 349 2630 69.
369 2579 446 2642 anae]
464 2579 530 2629 Vide
548 2580 596 2631 ed.
615 2584 646 2642 ι,
667 2583 711 2641 ti,
732 2580 773 2633 tt.
841 2580 882 2627 est
910 2579 1013 2626 tentare
1036 2578 1147 2627 Dianam
1174 2580 1302 2643 inuam
1331 2580 1368 2629 ab

307 2652 348 2703 70.
367 2654 408 2703 it.
426 2652 625 2719 Smtentinrum]
650 2656 803 2705 «veracium
840 2663 927 2712 eaque
950 2652 1055 2701 aeciam
1078 2653 1168 2701 estin
1190 2652 1276 2703 insula
1299 2654 1368 2704 Delo

275 2727 464 2779 monitorum.»
504 2728 604 2777 Locum
630 2728 702 2778 hunc
727 2728 804 2778 alleri
839 2722 883 2772 rel
906 2724 980 2773 Chio.
1000 2725 1055 2775 Cic.
1079 2728 1151 2775 arat.
1173 2725 1231 2778 lea.
1256 2728 1369 2791 Eupho-

277 2801 427 2852 Prisclanus
442 2812 502 2863 pag.
522 2800 580 2849 ata.
599 2801 708 2852 Putsclr.
727 2804 804 2853 liutt-
840 2798 908 2845 rion.
931 2797 1009 2846 ilein,
1033 2809 1093 2861 pag.
1120 2799 1176 2848 tet.
1205 2800 1252 2849 Est
1273 2805 1368 2851 autem

277 2886 391 2925 mannus
407 2870 516 2935 Mythol.
538 2874 562 2923 2.
581 2887 641 2937 pag.
660 2875 718 2925 369.
741 2888 803 2925 cum
840 2870 921 2919 Orion
937 2870 1059 2930 Horatio,
1078 2874 1109 2921 ιιι
1124 2869 1181 2922 aliis
1198 2874 1269 2936 apud
1287 2873 1370 2938 Apol-

277 2950 389 3015 propter
405 2948 558 3011 repetitum,
577 2947 689 3009 atrioli,
709 2963 742 2999 ex
754 2949 801 2998 0d.
840 2941 894 2993 lod·
907 2945 918 2992 ⁴
929 2981 934 3003 ι
947 2944 976 3001 4·
996 2945 1020 2994 3·
1038 2941 1174 3010 γηγενής,
1193 2959 1255 2997 cum
1267 2949 1370 2998 Phere-

277 3022 306 3083 ι,
335 3023 380 3082 ta,
408 3019 447 3071 li.
473 3018 606 3071 ἐπίθετον
631 3024 800 3081 centimanus,
841 3016 925 3077 eldea
950 3030 1013 3067 eum
1038 3020 1153 3081 Neptuni
1182 3022 1210 3069 et
1234 3021 1368 3084 Euryalus

278 3098 336 3145 tum
351 3098 463 3159 propter
480 3095 644 3146 mentionem
661 3098 730 3157 θυαε
742 3098 805 3161 post
841 3089 925 3140 filium
936 3089 1053 3141 lecisset.
1072 3094 1195 3155 (Prorsus
1207 3094 1314 3147 diverse
1326 3098 1369 3147 la·

278 3168 545 3232 Gigantumpugnam
563 3170 802 3230 rursusiniectam,
842 3164 904 3214 bula
926 3168 1066 3214 enmratm
1086 3166 1121 3215 tt¹³
1138 3168 1231 3217 Ovidii>
1248 3170 1317 3221 Fflsl·
1336 3174 1367 3232 ὓ,

279 3244 336 3291 tum
360 3244 470 3306 propter
494 3256 519 3291 v.
543 3244 733 3303 senwntiornm,
761 3244 804 3292 ni·
841 3239 1079 3302 ltili-intem]
1092 3240 1368 3305 «intactaevirgiuis.·

278 3314 343 3375 mis,
366 3317 395 3364 ut
412 3316 459 3375 ait,
482 3315 637 3380 pedestrem
655 3317 804 3366 orationem
841 3311 945 3363 Nullam
956 3312 1022 3373 laec,
1040 3314 1071 3361 ut
1081 3324 1216 3363 nonnemo
1228 3320 1304 3367 ranis
1316 3322 1368 3377 est,

278 3386 415 3449 redolens,
435 3390 519 3439 totam
531 3390 668 3453 stropham
680 3403 729 3453 pro
742 3389 805 3441 sub-
840 3386 925 3436 habet
940 3386 1126 3436 offensionem.
1144 3388 1212 3435 Nam
1229 3390 1252 3437 si
1265 3389 1371 3439 'leran-

279 3460 367 3511 diticia
392 3460 493 3512 hahuit.
536 3463 687 3513 Buttmanni
712 3466 804 3513 autem
841 3461 894 3509 tius
916 3459 1007 3510 dicere
1029 3461 1116 3524 potuit
1137 3460 1202 3510 llec.
1221 3461 1251 3521 l,
1269 3462 1301 3522 2,
1319 3464 1369 3512 aa:

279 3534 434 3598 opinionem
458 3548 520 3586 cum
547 3534 603 3585 allis
629 3540 738 3588 seculus
763 3539 805 3586 est
841 3537 1002 3595 Narratque,
1027 3540 1057 3583 nt
1076 3535 1150 3598 eirpo
1172 3534 1204 3583 ut
1225 3548 1252 3584 se
1266 3536 1370 3600 intoqrn

280 3608 361 3658 etiam
378 3607 492 3659 Liiblrer.
528 3610 629 3659 Verum
650 3612 806 3661 centimanus
841 3611 917 3659 ιιιιιιιι
932 3612 986 3657 torn
1001 3609 1060 3657 niet:
1080 3609 1171 3670 quidni
1187 3609 1371 3659 Hontirrsab-

280 3670 442 3745 perpetuum
466 3684 493 3732 et
513 3683 681 3746 aptissimum
701 3685 806 3734 utrobi·
842 3682 928 3733 solute
950 3683 1076 3745 ιιιιορνιιιιι
1098 3695 1149 3745 pro
1171 3682 1298 3733 muenia
1319 3696 1370 3747 ap—

281 3767 335 3819 que
359 3755 401 3803 est
422 3756 494 3815 Gyae
514 3754 658 3817 ἐπίθετον,
685 3760 714 3807 ut
736 3758 807 3807 dinis
841 3754 942 3821 pellere
958 3758 1077 3819 potnerit
1092 3757 1222 3807 Dianam?
1235 3784 1264 3794 -
1279 3758 1371 3807 Tenta-

280 3839 390 3890 semper
405 3826 544 3887 Hannibat3
568 3828 636 3879 duos
653 3833 744 3882 autam
761 3832 806 3881 Gi·
843 3830 890 3895 tor]
901 3842 969 3879 nove
979 3829 1091 3881 lomsse
1100 3830 1203 3881 dictum
1212 3832 1295 3893 (certe
1306 3829 1370 3880 nlilii

281 3902 392 3964 gentum
414 3900 504 3951 dedita
527 3914 610 3967 opera
632 3902 721 3954 denuo
746 3918 806 3955 me·
843 3916 915 3955 nunc
939 3917 993 3953 non
1017 3905 1179 3968 invenitur),
1209 3905 1311 3955 taetram
1335 3905 1370 3955 ad

281 3975 395 4024 muravit
424 3977 485 4039 post
512 3975 706 4040 digressionem
734 3976 806 4028 illam
843 3982 975 4029 Graecum
985 3991 1010 4027 v.
1023 3975 1189 4049 nstpoeonp'g,
1207 3977 1372 4049 πειρᾴνκό-

281 4046 308 4097 in
334 4047 461 4111 Apollinis
492 4048 598 4100 laudem
631 4064 662 4100 ac
689 4047 807 4117 γνώμας
843 4067 912 4124 pqr,
929 4057 1062 4118 γυναῖκα.

283 4123 441 4183 sequentes,
464 4126 494 4173 ut
514 4122 583 4173 illico
600 4122 806 4186 intelligeremus
876 4128 916 4177 ιι.
940 4126 981 4176 73,
1014 4125 1248 4191 Vannio-sapim]
1275 4126 1370 4190 Diphi-

284 4190 366 4241 verha
383 4207 408 4243 v.
425 4196 466 4245 73.
485 4197 579 4247 lutecia
594 4198 712 4247 mmntris
730 4198 808 4247 Terra
843 4198 885 4249 lus
896 4212 938 4263 ap.
951 4200 1048 4249 Athen.
1061 4201 1087 4261 6,
1099 4214 1126 4264 p.
1139 4200 1188 4251 ιιι
1203 4212 1234 4249 a:
1252 4197 1371 4265 Λητοῦς

294 4466 340 4587 s

310 4718 327 4747 Ι
