2934 4884
518 375 578 425 us.
597 375 616 424 i.
652 375 681 424 C.
701 373 753 426 xii.

295 543 371 608 Sive
392 539 557 606 subiectos
579 541 720 608 Orientis
743 559 820 606 orac

422 663 520 728 Seras
541 634 575 728 et
595 662 708 738 ludos,

295 823 339 888 Te
361 821 466 888 minor
486 819 585 886 latum
607 830 697 908 regat
718 841 844 910 aequus
867 820 995 901 orbem,

296 945 342 1008 Tu
364 943 453 1030 gravi
474 961 573 1008 curru
596 923 723 1030 quites
746 941 938 1031 Olympum,

293 1065 341 1129 'l'u
362 1085 477 1152 parum
498 1063 595 1131 castis
618 1063 746 1131 inimica
769 1063 873 1132 mittes

422 1185 566 1252 Fulmina
587 1185 679 1252 lucis.
1167 1193 1209 1256 iii)

188 1351 229 1399 55.
254 1361 308 1397 ons
322 1343 454 1398 Aldus-
466 1347 507 1396 oo.
525 1347 621 1397 &erus
636 1347 692 1412 (sic)
710 1349 740 1398 T.
752 1373 780 1384 -
789 1347 830 1399 57.
849 1349 928 1398 loiron
944 1348 1054 1412 osset,
1073 1351 1173 1402 Bentlz

157 1425 253 1475 benna
267 1425 318 1483 HT,
336 1438 410 1483 αχω,
429 1436 469 1487 pr.
488 1438 513 1483 s,
531 1439 543 1473 ι
559 1435 608 1486 pro
624 1436 680 1472 var.
699 1421 774 1484 lect,
798 1424 864 1474 Pott.
887 1426 954 1484 tres,
975 1424 1041 1476 FHJ.
1063 1453 1090 1463 -
1108 1432 1177 1491 repet

157 1499 302 1559 abnues,
317 1497 414 1548 Bentl:
432 1499 598 1562 repotS,l·“H.
613 1498 674 1560 (nou
684 1496 718 1560 J.)
733 1525 761 1533 —
779 1511 872 1560 aequos
888 1499 995 1562 andqua
1006 1501 1174 1564 scripturali.

125 1640 235 1700 mais
250 1637 356 1688 arbores
370 1639 438 1687 socii
447 1637 498 1686 tect
507 1637 654 1687 Deoellioo
688 1648 766 1688 mam
781 1649 874 1688 swern
891 1638 1042 1689 Innocentio
1054 1639 1096 1690 111.
1115 1641 1211 1693 inscri-

126 1719 235 1763 ottoctoe
251 1713 653 1773 ordonat--eiurroicotuo
687 1709 769 1762 bens:
794 1713 851 1762 Non
873 1714 932 1764 ἀοω
953 1727 978 1764 es
998 1715 1144 1778 minino,
1168 1718 1211 1768 sed

126 1786 654 1838 mmmmmomaeiiiourmoie
687 1792 775 1837 mar
801 1801 838 1850 es,
866 1789 932 1838 ista
958 1793 1105 1853 munao,
1133 1793 1211 1854 om

124 1863 199 1912 nou.
227 1889 257 1897 —
282 1861 387 1925 Operae
411 1861 528 1924 pretium
552 1863 594 1911 est
614 1860 653 1910 vi·
687 1863 747 1912 (Ιοιω
771 1863 844 1926 clepit
864 1863 965 1912 moiun
1006 1865 1138 1916 &daliter
1162 1867 1212 1930 epit

125 1937 197 1997 dere,
216 1935 355 2000 quomodo
367 1933 481 1986 similem
491 1936 651 1987 sententiam
688 1938 776 1987 Tmen
789 1939 901 2000 portitat
916 1939 1044 1988 memdsan.
1069 1939 1122 1990 stoi
1132 1941 1212 1992 noluit

124 2012 289 2075 expresserit
316 2009 422 2060 mediae
450 2011 544 2070 aeuus
572 2012 650 2074 poeta
686 2025 752 2062 enos
778 2013 881 2076 Onmim
905 2015 947 2063 sed
967 2015 1046 2064 votuit
1064 2014 1108 2064 tilii
1129 2020 1211 2066 terroe

124 2085 254 2136 Gallridus
293 2085 328 2135 de
351 2083 492 2135 -Winerali
524 2085 651 2135 Potitios
685 2092 710 2137 et
724 2087 771 2137 sibi
787 2088 890 2137 casim

487 2648 848 2707 EXCUBSUS

591 2817 677 2868 llnC.
695 2817 748 2868 llll.

187 2986 354 3049 ingeniosius
375 2998 458 3050 mam
474 2985 563 3036 verius
581 2984 686 3036 Liibkar
703 2985 825 3035 arbitrari
842 2986 907 3038 mihi
929 2985 1047 3049 videtur,
1072 2987 1209 3040 Horatium

122 3071 316 3134 antiquissimis
338 3067 387 3120 illis
402 3070 582 3120 aomanomm
606 3069 721 3119 Canticis
738 3068 910 3133 popularibus
931 3083 995 3120 suaa
1013 3073 1091 3121 aelati
1109 3085 1208 3123 convo-

122 3155 239 3204 nientius
256 3155 309 3204 hoc
325 3165 435 3203 carmon
450 3151 613 3203 substituere
629 3150 754 3203 voluisse.
781 3154 885 3204 Etenim
896 3154 974 3204 nimis
992 3152 1033 3204 illa
1045 3153 1210 3207 abhorrebat

121 3253 137 3286 a
155 3242 212 3289 toto
235 3238 333 3287 torridi
353 3237 422 3286 iiiito
443 3237 559 3286 Semi
579 3249 791 3300 eorumgenere,
817 3238 845 3286 et
861 3237 933 3286 omni
950 3250 1013 3287 cum
1029 3239 1115 3301 prisca
1134 3241 1208 3302 poesi

122 3324 214 3372 latina
232 3319 410 3372 aemulatione
427 3323 580 3372 constanter
596 3333 657 3371 sese
674 3308 808 3370 abstinuit.
843 3321 928 3383 Atque
947 3333 1010 3370 sano
1031 3333 1085 3370 mos
1102 3320 1143 3370 ille
1157 3335 1209 3384 po-

121 3413 190 3456 inan
207 3405 365 3455 iamdudum
381 3403 558 3465 obsoleverat,
578 3417 665 3467 nequa
679 3417 742 3454 eum
760 3415 888 3452 renovare
906 3402 1053 3466 quidquam
1070 3403 1206 3456 attinebat.

122 3491 212 3550 Adde,
238 3488 311 3554 qnod
334 3502 367 3538 ex
388 3490 476 3538 nativa
499 3501 531 3538 uc
553 3501 637 3552 prope
660 3489 813 3538 necessaria
836 3483 971 3550 popularis
996 3487 1084 3550 possis
1109 3487 1206 3551 indole,

122 3573 233 3638 qualem
255 3585 317 3622 eam
338 3574 462 3622 novimus
485 3586 501 3622 e
518 3575 680 3622 Graecorum
698 3570 803 3632 Scoliis,
828 3584 860 3620 ex
883 3570 1001 3620 Arabum
1019 3572 1148 3634 Hamasu,
1175 3589 1207 3624 ex

121 3658 234 3709 canticis
250 3656 406 3722 (Herronesi)
423 3656 614 3719 Hispanorum,
632 3655 788 3719 Anglorum,
813 3653 957 3714 Gallorum,
980 3656 1128 3719 Bonorum,
1151 3656 1207 3707 Sla-

121 3753 235 3800 vorum,
254 3741 469 3804 Neogmecorum
485 3740 625 3791 manifesto
642 3740 754 3804 apparet
772 3737 901 3788 eiusmodi
918 3735 1073 3811 τραγούδια
1089 3740 1207 3805 singulo-

121 3840 182 3876 rum
200 3825 315 3874 heromu
332 3823 440 3887 siugulis
457 3824 513 3874 lere
529 3822 690 3874 facinoribus
706 3823 818 3874 variisve
836 3824 904 3874 vitae
916 3823 1022 3875 casibus
1039 3823 1081 3874 vel
1098 3824 1206 3889 praedi-

121 3910 217 3960 eandm
237 3909 281 3959 vel
298 3909 468 3974 deplorandis
485 3909 614 3959 destinata
632 3921 705 3968 esse,
730 3909 785 3958 sive
806 3910 1004 3976 praecesserint
1020 3910 1068 3959 has
1086 3907 1206 3973 epicoly-

121 3997 191 4045 ricus
214 3992 359 4044 cantilenas
381 3993 457 4056 epioe
479 3994 609 4052 carmina,
633 3995 663 4042 ut
684 3993 807 4055 antiquus
829 3991 870 4042 ille
888 3993 1065 4057 Hispanorum
1086 3993 1139 4043 Hio
1162 3993 1206 4042 Oid

122 4081 176 4141 Hop
193 4079 262 4128 Dios
278 4078 301 4126 el
317 4079 483 4139 Coaipeodor,
500 4079 555 4128 sive
573 4078 640 4127 haee
659 4075 714 4127 illas
736 4076 879 4128 subsecuta
898 4077 961 4138 sint,
983 4081 1014 4127 ut
1033 4078 1059 4126 in
1081 4075 1205 4147 Nibelun·

121 4163 199 4226 pade
220 4164 313 4212 nostra
335 4161 435 4211 tactum
457 4161 570 4211 videt-ur.
605 4162 746 4221 Quocirca,
772 4161 821 4210 nisi
844 4161 929 4210 omnis
952 4159 1070 4222 analogia
1093 4174 1202 4225 prorsus

122 4261 171 4298 nos
194 4245 271 4306 tellit,
296 4247 376 4295 etiam
399 4245 515 4295 cannino
539 4243 580 4295 illa
603 4247 694 4294 vetera
711 4245 903 4305 Romanorum,
923 4257 1036 4308 quorum
1055 4246 1201 4295 meminero
