2934 4884
652 379 782 430 llOliA‘l'll
801 379 968 430 carminuli

484 537 604 604 Furtim
624 533 757 616 labitur,
781 555 920 622 arguens

440 657 658 746 Quamlentis
679 660 807 746 penitus
827 677 973 725 macerer
994 657 1129 744 ignibus.

484 819 578 896 Uror,
601 838 662 886 seu
684 818 742 885 tihi
763 817 918 885 candidos

441 943 622 1028 Turparunt
642 938 795 1007 humeros
817 938 1009 1007 immodicae
1031 959 1121 1006 mero
1312 939 1353 1003 40

485 1063 600 1140 Rixae,
624 1063 693 1130 sive
715 1083 798 1150 puer
818 1061 927 1128 furens

439 1185 605 1272 Impressit
625 1205 804 1250 memorem
825 1184 922 1251 dente
945 1183 1043 1251 labris
1065 1193 1181 1250 notam.

481 1309 564 1384 Non,
587 1307 616 1372 si
638 1307 791 1373 mesatis
812 1305 943 1382 audias,

1117 1422 1134 1448 a

344 1498 383 1547 44).
401 1497 526 1547 modice
543 1496 599 1559 (eie)
617 1496 645 1546 Τ.
670 1523 697 1531 -
716 1495 756 1546 ⁴2.
775 1495 843 1556 iapr.
863 1495 891 1544 T.
913 1521 940 1530 -
959 1493 998 1545 43.
1016 1495 1103 1545 ονᾶίω
1119 1495 1147 1544 Τ.

272 1642 324 1709 teg
340 1644 372 1697 tt
392 1641 594 1718 μετετρωπᾶτο
610 1641 730 1733 παρειὰς
743 1637 794 1706 Ἐς
830 1645 859 1694 ln
877 1643 917 1693 his
941 1643 1066 1696 omnibns
1082 1647 1181 1707 quanto
1205 1644 1356 1695 vehemen-

195 1721 206 1748 l
270 1718 369 1785 χλόον,
386 1715 483 1772 ἄλλοί
500 1713 629 1793 ἔρευθος,
641 1718 795 1791 ακηδεὶῃσι
831 1717 912 1770 tiores
928 1718 1004 1769 nobis
1021 1720 1074 1769 sint
1089 1717 1179 1784 populi
1191 1719 1356 1770 meridiona-

269 1791 361 1847 νόοιο.
380 1798 796 1862 Servavimoneotproptercon-
830 1793 878 1854 les,
904 1805 1041 1856 nunquam
1065 1791 1276 1844 obliviscendum
1302 1795 1353 1844 est.

269 1884 379 1921 sensum
389 1871 473 1922 Codd.
483 1885 616 1932 meorum,
629 1884 793 1936 quamquam
830 1871 915 1932 Atque
933 1868 1011 1918 nimis
1027 1867 1147 1932 prolecto
1167 1867 1272 1918 delicati
1291 1870 1357 1918 sunt

268 1944 402 1997 Bentleius
426 1945 552 2007 adnotat,
581 1945 628 1996 ubi
652 1945 793 2008 singularia
830 1945 1003 2006 interpretes,
1033 1943 1078 2006 qui
1108 1941 1142 1992 de
1165 1942 1355 1993 verberatione

268 2018 323 2069 duo
348 2021 557 2082 coniungantur,
584 2033 646 2072 eum
668 2021 793 2071 utriusvis
830 2016 933 2082 puellae
949 2031 999 2068 nos
1015 2019 1131 2080 cogitare
1142 2020 1241 2068 vetant.
1257 2016 1353 2068 libuli.

269 2096 374 2144 numeri
395 2094 481 2144 verbo
498 2108 654 2158 congruere,
673 2095 719 2145 ubi
737 2094 793 2145 dis·
830 2095 853 2153 4,
873 2093 913 2152 40,
929 2093 975 2142 tt:
994 2091 1096 2156 (puella)
1113 2093 1166 2143 Flet
1181 2098 1279 2144 meror
1294 2093 1356 2142 utb-

268 2168 418 2232 iungantur,
431 2168 592 2232 singularem
603 2171 711 2234 requiri.
729 2171 794 2220 Pro-
828 2173 886 2218 tuso
901 2181 996 2231 genes:
1020 2169 1063 2218 rod
1085 2170 1167 2218 vietor
1191 2173 1214 2218 et
1232 2170 1285 2230 ipsa
1300 2169 1356 2219 Flet

269 2242 423 2294 dueu'onem
456 2244 566 2307 quidem
602 2245 692 2296 brevis
730 2243 790 2307 syll.
828 2243 874 2292 sibi
893 2243 1019 2293 'dammas
1043 2249 1096 2294 torn
1119 2243 1226 2294 virtuose
1252 2257 1353 2294 manau.

269 2317 374 2383 (nannet)
390 2320 417 2368 in
434 2333 546 2369 caesura
562 2333 656 2370 versus
673 2319 793 2369 defendit
829 2319 949 2381 Propert.
976 2319 1001 2378 2,
1026 2319 1065 2378 445,
1092 2317 1138 2368 ts:
1175 2319 1241 2380 Quia
1265 2320 1353 2382 atem,

269 2391 317 2442 0d.
336 2393 360 2454 2,
380 2393 420 2455 43,
440 2395 484 2444 46;
506 2395 587 2444 Caeco
608 2395 677 2444 timet
691 2396 793 2444 aliunde
828 2394 849 2442 si
865 2407 905 2443 me
919 2395 1178 2457 emmerammo
1191 2396 1245 2457 iro,
1265 2396 1355 2446 Ostan-

268 2466 333 2528 [oto.
346 2494 373 2502 -
386 2467 636 2532 tomor--Fortiml
655 2472 790 2520 «secretae
828 2470 870 2518 der
885 2469 963 2518 motti
980 2469 1084 2518 Martio
1100 2469 1169 2519 laeso
1185 2474 1251 2520 tuae.

267 2538 446 2591 incrimine.-
461 2569 488 2577 —
507 2543 624 2607 meum]
641 2541 790 2606 Asclepiad.
861 2543 965 2594 40-43.
996 2544 1147 2610 Torpuerant]
1165 2543 1276 2596 maculis
1292 2543 1355 2596 iivi-

268 2613 296 2663 in
321 2615 398 2665 anth.
428 2614 481 2665 Pal.
506 2617 537 2666 ll.
567 2630 593 2680 p.
622 2613 687 2668 tea:
723 2616 793 2689 ἐρᾷν
829 2617 878 2678 dis,
898 2631 930 2666 ex
945 2617 1104 2668 verberibus
1119 2619 1192 2669 ortis.
1213 2647 1241 2656 -
1261 2621 1355 2671 lomo-

266 2683 442 2771 ἀρνεύμενον
459 2685 530 2756 ἡμῖν
547 2685 655 2757 ἧταοεν
673 2689 705 2743 ἐν
721 2691 792 2743 νεολ-
828 2693 898 2741 diem
918 2705 988 2741 mero
1010 2693 1099 2757 liieoe]
1124 2707 1189 2757 «per
1209 2692 1354 2756 largiorem

266 2759 302 2834 λῃ
319 2759 485 2836 Νικαγόρην
502 2762 652 2836 προπόσει.
828 2767 1053 2829 compotationem
1069 2769 1202 2818 intervos
1222 2769 1353 2820 excitatae

299 2837 324 2887 8.
342 2839 420 2904 tertis]
440 2853 505 2904 «per
516 2840 671 2894 diuturnum
683 2845 791 2907 tempus
828 2843 855 2891 et
879 2841 948 2891 ultra
971 2842 1082 2892 modurn
1105 2855 1294 2906 progressae.»
1323 2873 1351 2881 .-

268 2909 371 2962 oeeulte
384 2927 428 2964 me
437 2915 683 2968 consumentibus.»
696 2917 789 2970 Tibull.
826 2917 967 2982 mmm]
995 2917 1045 2977 ita,
1064 2919 1094 2966 ut
1110 2916 1352 2969 morsiuneuiamm

268 2985 292 3046 4,
311 2984 335 3047 4,
354 2987 401 3038 8i:
424 2989 480 3040 Heu
494 2991 542 3041 teu
558 3006 633 3054 quom
651 2993 715 3043 lento
730 2997 791 3046 lla-
828 2993 906 3041 notae
923 2992 1070 3055 impressae
1087 2993 1221 3042 maneant.
1248 2991 1304 3042 Tib.
1325 2994 1350 3053 4,

265 3061 355 3112 rotare
371 3075 411 3113 ma
426 3069 525 3126 torquet
540 3070 642 3118 amore!
664 3069 738 3120 Ouid.
758 3073 787 3122 Α,
827 3069 851 3128 6,
871 3065 918 3116 44;
945 3065 1021 3128 livor,
1049 3067 1126 3128 Quem
1149 3067 1212 3130 feeit
1232 3067 1353 3129 impresso

266 3136 297 3185 A.
317 3136 341 3197 3,
360 3137 423 3188 4473ι
446 3141 599 3203 lautomiae
615 3143 687 3194 tentis
701 3151 791 3196 water
825 3146 915 3190 mooun
938 3142 1009 3190 mete
1035 3142 1121 3190 Venio.
1159 3139 1232 3190 Ovid.
1258 3144 1350 3192 Amor.

265 3215 294 3260 ot
310 3211 414 3262 humido
429 3217 512 3264 taeda.
533 3243 560 3252 -
584 3219 704 3284 macerer]
723 3224 791 3270 Pro·
827 3218 850 3276 4,
877 3215 901 3278 8,
929 3215 975 3266 98:
1003 3215 1131 3278 Factaque
1154 3215 1253 3265 lascivis
1273 3216 1353 3266 liuida

266 3285 660 3356 prielinumequamaoerotor,
673 3295 708 3344 ita
717 3293 790 3346 mol·
825 3291 891 3339 colla
914 3291 986 3338 nolit·
1009 3315 1036 3326 -
1063 3290 1120 3340 Non
1136 3317 1151 3328 -
1166 3291 1296 3356 ·81³0re⁸]
1322 3294 1352 3342 ut

266 3360 376 3425 litur,ut
390 3361 441 3414 tela
457 3365 581 3418 cellulosa
598 3369 790 3432 putrefactafl·
826 3365 878 3413 Sal·
902 3364 927 3422 2·
951 3365 975 3424 5,
1004 3364 1049 3413 9⁴²
1085 3365 1142 3414 ΝΜ
1168 3365 1245 3414 ellam
1269 3365 1349 3415 &10⁰⁸-

266 3435 340 3487 latim
356 3437 423 3488 solvi
439 3439 514 3491 facile
535 3444 628 3506 possit.
663 3443 730 3495 ilino
753 3445 790 3496 si·
826 3439 892 3503 Epp-
910 3439 933 3498 ⁴.
951 3438 991 3499 ⁴8,
1009 3440 1056 3488 7²²
1086 3440 1143 3488 Not
1167 3441 1262 3489 ⁰2¹⁶an
1281 3445 1352 3490 tvvm

266 3511 373 3573 gnificat
383 3525 533 3566 consumere.
560 3519 703 3581 Utramque
712 3520 792 3582 signi-
824 3515 894 3563 lectt
917 3513 1017 3562 ulem!-
1052 3513 1082 3562 A·
1102 3515 1130 3563 P·
1148 3513 1211 3564 46οῑ
1238 3515 1295 3564 Non
1320 3517 1352 3566 tlt

266 3584 418 3636 ficationem
433 3593 626 3642 conservarunt
640 3592 705 3643 itali.
736 3594 788 3645 Cir.
826 3590 870 3651 qul
886 3589 971 3638 tollore
987 3592 1064 3638 044404·

266 3657 349 3708 Plaut.
369 3660 428 3710 Cas.
447 3663 472 3722 2,
488 3664 513 3724 8,
529 3664 558 3713 9:
576 3667 679 3718 iumen
693 3682 734 3718 me
750 3669 791 3718 at.
860 3662 899 3712 il.
923 3663 962 3712 tt.
983 3663 1141 3728 perpassum]
1167 3665 1351 3716 «constantem

217 3779 223 3790 ,
266 3737 304 3781 ter
320 3733 430 3796 enatat,
449 3737 514 3786 atter
529 3747 649 3791 macerae
827 3749 858 3786 ac
876 3737 959 3786 fidum
976 3739 1151 3789 amatorem.»
1163 3765 1190 3773 -
1200 3739 1286 3789 orento
1301 3753 1351 3804 pro

299 3807 324 3857 9.
351 3807 423 3873 Uror]
449 3811 507 3860 Non
524 3812 667 3874 signifieat:
686 3814 791 3867 «Doleo
826 3809 928 3862 labellis
945 3813 1018 3875 ipsis,
1038 3811 1134 3875 quihus
1149 3815 1178 3862 tu
1191 3826 1254 3863 eum
1271 3827 1352 3865 oseu-

265 3884 291 3932 te
309 3879 378 3931 male
396 3883 538 3935 mulcatum
549 3899 565 3934 a
577 3884 724 3951 Telephon·
742 3891 791 3941 sed
827 3889 896 3940 iaris.
915 3886 1008 3940 Catull.
1027 3887 1067 3948 99,
1086 3889 1116 3938 2:
1138 3888 1268 3938 Sooiolmn
1285 3891 1351 3939 dotet

267 3955 440 4026 «ζηλοτυπίᾳ
452 3961 681 4011 excruciorcertis
693 3975 726 4011 aa
742 3977 792 4013 no·
827 3965 923 4015 ανὶοᾰνο
942 3963 1075 4012 aotbroaio.

266 4033 300 4082 tis
317 4033 532 4084 animadvertens
548 4037 575 4084 te
589 4036 652 4098 post
668 4035 753 4085 rixam
765 4037 790 4086 in
861 4041 901 4089 45.
921 4037 960 4087 46.
990 4038 1063 4087 Duae
1092 4038 1261 4101 potissimum
1290 4041 1351 4088 sunt

267 4107 324 4156 eius
341 4110 472 4170 potestate
492 4108 608 4167 fuissem
633 4121 695 4159 narn
719 4111 792 4160 eius·
828 4113 905 4162 huius
926 4111 977 4162 loei
1000 4112 1248 4176 interpretationes,
1283 4114 1349 4162 inter

266 4180 340 4231 modi
373 4183 443 4233 rixas
481 4181 638 4248 pierumque
672 4185 793 4248 sequitur
828 4199 894 4249 quas
911 4187 1039 4237 fluctuare
1054 4187 1199 4250 possimus:
1220 4188 1242 4250 4)
1261 4189 1348 4248 «Quae

266 4256 405 4319 ampiexus
430 4261 458 4308 et
478 4259 578 4322 gratiae
603 4257 789 4311 reconciliatio.
827 4262 897 4310 savia
910 4261 999 4313 Venus
1011 4260 1107 4313 mellita
1121 4261 1233 4312 reddit.»
1247 4263 1297 4312 Pro
1308 4263 1348 4312 his
