2934 4884
640 347 769 397 ΗΟΒΑΤΙΙ
787 345 956 398 ciamuuu

432 506 551 568 Virtute
576 523 627 568 me
651 501 779 566 involvo
802 501 1002 587 probamque

475 623 667 712 Pauperiem
690 623 761 689 sine
784 621 859 688 dote
881 642 1014 707 quaero.

388 787 457 850 Non
480 793 529 850 est
551 803 674 858 meum,
699 782 725 846 si
749 782 870 867 mugiat
890 779 1004 844 Africis

392 905 492 972 Malus
515 902 681 992 procellis,
706 902 747 968 ad
770 902 906 968 miseras
929 920 1045 987 preces

431 1029 612 1092 Decurrere
635 1034 668 1091 et
690 1024 772 1089 votis
794 1022 929 1111 pacisci,

474 1150 519 1213 Ne
543 1147 682 1235 Cypriae
705 1145 888 1233 Tyriaeque
910 1163 1036 1210 meroes

329 1295 369 1359 oo.
389 1309 527 1370 Syriaeque
545 1321 567 1356 e.
589 1308 650 1368 (nou
668 1304 745 1366 BbS.)

265 1451 330 1513 Epp.
351 1450 378 1509 4,
392 1448 422 1508 7,
437 1447 482 1497 at:
509 1442 790 1510 Hueeqosieompei-
861 1443 902 1491 57
921 1441 961 1491 448.
993 1441 1240 1528 Ν44444444444444444
1227 1455 1298 1491 «nou
1317 1447 1355 1491 444

264 1522 442 1586 arimatia,
469 1525 560 1570 44444444
582 1521 739 1582 ratpero«
727 1517 790 1565 4-444
828 1529 905 1566 meae
919 1515 1246 1580 indolismeiquemoris3
1266 1529 1283 1564 a
1296 1530 1355 1566 mea

264 1599 366 1660 siqaare
390 1595 491 1658 antiqui
514 1607 564 1656 pro
587 1593 723 1642 rescribere
741 1603 790 1654 po·
828 1591 954 1653 dignitate
967 1589 1121 1639 abhorret.
1150 1588 1224 1639 Plato
1235 1589 1353 1640 44444444.

265 1669 378 1729 nebant,
403 1669 432 1716 ut
455 1667 543 1716 adhuc
560 1665 705 1728 4444434444
722 1663 791 1713 dici·
828 1664 976 1729 proeli:
1004 1657 1081 1730 oriy
1063 1659 1119 1734 γάρ
1139 1662 1201 1714 ἐστι
1217 1661 1356 1715 τοιοῦτον

265 1755 325 1796 mus
344 1753 394 1804 pro
412 1739 588 1789 4444444444
615 1740 717 1788 Fusrus.
746 1739 791 1786 444
826 1735 901 1788 τὸ
886 1734 967 1803 εμόν.
1003 1736 1086 1787 Piaut.
1114 1739 1186 1788 Asin.
1216 1740 1242 1796 4,
1264 1739 1295 1798 3,
1314 1739 1354 1788 88

264 1815 370 1866 ididem
386 1817 477 1864 autem
495 1817 536 1864 444
552 1813 682 1876 seriptum
707 1811 791 1861 debiti
828 1814 879 1863 444.
902 1814 958 1862 Noe
974 1825 1058 1861 44444444
1073 1817 1117 1862 ert.
1137 1813 1186 1862 CL.
1204 1812 1258 1861 Nee
1274 1825 1357 1862 44444444

264 1889 393 1948 liberare,
412 1887 534 1938 debitum
546 1885 650 1938 solvere
662 1899 712 1949 per
723 1885 789 1936 seri·
828 1888 927 1947 4444444444
951 1886 1044 1947 edqiot.
1083 1885 1143 1935 Tac.
1168 1887 1236 1935 Ann.
1263 1887 1298 1945 44,
1322 1887 1354 1936 8;

264 1966 372 2030 piuram
397 1963 557 2026 (4444444444
581 1961 631 2024 noi
653 1962 723 2010 4444444
746 1975 792 2010 44-
828 1975 879 2009 oon
903 1965 939 2009 est
961 1965 1077 2010 4444444444
1093 1986 1107 1996 -
1123 1986 1139 1996 -
1155 1961 1300 2010 eminuere.
1329 1988 1355 1996 -

266 2037 347 2101 444444).
368 2038 488 2087 incertus
501 2035 572 2100 apud
584 2035 651 2086 Plut
665 2036 699 2084 de
711 2037 793 2086 44444-
827 2034 980 2097 4444344444
968 2033 1114 2094 «strideat,
1141 2034 1278 2098 fragorem
1296 2035 1358 2084 edat

266 2109 337 2175 quill.
351 2109 446 2160 Veii.
469 2122 496 2173 p
516 2111 573 2160 855.
593 2111 630 2160 R:
654 2104 720 2160 Ἡδι)
738 2109 792 2173 μὲν
829 2109 863 2158 ab
888 2108 977 2159 Africo
1001 2107 1128 2158 4444444.»
1153 2108 1246 2167 0444
1267 2108 1313 2168 44,
1331 2111 1355 2158 5

266 2178 346 2234 ἄντι
363 2185 471 2255 φέρῃς,
490 2176 731 2249 ὀλίγονδ’ἅχος,
756 2178 792 2248 ἢν
828 2183 973 2233 44444444·-
958 2183 1172 2244 -Antertaoeqae
1192 2188 1354 2246 344444444-

266 2253 432 2330 ἀπολείπῃς.
467 2259 569 2309 Seneca
586 2258 620 2308 de
637 2259 733 2322 Tranq.
747 2259 791 2307 ii:
828 2256 973 2320 4444444444
960 2255 1103 2315 «humiles,
1131 2270 1200 2319 quae
1227 2255 1356 2307 dedecori

267 2337 471 2398 Quondoamque
493 2339 578 2383 44444444
602 2334 705 2383 reddere
727 2333 794 2382 iube-
830 2333 893 2381 sunt
909 2329 958 2391 4444,
977 2332 1022 2393 qui
1040 2331 1079 2380 eis
1096 2333 1206 2380 utitur

267 2411 352 2468 444444,
379 2423 430 2458 ooo
455 2408 790 2469 piaememoriae,
862 2407 963 2456 4964.
984 2405 1353 2468 Βο44444444444443.4444.8

268 2485 311 2534 sed
327 2484 403 2542 dicet,
431 2482 522 2543 Quie'
514 2494 635 2543 44444444,
653 2483 712 2530 redo
728 2495 793 2544 qro-
830 2483 895 2532 iae:
934 2493 1020 2541 preces
1040 2481 1213 2529 descendere
1203 2495 1232 2528 444
1252 2495 1355 2539 munes,

267 2557 463 2616 tristitiamque.
502 2555 615 2617 Siquid
639 2556 730 2604 44444444
755 2569 794 2604 rire
811 2535 814 2606 i
830 2555 903 2618 quod
921 2553 1086 2616 frequentius
1104 2556 1203 2603 444-
1226 2556 1295 2604 votis
1306 2569 1357 2617 po·

268 2633 305 2682 4444
320 2633 445 2691 volueris,
464 2631 607 2679 etiorrmooe
623 2630 744 2680 romabo:
770 2632 791 2678 44
830 2628 952 2691 cimil«
940 2629 1143 2680 «mercatorum
1174 2641 1252 2679 more
1289 2632 1357 2679 votis

267 2705 445 2767 aiiadpioeet,
463 2717 508 2767 eqo
524 2717 583 2753 oero
598 2704 726 2766 44444444·
706 2717 794 2765 443444-
831 2703 979 2764 transigere
1000 2714 1062 2751 cum
1079 2701 1136 2761 dis,
1165 2715 1200 2752 ne
1218 2703 1357 2788 naufragio

267 2785 367 2842 torique
378 2782 524 2842 arpentum
543 2778 645 2826 dommo
653 2778 794 2839 [4444444444-
831 2777 901 2828 iacto
927 2777 1059 2840 pretiosae
1090 2788 1196 2826 merces
1228 2778 1256 2827 in
1291 2779 1357 2828 mari

268 2867 315 2916 que
331 2865 414 2920 44444444
429 2852 518 2912 reddo,
539 2852 651 2900 restituo.
830 2853 972 2916 pereant3
997 2849 1023 2899 id
1046 2849 1119 2911 quod
1137 2851 1244 2913 poetice
1268 2855 1359 2916 expri-

300 2928 340 2976 55.
357 2925 644 2989 414444444444444444444
633 2923 795 2990 4444444444-
831 2928 880 2977 mit
894 2925 1050 2976 revocatis
1043 2938 1069 2974 in
1088 2927 1206 2976 mentem
1223 2926 1359 2977 thesauris

269 3001 319 3060 iio;
345 3003 449 3050 eertum
467 2999 631 3063 praesidium
650 3013 710 3050 eam
728 3002 793 3050 mihi
831 3001 1041 3064 inperpetuum
1065 2999 1206 3050 demersis.
1253 3001 1359 3050 Seneca

269 3087 361 3138 paro.»
389 3072 462 3124 Plato
474 3074 508 3124 de
521 3076 628 3139 nepe,
648 3089 673 3139 p.
687 3075 793 3126 45444.
831 3076 950 3135 Quaestt.
975 3075 1028 3123 unt.
1052 3071 1081 3132 4,
1100 3074 1133 3123 7:
1161 3074 1264 3136 4444444444
1285 3089 1359 3137 posse

269 3151 332 3210 ταῖς
341 3146 398 3196 τῶν
413 3143 552 3210 φυλάκων
565 3145 704 3215 γυναιξίν,
718 3147 794 3198 ἐπεί-
828 3150 902 3213 fleri,
928 3153 957 3197 444
979 3161 1037 3196 eum
1052 3148 1177 3209 qrondine
1195 3147 1292 3209 44434444
1306 3163 1359 3212 pn-

269 3235 321 3292 rep
341 3215 446 3292 ἀρετὴν
463 3215 528 3272 cirri
547 3223 668 3288 ἱματίων
686 3216 794 3287 ἀμφιέ-
830 3224 940 3274 444444444
963 3227 988 3271 44
1019 3226 1172 3283 compertam
1202 3225 1360 3273 manumetis

269 3293 447 3346 σονταικτλ.
483 3298 538 3348 Cie.
556 3297 676 3350 adFam.
694 3297 724 3358 9,
742 3299 791 3347 944ε
829 3299 946 3348 4444444444.
968 3325 995 3332 -
1023 3296 1171 3360 Tyriaeque]
1197 3295 1231 3346 al.
1254 3299 1359 3359 8444444

270 3371 359 3420 litteris
374 3383 413 3420 me
428 3372 535 3420 44444444.
572 3371 668 3421 Athen.
688 3372 711 3419 7.
731 3383 792 3434 pag.
831 3386 886 3435 que.
922 3373 991 3421 Sane
1015 3385 1030 3420 4
1055 3369 1169 3421 librariis
1188 3371 1279 3422 notius
1297 3386 1356 3423 voe.

269 3445 326 3494 984
345 3444 379 3494 de
398 3445 525 3506 Dionysio
543 3443 718 3506 Heracleote,
749 3447 793 3508 qui
831 3446 1007 3498 substitutum
1023 3447 1066 3494 est
1081 3445 1185 3494 rariori.

270 3531 302 3566 ex
319 3519 398 3568 stoa'
392 3533 417 3568 in
431 3519 535 3582 Epicuri
547 3518 638 3568 hortos
651 3519 791 3581 migrarat
864 3521 905 3570 64.
932 3521 973 3569 69.
1000 3519 1090 3583 444444]
1122 3519 1171 3568 ed.
1191 3520 1222 3579 4,
1241 3520 1289 3580 98,
1309 3521 1356 3571 ⁴8:

270 3585 303 3654 ὃς
320 3585 577 3676 ἅντικρυςάποδὺς
592 3587 643 3640 τὸν
660 3589 713 3656 τῆς
730 3586 795 3662 ἀρε·
831 3595 934 3644 aeidum
948 3606 1076 3643 444444-
1100 3592 1166 3642 Turre
1182 3594 1277 3657 recepi
1296 3606 1359 3657 par-

270 3663 436 3732 τῆςχιτῶνα
444 3659 550 3716 ἀνθινὰ
557 3663 792 3731 μετημφιάσατο
831 3669 880 3718 tim
901 3669 1012 3730 propter
1033 3667 1220 3729 gravissimam
1237 3671 1359 3718 auc-tori·

302 3743 343 3792 56.
371 3743 423 3790 44444
448 3734 515 3804 dote]
545 3742 615 3804 Opes
644 3743 792 3804 4434444444,
831 3743 914 3791 tatem
932 3739 1016 3790 Codd
1034 3739 1102 3799 eh..
1130 3741 1228 3804 partim
1246 3746 1359 3805 propter

270 3814 368 3879 quibus
386 3816 500 3865 Fortuna
517 3812 599 3863 veluti
616 3814 690 3864 dotet
715 3829 792 3876 eum,
832 3816 964 3878 4443444444
974 3827 1071 3864 sonum
1085 3779 1171 3864 444444-
1155 3819 1281 3872 -444444444;
1302 3817 1359 3878 (Sa-

271 3889 404 3940 cuiiavet.
431 3890 520 3951 imago
538 3889 628 3937 autem
645 3888 679 3938 ab
698 3903 730 3938 eo
743 3889 794 3938 du·
831 3889 952 3938 nadonus
976 3886 1099 3937 volebat:
1126 3889 1196 3938 4444444
1211 3915 1253 3927 --
1268 3889 1359 3952 feet.)

271 3963 352 4022 citur,
391 3962 462 4026 quod
492 3963 620 4024 virginem
649 3962 794 4013 indotatam
832 3964 911 4011 «tunc
928 3962 1019 4024 igitur,
1049 3961 1149 4021 idest,
1177 3960 1220 4011 tali
1239 3963 1268 4014 in
1285 3964 1358 4027 peri-

271 4036 321 4086 sibi
344 4037 417 4100 4444344
435 4038 577 4088 honestam
597 4041 792 4101 paupertatem.
831 4034 907 4094 culo,
938 4035 1003 4084 dum
1027 4034 1071 4084 4444
1095 4037 1130 4086 ad
1154 4038 1216 4085 vota
1238 4035 1357 4087 deseen-

272 4112 376 4160 Petrou.
394 4110 441 4161 84;
472 4113 551 4162 toque
566 4112 655 4161 meritis
671 4125 743 4160 soror
758 4115 795 4160 est
830 4109 922 4159 dunt.»
939 4107 1003 4159 Piin.
1017 4109 1047 4159 44.
1061 4111 1190 4170 Ν.8,40;
1210 4111 1358 4174 4444444444-

269 4189 415 4244 paperem.
830 4185 918 4245 riparia
931 4189 1048 4234 4444444444
1067 4184 1136 4234 iotae
1154 4189 1203 4244 444,
1230 4197 1290 4235 eren
1305 4187 1356 4248 apsi
