2934 4884
475 333 534 382 Llll.
559 331 600 382 414.
636 331 664 380 C.
685 329 794 380 fflill.

240 491 286 554 Tu
311 508 409 556 curva
431 486 558 554 recines
580 485 651 575 lyra

281 610 435 675 Latonam
458 617 491 674 et
512 605 629 674 celeris
652 605 777 693 spicula
800 604 972 694 Cynthiae,

242 769 374 836 Summo
397 765 555 842 carmine,
579 784 664 852 quae
688 761 813 832 Cnidon

283 887 520 975 Fulgentesque
544 895 630 952 tenet
652 883 812 973 Cycladas
835 894 868 950 et
888 883 1021 972 Paphon

242 1009 361 1076 lunatis
382 1009 456 1074 visit
479 1005 640 1084 oloribus3
1163 1004 1203 1068 43

283 1129 415 1196 Dicetur
436 1128 550 1194 merita
571 1128 640 1193 Nox
663 1145 797 1214 quoque
820 1125 924 1192 nenia.

180 1309 221 1359 43.
240 1307 335 1359 aaron
352 1307 446 1368 34444,
463 1304 559 1366 Bentl,
579 1306 610 1355 F:
636 1303 733 1354 Gnidon
752 1302 864 1366 bsoptt.
886 1329 913 1341 -
933 1303 973 1356 44.
992 1305 1104 1366 moen·
1120 1301 1169 1365 lib,

146 1382 246 1450 γδκμν,
265 1380 408 1432 Bentleius.
434 1381 473 1442 (ut
490 1392 553 1440 nos,
573 1379 624 1440 Sc.)
1248 1385 1254 1396 ·

113 1593 220 1651 (Prosae
247 1589 373 1639 orationis
398 1588 516 1652 speciem
540 1583 642 1634 inducit
678 1590 706 1652 2,
721 1590 782 1642 ill:
803 1592 909 1654 (Venus)
933 1589 1086 1652 malonem
1106 1603 1207 1654 emerso

112 1663 223 1714 Bentleii
239 1663 386 1712 disbnclio:
410 1663 512 1712 &muto
529 1658 641 1708 culmine
677 1666 918 1728 superbientium,
931 1665 1205 1730 lomelcsorudrroro

111 1738 204 1787 Venti!
224 1737 335 1794 divelli&
359 1737 451 1786 mulla
470 1737 521 1784 cei·
553 1735 640 1796 4444114)
677 1741 765 1790 eiecit
781 1742 869 1791 olorcn
887 1740 1004 1800 idone,
1018 1740 1047 1801 4,
1065 1741 1111 1790 28:
1129 1741 1205 1790 mol-

111 1825 173 1862 cam
204 1811 314 1876 probari
344 1811 417 1860 vetat
442 1821 572 1860 versuum
598 1807 638 1857 45.
677 1815 814 1878 leropitat
828 1816 1109 1879 cenomannum.
1128 1815 1206 1867 Silius

111 1887 152 1936 46.
171 1889 229 1936 tota
247 1884 429 1946 constructio.)
450 1911 477 1920 -
496 1883 641 1933 corcome-
677 1889 706 1949 7,
720 1887 783 1940 lto:
802 1889 892 1939 mucia
907 1901 1012 1949 merus,
1030 1889 1204 1952 niveosapi-

110 1961 161 2022 net]
182 1961 236 2010 Clr.
257 1959 305 2010 Od.
325 1959 355 2019 4,
383 1958 428 2019 344,
453 1959 480 2007 l:
508 1957 639 2014 Ol'cour,
677 1962 1205 2025 sanaem..cffl⁰‚-.pwrp„

111 2037 204 2097 rapina
222 2034 295 2084 Cnidi
310 2033 445 2094 Papbique.
461 2057 489 2068 -
503 2027 639 2093 Fulatnietl
678 2049 787 2099 quoque
810 2035 940 2086 cantilena
958 2033 1151 2095 celebrabitur,
1177 2038 1206 2086 el

110 2111 216 2158 umor
232 2107 297 2158 dixit
313 2107 361 2157 od.
384 2108 411 2167 4,
435 2105 480 2166 44,
505 2105 544 2155 49.
567 2103 638 2164 Virg·
679 2109 790 2171 quidem
817 2108 908 2158 debita
933 2107 968 2157 ob
993 2107 1103 2170 gaudia,
1133 2121 1204 2172 quae

110 2186 177 2234 Aen.
195 2183 224 2242 3,
250 2183 306 2232 itt.
337 2181 416 2230 Paros
436 2180 547 2230 vocatur
567 2178 642 2227 obeo
677 2181 756 2232 nobis
772 2181 940 2247 praebebit.»
966 2181 1026 2229 Noa>
1041 2180 1068 2230 b.
1088 2180 1104 2230 Ι.
1123 2179 1206 2232 veluti

110 2259 225 2321 propter
253 2256 414 2314 marmoris,
449 2255 491 2304 cui
523 2251 641 2302 innititur
677 2254 742 2314 dea,
762 2267 831 2318 quae
849 2265 973 2303 amorum
989 2251 1106 2302 trucium
1120 2252 1207 2303 etilo·

110 2333 170 2382 eius
194 2329 295 2390 solum,
320 2327 492 2392 splendorem
513 2327 641 2388 navigan·
679 2331 723 2379 nat
735 2330 762 2378 et
773 2329 871 2378 luatur.
890 2328 932 2376 sic
943 2322 1057 2388 Νυκτὸς
1067 2329 1207 2390 μαντεῖον

111 2405 185 2456 tibus
199 2403 278 2467 longe
291 2403 474 2467 conspicuum.
490 2429 517 2438 -
530 2399 640 2463 Papltou]
680 2403 794 2466 Megaris
822 2403 887 2452 erat.
912 2402 1025 2451 Pausao.
1052 2401 1080 2462 4,
1107 2399 1153 2462 lo,
1178 2401 1203 2452 3.

109 2481 226 2541 raptum
237 2477 363 2542 praetulit
374 2475 516 2536 Bentleius,
530 2477 576 2526 «ul
587 2475 642 2524 evi·
677 2477 753 2526 0vid.
783 2477 852 2526 Fasl.
883 2476 911 2536 4,
940 2474 1005 2525 lcii:
1038 2475 1116 2524 Nocte
1142 2475 1204 2525 dece

110 2557 216 2603 teretur
233 2546 454 2617 ὁμοιοτέλευτον
469 2551 497 2600 iu
513 2549 641 2599 llnever-
676 2551 750 2601 Nocti
766 2551 884 2599 mirmur
900 2547 1014 2598 corditio·
1029 2548 1089 2598 cler.
1118 2547 1202 2611 (Conl.

110 2639 220 2685 suumn
239 2627 288 2676 sed
305 2625 441 2676 substituit
451 2625 581 2686 ingratam
592 2635 641 2672 vo·-
677 2625 759 2674 etiam
776 2623 824 2674 Orl.
843 2622 872 2684 3,
892 2622 938 2684 te,
957 2621 1008 2684 ill.)
1028 2647 1057 2658 -
1075 2621 1158 2672 Nouia
1174 2623 1202 2672 b.

109 2702 256 2753 mononem
274 2701 383 2760 Cnidon,
400 2699 520 2760 Poplnun.
676 2697 693 2749 l.
709 2701 783 2748 certe
794 2711 849 2748 nou
860 2696 894 2747 de
905 2693 1010 2758 lugubri
1023 2697 1157 2757 carmine,
1175 2700 1207 2746 ut

143 2778 188 2827 lli.
208 2775 249 2824 46.
276 2773 346 2836 nint]
366 2787 419 2823 «ex
436 2771 487 2822 alio
504 2785 558 2835 quo
581 2770 640 2821 loco
677 2772 727 2822 0d.
740 2775 765 2834 2,
780 2774 804 2832 4,
817 2771 857 2822 38.
871 2771 949 2831 elbo,
963 2771 1016 2828 2⁴4
1034 2769 1084 2820 sed
1095 2771 1202 2835 utEpp.

110 2851 162 2902 sibi
182 2848 280 2913 placito
296 2846 357 2898 illuc
374 2849 548 2906 revomens.»
570 2859 639 2909 quae
678 2847 705 2906 4,
733 2848 763 2906 4,
790 2847 840 2896 63:
866 2844 1142 2908 parronam-Nossa,
1168 2844 1204 2894 de

110 2926 229 2976 deorum
260 2925 389 2972 vocantur
421 2917 579 2986 ἐπιδημίω.
611 2947 638 2956 -
678 2919 809 2970 cantilena
830 2917 942 2982 simplici
968 2919 996 2968 et
1020 2917 1055 2967 nd
1077 2929 1204 2968 somnum

109 2999 233 3059 olor-ibus]
244 2997 292 3048 Od.
306 2995 334 3056 4,
354 2997 378 3056 4,
399 2997 437 3046 40.
457 2995 520 3044 stat.
535 2992 596 3043 stlv.
612 2995 638 3050 4,
679 2995 806 3044 invitante
824 2993 928 3042 dicitur.
