2934 4884
266 386 326 453 1θῖ
642 385 772 437 ttottAi'll
791 384 959 437 clamitent

264 547 474 597 commentum.»
492 545 559 594 lam
576 542 675 593 Galiani
692 537 749 593 ah'is
767 543 876 605 Cmquii
894 546 921 591 et
940 540 1072 591 Sanadoni
1090 541 1355 607 interpretationibus

264 630 383 680 breviter
399 626 517 679 refutatis
535 628 569 676 ita
586 627 684 691 pergit:
706 627 782 675 L'ode
797 640 828 675 ne
844 627 952 675 contient
968 628 1061 687 qn'ane
1076 627 1224 676 meditution
1235 628 1270 677 dn
1279 626 1356 688 poete

262 726 308 763 ιιιτ
323 714 350 762 to
366 713 473 762 decim
488 712 636 771 d'Arehytae
649 716 673 760 et
683 711 713 760 de
725 714 780 759 tous
790 710 824 758 te
834 711 930 772 munds
939 710 1060 769 tonnus,
1080 722 1140 759 avec
1150 723 1199 759 αιιι
1209 710 1355 759 invocationi

261 798 324 847 mita
334 798 398 846 datu
408 796 435 844 tc
444 795 537 844 boucha
545 794 693 855 d’Arohytae
701 796 790 853 mense,
802 798 826 843 et
836 806 885 842 une
893 791 979 855 peiere
989 806 1045 843 αιια
1052 798 1171 855 paeone
1180 794 1356 843 detuirendre

262 880 297 932 lea
318 881 430 929 domim
450 878 555 928 ἀιοοίιτ,
598 877 630 927 Ca
648 890 757 940 passage
773 876 838 925 nott
859 878 934 926 d'nne
952 888 1075 937 personne
1090 878 1108 927 d
1124 890 1173 925 ιιαι
1188 882 1313 927 nutem
1330 878 1354 925 si

260 964 377 1027 frequent
399 963 462 1011 dans
482 960 517 1011 les
535 961 633 1022 pones
653 960 763 1021 tyriques
785 959 814 1009 da
831 964 909 1009 tontes
925 960 960 1008 tes
976 960 1089 1019 nations,
1117 974 1165 1022 qtae
1181 973 1208 1009 ce
1224 961 1286 1009 n'cst
1299 974 1353 1022 pas

262 1048 289 1096 tc
301 1047 375 1109 peine
399 1047 456 1094 d'en
476 1045 543 1107 faire
565 1044 647 1105 t'ohjat
670 1044 745 1093 d’nne
766 1056 929 1105 ranaeque.»
956 1068 983 1079 -
1003 1044 1112 1093 Doctius
1129 1055 1194 1093 sane
1213 1042 1354 1107 multoque

262 1143 325 1181 cum
342 1129 465 1179 acumine
482 1128 517 1177 de
534 1128 586 1177 hoc
601 1129 759 1189 argumento
771 1126 914 1189 disputavit
925 1126 1094 1189 llottingerus
1106 1126 1132 1175 in
1144 1128 1354 1188 programmatis

262 1214 364 1264 lurica.
391 1226 416 1262 a.
443 1212 563 1261 eleuet
586 1211 658 1260 ⁴789.
684 1210 804 1274 repetitis
829 1210 856 1259 in
883 1211 940 1260 elus
965 1210 1078 1273 Opuscc.
1102 1208 1165 1273 phil.
1185 1210 1254 1273 Lips.
1275 1210 1352 1259 itti.

262 1296 345 1346 lluins
361 1292 565 1359 scriptiunculae
583 1294 689 1355 ignarus
706 1305 760 1343 non
778 1294 881 1342 minore
898 1293 1041 1355 sagacitate
1059 1293 1174 1343 eandem
1188 1293 1353 1344 sententiam

262 1379 384 1442 exposuit
399 1378 532 1429 Weiskius
549 1377 636 1425 iunior
653 1378 679 1425 in
697 1377 780 1426 lahnii
797 1375 888 1426 Annal.
901 1374 965 1439 phil.
979 1388 1001 1425 a.
1018 1376 1091 1426 4830.
1111 1376 1148 1425 Ex
1163 1376 1259 1425 harum
1272 1376 1354 1438 igitur

261 1463 393 1512 sententia
410 1464 598 1523 argumentum
615 1459 666 1509 hoc
684 1461 737 1509 est:
758 1459 851 1523 «Apud
867 1460 1002 1523 Archytae
1019 1462 1100 1509 tenue
1118 1457 1290 1522 sepulchrum
1308 1458 1353 1509 lo-

261 1558 348 1609 quens
365 1544 498 1593 inducitur
513 1542 609 1592 umbra
627 1543 742 1593 hominis
759 1542 894 1605 naufragio
912 1544 1042 1604 exstincti,
1061 1544 1106 1606 qui
1124 1542 1168 1593 lati
1185 1544 1227 1592 sui
1243 1541 1353 1592 acerbi-

261 1630 345 1677 tatem
368 1640 430 1677 cum
453 1625 530 1676 simili
548 1626 683 1688 Archytae
700 1629 788 1685 sorte,
815 1628 872 1676 tum
890 1625 1098 1677 clarissimorum
1116 1627 1255 1676 hominum
1272 1640 1353 1677 com-

260 1712 398 1776 paratione
415 1713 496 1773 etque
513 1710 636 1773 imposita
653 1708 763 1759 tandem
780 1708 905 1760 amnibus
923 1710 1083 1761 necessitate
1101 1707 1212 1768 solatur,
1232 1709 1352 1771 denique

261 1808 276 1844 a
294 1796 375 1844 nauta
387 1806 448 1842 eam
459 1806 535 1843 oram
547 1805 612 1842 casu
623 1792 846 1855 praetervehente
859 1795 979 1856 corporis
990 1794 1031 1843 sui
1043 1792 1145 1854 flagitat
1155 1790 1351 1855 sepulturam..

259 1876 379 1927 Eandem
396 1876 451 1925 lere
468 1876 715 1939 interpretationem
735 1874 867 1937 dialogum
885 1889 939 1926 non
954 1890 1016 1926 esse
1032 1889 1082 1925 nec
1098 1874 1276 1941 μονολογὶαν
1287 1888 1353 1939 pro-

259 1962 317 2023 prie
339 1960 450 2017 dicum.
478 1958 528 2009 sed
547 1961 644 2023 poetae
666 1960 749 2022 ipsius
770 1954 931 2023 φάντασμα
949 1958 1061 2009 adscivit
1077 1962 1188 2009 Lissen.
1224 1957 1353 2009 Similiter

258 2042 351 2107 Regel:
380 2042 531 2107 «Equidem
553 2043 619 2091 certi
641 2040 705 2092 nihil
728 2042 862 2093 affirmare
885 2044 984 2103 ausim,
1012 2043 1158 2093 admodum
1181 2045 1272 2093 tamen
1289 2044 1352 2093 veri

258 2126 344 2177 simile
361 2130 439 2191 puto,
458 2128 596 2177 Horatium
611 2124 774 2190 periculum,
794 2124 866 2190 quod
884 2126 934 2189 ipsi
951 2127 977 2175 in
995 2126 1088 2175 itinere
1106 2128 1238 2176 maritimo
1257 2128 1351 2177 immi-

258 2213 346 2261 nuerit
364 2210 419 2274 (cir.
437 2210 486 2259 0d.
505 2211 535 2269 3,
554 2208 584 2270 i,
603 2211 649 2259 27:
666 2222 706 2259 me
722 2212 820 2259 Detecto
836 2224 886 2259 non
903 2210 1024 2259 exstititit
1040 2209 1115 2259 arboe
1130 2210 1182 2259 Nec
1198 2210 1285 2260 Simia
1294 2212 1351 2261 Ρα-

256 2294 356 2344 tiniam
379 2294 480 2357 nndc.·)
504 2294 610 2358 poetico
636 2293 717 2343 modo
739 2306 883 2343 exornasse
907 2295 945 2354 et,
972 2295 1111 2356 tamquam
1134 2306 1163 2343 re
1185 2307 1249 2343 vera
1267 2294 1349 2345 uadis

256 2376 369 2427 obrutus
386 2377 478 2436 inerit,
505 2390 534 2427 se
553 2378 606 2426 iam
624 2377 776 2427 exanimem
795 2377 821 2425 in
838 2376 935 2427 iisdem
952 2375 1118 2439 regionibus,
1145 2376 1191 2427 ubi
1209 2378 1349 2440 quondam

257 2460 390 2522 Archytas
407 2458 575 2521 naufragium
592 2458 700 2520 lecerat,
720 2460 853 2510 iacentem
870 2459 986 2509 finxisse.
1006 2460 1067 2511 Utut
1082 2473 1127 2511 res
1144 2474 1173 2511 se
1191 2460 1285 2521 habet,
1309 2462 1349 2513 de

156 2550 161 2560 ·
256 2541 387 2604 colloquio
412 2542 486 2590 certe
502 2541 673 2603 cogitandum
690 2556 745 2591 non
761 2542 891 2592 videtur.»
926 2544 1000 2593 lianc
1017 2556 1082 2593 vero
1100 2545 1134 2594 de
1153 2546 1259 2595 Horatio
1277 2557 1350 2596 nau-

256 2625 329 2686 frago
347 2624 500 2687 opinionem
518 2624 553 2673 eh
575 2622 632 2674 aliis
654 2626 707 2675 iam
727 2627 892 2689 propositam
915 2626 1056 2691 displicere
1074 2627 1138 2677 mihi
1156 2628 1300 2692 significavi
1319 2628 1348 2679 in

256 2707 377 2757 Editione
393 2707 494 2769 prima,
518 2719 606 2769 nequo
624 2721 695 2757 nunc
712 2722 773 2758 eam
791 2707 915 2773 amplecti
932 2723 1055 2774 possum,
1077 2713 1169 2775 utpote
1186 2712 1348 2763 arcessitam

255 2792 336 2853 atque
362 2790 442 2839 nimis
467 2790 647 2840 artificiosam.
690 2791 803 2841 Editoris
826 2793 963 2844 Leidensis
989 2794 1080 2844 autem
1101 2794 1189 2857 opinio
1209 2794 1348 2857 Archytae

255 2873 338 2936 ipsius
355 2872 481 2922 umbram
498 2885 548 2936 per
565 2875 650 2923 totum
667 2887 778 2924 carmen
798 2874 884 2939 loqui,
907 2890 1024 2941 paucos,
1049 2878 1099 2928 nisi
1122 2877 1208 2939 iallor,
1227 2880 1349 2942 reperiet

255 2956 382 3006 lautores.
403 2956 477 3019 (Eam
494 2957 584 3006 temen
600 2956 798 3009 detendendam
810 2961 929 3025 suscepit
940 2961 1044 3010 Steiner
1055 2961 1148 3011 Οοιιιια.
1161 2962 1249 3011 Horat
1263 2963 1345 3025 Spec.

254 3041 288 3089 ll.
297 3051 324 3102 p.
336 3039 375 3088 ⁴3.
386 3038 458 3101 sqq.)
472 3040 598 3089 Ceterum
610 3041 706 3092 eadem
718 3042 875 3093 iamdudum
889 3042 974 3093 luerat
983 3045 1113 3096 sentent-ia
1123 3046 1169 3095 Ge.
1180 3044 1300 3095 Fabricii.
1314 3072 1345 3084 -

255 3120 344 3172 Simile
368 3120 564 3185 quadamtenus
586 3127 774 3187 argumentum
794 3128 954 3176 tractaverat
970 3128 1023 3177 iam
1040 3127 1215 3180 Archilochus
1232 3132 1347 3181 auctore

255 3205 397 3256 Plutarcho
418 3204 453 3254 do
476 3205 538 3255 aud.
563 3209 634 3269 poet.
652 3220 679 3271 p.
698 3209 739 3258 86.
761 3210 916 3271 Wyttenb.:
945 3206 997 3260 τὸν
1021 3204 1113 3283 ἄνδρα
1136 3209 1189 3277 τῆς
1212 3206 1347 3277 ἀδελφῆς

254 3281 457 3354 ἠφανισμένον
481 3288 512 3340 ἐν
536 3287 666 3361 θαλάττῃ
696 3292 746 3341 aet
770 3288 812 3357 μὴ
838 3290 965 3353 τυχόντα
989 3279 1117 3361 vellinae
1142 3292 1240 3360 ταφῆς
1267 3294 1346 3362 λέγει

253 3368 370 3442 θρηνῶν
389 3369 579 3443 μετριώτερον
595 3366 635 3423 ἄν
651 3369 705 3439 τὴν
722 3372 880 3446 συμφορὰν
897 3376 1030 3444 ἐνεγκεῖν,
1048 3378 1086 3429 Et
1101 3380 1198 3430 κείνου
1210 3376 1346 3445 κεφαλὴν

255 3457 304 3506 κοιλ
326 3458 462 3527 χαρίεντα
482 3455 556 3522 μέλη
573 3448 735 3521 Ἥφαιστος
754 3460 928 3530 καθαροῖσιν
950 3462 981 3513 ἐν
998 3461 1114 3528 εἵμασιν
1131 3458 1343 3531 ἀμφεπονήθη.

258 3565 286 3574 -
305 3540 393 3601 Certe,
413 3541 435 3589 si
452 3541 589 3601 Horatius,
611 3541 684 3605 qnod
702 3555 750 3593 nos
767 3556 877 3606 prorsus
895 3546 1060 3607 ignoramus,
1085 3549 1217 3597 Graecum
1234 3546 1346 3611 aliquod

257 3624 365 3672 secutus
383 3625 425 3672 est
441 3622 587 3687 exemplar,
606 3623 709 3686 lyricen
726 3639 779 3675 non
797 3626 857 3688 luit,
877 3641 939 3679 cum
956 3632 1017 3693 post
1034 3644 1132 3681 novem
1149 3630 1259 3693 Lyricos
1271 3632 1347 3682 vixe-

255 3704 290 3753 rit
306 3704 449 3765 Archytas,
469 3707 518 3756 sed
535 3703 676 3757 εἰδύλλιον
692 3707 735 3759 vel
753 3710 832 3759 etiam
851 3711 1014 3774 epigramma
1032 3712 1224 3765 Alexandrinae
1235 3716 1343 3767 aetatis.

256 3786 355 3835 Verum
372 3786 577 3849 significationes
594 3790 653 3842 illae
670 3792 752 3842 litoris
768 3794 859 3843 Matini
871 3796 898 3845 et
911 3796 1031 3847 l'enasioe
1047 3799 1073 3847 in
1084 3800 1216 3849 Graecum
1232 3802 1344 3863 potitam

256 3867 373 3931 prolecto
396 3882 449 3918 non
471 3872 582 3934 cedunt,
610 3874 660 3924 sed
678 3876 803 3939 propriae
825 3876 950 3927 videntur
971 3880 1079 3929 Horatii.
1122 3882 1234 3933 Prorsus
1250 3884 1343 3934 autem

256 3950 393 4000 diversum
410 3950 491 4003 iu'uso
508 3954 674 4008 Archilochei
692 3960 817 4009 carminis
829 3961 928 4011 exitam
940 3961 1020 4012 docet
1031 3962 1145 4013 alterum
1156 3964 1259 4027 Fragm.
1272 3965 1342 4017 lbid.

255 4046 282 4097 p.
302 4034 359 4084 tna.
378 4032 432 4084 ctr.
452 4037 532 4088 etiem
549 4040 659 4102 Dionys.
678 4042 759 4105 long,
779 4045 823 4103 to,
851 4044 875 4093 7.
906 4044 992 4107 (Quod
1008 4058 1073 4096 vcro
1090 4046 1125 4099 ad
1142 4048 1228 4112 ipsam
1245 4062 1345 4114 super-

255 4117 403 4179 stitionem,
432 4130 501 4181 quae
527 4121 570 4170 hic
595 4123 723 4185 tangitur,
751 4127 859 4186 attinet,
887 4127 934 4177 cir.
952 4128 1082 4181 Achillem
1107 4132 1210 4183 Tatium
1235 4146 1261 4197 p.
1281 4133 1342 4185 tte.

256 4199 362 4251 lacobs:
381 4201 508 4269 Λέγουσι
524 4200 555 4253 tt
571 4202 624 4267 τὰς
640 4204 671 4256 ἐν
689 4198 771 4257 ὕδατι
788 4204 891 4272 ψυχὰς
907 4204 1092 4283 ἀνῃρημένας
1106 4200 1182 4280 ’μηδὲ
1198 4208 1343 4279 atalarico
