2934 4884
452 354 511 404 ura.
530 355 549 403 r.
584 355 614 404 c.
632 355 740 406 xxvio,
1091 353 1148 418 itii
1195 411 1198 419 .

109 509 204 576 ilirta
227 531 342 576 senum
365 531 404 576 ac
425 512 576 578 iuvenum
597 510 774 578 densentur
795 510 920 586 lunera,
945 511 1065 580 nullum

279 633 382 698 Saeva
405 643 503 720 capnt
523 633 717 720 Proserpina
740 632 827 721 fugit.
1108 635 1150 698 io

107 829 158 892 lie
180 847 314 915 quoquo
337 826 452 892 devexi
474 826 606 914 rapidus
628 848 738 894 eomes
761 827 891 894 Orionis

281 947 415 1037 illyricis
437 951 536 1014 Notus
558 947 666 1014 obruit
687 948 793 1014 undis.

130 1213 171 1262 is.
188 1212 231 1276 oc]
248 1217 273 1261 et
289 1225 313 1272 o,
333 1213 398 1261 i’ott.
418 1215 481 1262 tres
503 1239 530 1247 —
549 1213 687 1262 ἀεπτοαίατ
705 1225 774 1263 corr.
793 1227 816 1262 o.
836 1215 863 1263 et
879 1211 970 1265 Aldus.
1000 1217 1040 1276 llil
1057 1229 1114 1276 uos,

97 1288 282 1413 pletrpplinnpstp
299 1290 327 1337 et
342 1301 383 1351 pr.
402 1299 430 1346 c,
452 1285 522 1353 βγκ,
545 1289 660 1339 Pnttierii
677 1287 790 1348 omnes.)
812 1315 838 1324 -
860 1289 900 1338 ii.
919 1289 1023 1339 rabidos
1038 1287 1054 1339 θ
1071 1305 1113 1355 ap.

68 1606 145 1656 orma
162 1619 215 1670 pro
230 1607 350 1666 masam,
366 1605 498 1669 reperitur
508 1605 588 1655 etiam
626 1605 1024 1658 Orionitberoisooaditorondit.
1034 1611 1145 1661 Theoor.

67 1681 132 1743 apud
154 1680 241 1730 Tacit.
260 1680 328 1729 Anu.
345 1679 377 1740 i,
402 1678 442 1731 li.
467 1693 499 1729 ex
521 1679 587 1730 Cod.
626 1681 655 1741 7,
668 1680 871 1731 medimna:
891 1675 1148 1746 mirandam-

67 1755 130 1804 iied.
148 1757 289 1804 mart.
309 1754 380 1803 Vide
397 1755 505 1803 omnino
523 1755 590 1803 We·
625 1757 698 1825 ρίοις
718 1753 830 1824 ἐρίφοις
849 1752 935 1820 νότος
961 1752 1033 1828 ὑγρὰ
1057 1757 1147 1832 διώκῃ

66 1843 173 1891 paenam
189 1829 228 1879 ad
245 1829 317 1891 Virg.
336 1830 382 1878 Ge.
396 1832 427 1889 t,
445 1827 501 1880 aie.
520 1830 586 1879 Aen.
625 1827 756 1894 Κύματα,
769 1831 794 1889 χ’
801 1825 906 1900 Ὠρίων
918 1823 958 1881 ὅτ’
969 1833 1010 1883 ἐπ’
1018 1827 1146 1901 Ὠκεανῷ

67 1905 93 1955 i.
109 1905 166 1956 iot.
625 1900 715 1967 πόδας
725 1903 803 1964 ἴσχει
814 1903 872 1955 κτλ.
887 1907 1016 1958 Leonidas
1031 1909 1144 1960 initalia.

625 1979 678 2032 Pal.
697 1981 717 2030 i.
734 1994 761 2044 p.
781 1979 843 2029 385:
861 1973 958 2050 Εὗρον
975 1996 1012 2045 με
1027 1988 1148 2052 τρηχεῖα

94 2054 133 2102 w.
151 2053 249 2117 Saevo]
267 2052 362 2116 Odyss.
381 2051 407 2112 i,
425 2052 466 2105 li:
484 2050 586 2126 ἐπαινῇ
624 2055 674 2104 καί
690 2050 838 2118 αίπὴεσσα
854 2056 997 2120 καταιγίς,
1017 2059 1067 2106 καί
1084 2053 1146 2120 νύξ,

65 2125 272 2198 Περσεφονείῃ.
290 2129 427 2190 ίιιῳετίοτο
443 2128 538 2179 eadem
550 2129 590 2179 di-
624 2130 675 2180 κσί
694 2123 839 2198 δνοφερῆς
856 2125 972 2193 κύματα
989 2128 1148 2196 πανθοσίης

65 2203 127 2252 citur
143 2205 198 2252 Sat.
220 2204 251 2261 2,
275 2203 305 2264 5,
331 2204 386 2254 tto.
404 2204 544 2254 Brunaiius
561 2204 587 2252 in
616 2197 742 2265 Ἒβλαψ’
764 2196 910 2272 Ὠρίωνος.
935 2204 987 2252 Cir.
1011 2205 1147 2256 Thoonem

64 2277 150 2327 Hnseo
166 2276 345 2326 Rirriieriano
361 2291 388 2341 p.
408 2277 452 2327 63:
472 2277 517 2327 Ar.
530 2290 588 2328 aas·
624 2278 696 2342 apnd
713 2277 855 2340 inghirami
873 2279 929 2328 Gal.
943 2279 997 2327 Om.
1011 2280 1052 2328 ill.
1065 2281 1092 2329 Τ.
1104 2280 1145 2329 83.

65 2363 112 2400 ros.
131 2353 227 2401 Ριστο.
244 2365 343 2401 rrrrrr.
360 2364 405 2401 ror.
423 2365 464 2401 an.
486 2364 586 2402 raraaa.
625 2353 755 2417 imprimis
772 2365 799 2416 p.
818 2351 875 2403 23i.
897 2378 924 2387 —
944 2352 1044 2402 Occidit
1057 2356 1147 2404 autem

64 2437 163 2475 cmm.
198 2454 230 2461 -
257 2427 332 2491 sopit]
359 2428 414 2477 iioc
437 2429 588 2492 perlectum
624 2427 704 2476 Orion
720 2427 829 2476 incunte
847 2425 999 2487 Novembri,
1018 2440 1072 2489 quo
1085 2427 1147 2477 anni

63 2493 213 2569 ἀορίστως.
233 2501 331 2561 Recta,
350 2501 444 2562 credo,
466 2503 588 2567 Porphy-
624 2503 745 2564 tempore
771 2502 892 2551 saeviunt
908 2499 1052 2565 procellae,
1077 2514 1147 2566 quo-

64 2575 111 2622 rio:
135 2573 266 2625 «Nullum
287 2576 367 2638 capul
380 2577 537 2641 Proserpina
554 2579 589 2627 ti·
625 2577 695 2625 circa
712 2577 795 2626 Notus
812 2576 1007 2626 concretionis
1026 2578 1145 2626 vocatur.

64 2651 122 2705 met,
135 2664 168 2699 ac
179 2649 437 2714 perhocneminem
446 2654 588 2715 exceptum
624 2650 730 2700 liesiod.
742 2643 820 2721 Ἔργ.
834 2651 894 2700 oli:
912 2642 977 2700 θεῖτ’
990 2645 1028 2700 ἂν
1038 2647 1147 2717 Πληϊά-

64 2721 175 2783 habel-3
201 2723 276 2784 sive,
297 2725 319 2774 si
337 2726 436 2786 mavis,
454 2725 587 2789 aliquanto
624 2721 682 2786 θες,
716 2723 821 2788 σθένος
855 2717 980 2796 ὄβριμον
1010 2719 1146 2797 Ὠρίωνος

63 2795 208 2860 elegantius
220 2812 285 2848 oum
295 2797 506 2863 Dillenhurgero:
523 2802 589 2851 «Ne-
624 2795 786 2865 proposuca
802 2801 943 2851 πίπτωσιν
957 2801 987 2863 ἐς
1000 2795 1146 2872 ἠεροειδέα

63 2885 105 2921 mo
121 2877 176 2924 tam
195 2875 357 2936 gravisxsi,
379 2887 460 2938 quem
477 2877 589 2926 Proser-
623 2869 743 2933 πόντον,
768 2870 810 2940 Ar>
832 2871 898 2925 τότε
915 2877 1057 2927 παντοίων
1075 2871 1144 2929 ἀνέ-

63 2948 135 3009 pina,
154 2949 182 2998 id
201 2950 260 3009 est,
280 2961 354 2999 mors
371 2947 466 3011 lugiet,
485 2951 585 3009 timeat,
622 2965 685 3012 μων
707 2945 831 3000 θύουσιν
853 2945 950 3015 ἀῆται.
978 2979 1006 2988 -
1029 2953 1144 3018 illyricis]

64 3022 95 3070 ad
105 3037 188 3086 qnam
199 3035 277 3073 mors
288 3035 342 3072 non
350 3022 486 3073 accedat.»
504 3023 587 3074 Aiiert
623 3025 719 3074 amaris
728 3024 878 3086 Hadriatici,
891 3027 966 3075 onius
975 3027 1066 3077 intimo
1075 3028 1145 3078 sinui

65 3097 157 3147 innan.
184 3099 221 3158 2,
249 3098 297 3146 75:
323 3111 392 3146 mors
414 3099 471 3160 ipso
494 3099 588 3163 rcfopit
622 3098 726 3148 adiacet
742 3095 854 3159 Illyria.»
873 3098 1074 3164 Oudendorpius
1085 3115 1145 3151 ma-

64 3170 139 3232 &ape
152 3173 240 3221 ohan
261 3172 398 3234 (Marium).
428 3174 585 3237 Proserpina
621 3171 694 3224 lebat
720 3172 810 3221 ionicis
836 3171 878 3222 vel
911 3175 998 3236 potius
1025 3175 1142 3236 Apuliae.

66 3245 118 3306 ipsa
132 3247 168 3297 ad
183 3246 363 3297 moribundos
381 3247 485 3296 accedit
501 3248 585 3310 iisque
621 3248 721 3297 Verum
730 3247 836 3309 illyricis
847 3247 935 3308 etiarn,
949 3260 1011 3298 cum
1024 3247 1057 3298 de
1069 3246 1145 3299 litore

67 3321 197 3384 tamqnam
221 3321 337 3371 uictimis
358 3317 505 3392 καταρχῆς
527 3321 585 3372 ioco
622 3323 719 3372 iiaiino
742 3323 768 3371 in
794 3319 886 3386 Apulia
913 3321 1011 3384 agilan,
1039 3322 1146 3372 delendi

66 3394 214 3446 dadanum
243 3395 372 3458 desecat,
400 3399 431 3446 ut
454 3393 586 3460 Θάνατος
622 3397 817 3460 quadamtenus
839 3396 941 3460 potest,
969 3395 991 3446 si
1013 3395 1146 3446 hahemus

66 3469 132 3530 apud
147 3471 238 3534 Eur-ip,
257 3469 314 3520 Alc.
333 3470 373 3522 il.
391 3472 462 3534 Virg.
478 3475 545 3522 Aen.
557 3472 583 3534 i,
621 3470 664 3522 vel
686 3485 735 3534 pro
758 3469 870 3534 simplici
891 3469 1012 3536 ἐπιθέτῳ
1035 3471 1145 3520 ornante

65 3542 121 3592 titi:
138 3546 259 3596 Noudion
275 3546 313 3594 iiii
327 3547 423 3610 τίσουσι
435 3547 586 3608 Ρτοιτιρίιο
622 3558 645 3595 s.
668 3547 773 3609 poetico
795 3557 843 3610 pro
868 3544 946 3597 undis
972 3543 1142 3608 qmbusiihei,

64 3619 150 3669 tunica
169 3621 268 3669 τήναν
288 3619 428 3670 Αθιίειίιτοι
451 3621 587 3685 Stppiopra
623 3621 672 3683 (ut,
696 3633 729 3669 ne
748 3621 807 3683 quis
824 3633 868 3670 me
886 3619 1075 3679 calumnietur,
1103 3617 1145 3670 vel

65 3698 136 3754 capot
154 3695 325 3744 moverat
345 3695 504 3746 orcosstat.
523 3695 583 3747 Siiv.
621 3695 648 3743 in
671 3694 719 3744 od.
749 3697 778 3756 l,
809 3696 837 3755 l,
865 3694 907 3744 ⁴3:
942 3693 1012 3744 auae
1038 3694 1146 3756 Cyprio-

65 3765 87 3825 2
104 3770 128 3829 t,
146 3769 195 3820 li'i
202 3784 210 3816 :
227 3771 284 3819 iarn
300 3770 431 3832 σοινρίατσ
445 3784 525 3820 τισιν
536 3772 586 3820 eri-
621 3770 748 3830 iiprtoran
759 3769 934 3820 more-Icortis
943 3768 1070 3832 fiuctibus,
1088 3768 1143 3828 ubi,

64 3854 116 3891 m
131 3849 196 3894 m
212 3845 297 3906 ι’πίετσ
313 3844 383 3894 iooo.
621 3844 643 3894 si
660 3843 800 3902 voluisset,
819 3843 869 3894 alia
886 3843 1004 3894 ἐπίθετα
1015 3843 1087 3894 haud
1098 3845 1145 3894 mi·

621 3932 671 3968 nus
689 3921 750 3983 apta
768 3919 866 3982 eligere
883 3919 1043 3983 poluissei:)
1062 3918 1102 3968 vei
1122 3919 1144 3969 si

92 3993 131 4041 ii.
148 3993 192 4044 22.
211 3993 309 4057 deved]
323 3994 509 4045 «adoooasum
522 4008 585 4044 ver·
622 3990 784 4056 explicamus
810 3993 844 4044 de
875 3991 989 4058 procella
1014 3992 1048 4042 ab
1075 3994 1144 4043 Euro

63 4069 179 4128 aenos·
198 4071 229 4118 ut
245 4068 293 4117 0d.
312 4069 341 4129 3,
359 4070 405 4130 ᾗ,
424 4069 468 4118 ie:
489 4071 586 4118 Pronus
621 4067 683 4117 iude
700 4081 733 4117 er
750 4070 831 4118 maris
848 4068 990 4120 lindriaciti
1008 4069 1067 4120 sinu
1084 4079 1145 4116 con-

64 4141 146 4194 onon.
161 4143 249 4207 Epod-
270 4143 314 4204 ⁴5,
333 4143 361 4192 7:
385 4145 468 4194 παιιίίτ
483 4144 585 4206 insanos
622 4143 709 4203 citata,
727 4155 798 4206 quae
815 4143 970 4207 naufragum
988 4143 1094 4193 ondam
1112 4139 1145 4188 il-

64 4215 146 4266 On'on.
158 4219 342 4285 virgnoo-37,
355 4218 417 4267 its:
436 4217 584 4268 εαεοιιτνθί
622 4216 667 4267 lod
683 4217 718 4267 ad
738 4215 799 4269 litus
817 4217 948 4270 detulerit.
