2934 4884
662 343 789 392 ll0lirlTll
807 341 974 392 adnutriunt

660 739 893 802 cm
919 739 970 798 V·

490 930 568 1008 Quis
592 927 688 994 multa
710 927 838 1013 gracilis
860 939 890 993 io
913 949 995 1014 puer
1017 928 1048 990 iu
1073 947 1146 992 rosa

449 1061 451 1066 ’
489 1049 641 1116 Perfusus
664 1049 795 1136 liquidis
815 1059 908 1136 urget
930 1047 1101 1122 odoribus,

554 1172 664 1246 Grata,
689 1170 828 1260 Pyrrha,
852 1169 912 1236 sub
934 1170 1048 1235 antro‘l

615 1292 672 1359 Cui
694 1291 809 1358 llavam
831 1291 946 1379 religas
967 1312 1106 1365 comam,

344 1505 373 1552 v.
410 1505 491 1553 inser.
512 1501 578 1565 vulg.
614 1503 651 1552 dd
666 1501 797 1562 mnium.
819 1527 846 1535 -
865 1500 903 1548 Ad
917 1500 1071 1549 metricam
1086 1500 1111 1548 S.
1131 1500 1187 1549 Om.
1207 1500 1234 1548 T.

310 1679 469 1744 V..(Walck
488 1693 513 1729 a.
527 1693 553 1729 u.
567 1691 590 1729 c.
604 1679 672 1738 720..
691 1677 797 1727 liirchn.
836 1678 926 1726 iacere.
946 1677 1041 1726 Lucius
1054 1675 1096 1725 ed
1116 1677 1144 1724 P
1163 1677 1191 1725 L.
1206 1676 1361 1738 Courierp

278 1757 376 1818 irai«
364 1755 443 1815 «Quis
461 1767 540 1814 nunc,
559 1717 705 1816 oPyrrila,
729 1765 798 1815 quac
834 1750 875 1799 20.
894 1749 1027 1800 Palaestra
1049 1763 1111 1799 cum
1127 1749 1207 1799 Lucio
1226 1749 1362 1812 concubi-

278 1829 355 1880 ioties
372 1841 415 1878 me
434 1828 573 1892 decepisti,
592 1829 618 1876 ie
630 1826 724 1877 truitur
737 1839 800 1890 spe·
836 1827 895 1874 tura
911 1821 969 1875 τῶν
986 1820 1164 1913 στρωμάτων
1179 1818 1252 1910 ῥόδα
1268 1795 1366 1874 πολλοὶ

278 1906 371 1965 ratqua
391 1902 448 1964 ised
464 1901 506 1952 ilia
524 1915 630 1965 quoque
651 1899 755 1962 trustra)
773 1901 799 1948 te
836 1901 1052 1960 καταπέπαστο,
1064 1915 1100 1949 τα
1090 1894 1166 1963 μὲν
1177 1891 1254 1949 οὕτω
1265 1895 1366 1964 γυμνὰ

279 1989 387 2040 semper
408 1975 489 2025 fidam
515 1975 608 2025 toreio
647 1975 704 2024 Non
730 1971 800 2023 male
837 1974 902 2023 καθ’
921 1969 1004 2034 αὑτά,
1022 1969 1259 2038 νάὄὲλελνμένα,
1276 1968 1313 2023 τὰ
1330 1971 1366 2024 δὲ

278 2052 378 2101 Acron:
393 2053 580 2100 Percontatur
588 2050 726 2113 Pyrrham,
737 2062 803 2112 qua-
838 2045 1253 2114 στεφάνοιςσνμπεπλεγμένα.
1271 2050 1367 2098 Dero-

278 2138 340 2175 cum
358 2124 420 2176 oiim
438 2128 625 2185 consueverat,
649 2137 702 2188 quo
726 2136 803 2173 ama·
838 2126 909 2174 sacci
927 2124 1021 2176 cubilis
1037 2124 1171 2188 voluptate
1188 2123 1366 2174 Philostratus

279 2204 336 2250 tore
363 2213 434 2250 nunc
462 2201 574 2261 truatur,
605 2202 632 2250 et
658 2199 802 2250 munditias
838 2201 886 2263 Ep.
913 2199 953 2248 32.
972 2213 999 2263 p
1023 2200 1061 2248 td
1085 2198 1259 2250 Boissonade:
1290 2191 1367 2246 ὅταν

279 2276 336 2326 eius
354 2278 381 2326 et
397 2275 536 2326 blanditias
553 2275 657 2333 laudat,
675 2275 723 2325 sed
740 2287 802 2323 cum
838 2271 869 2322 δὲ
886 2273 957 2344 πνέῃ
975 2267 1004 2338 (ἡ
1022 2272 1115 2337 κοίτη)
1136 2267 1221 2344 ῥόδα,
1248 2266 1366 2338 ἀνάγκη

279 2351 396 2414 quadarn
422 2351 511 2400 adhuc
537 2352 649 2401 amantis
674 2350 801 2400 inuidia.»
839 2346 921 2398 πᾶσα
943 2348 993 2397 καὶ
1017 2341 1211 2436 α’νθρώπιιις
1207 2347 1256 2397 καὶ
1281 2348 1366 2410 θεοῖς

279 2425 329 2484 Qui
350 2424 460 2476 sublatis
482 2423 730 2487 interrogationibus
755 2423 803 2485 Qui
838 2417 992 2511 ἀγρυπνεῖν
1014 2417 1113 2507 rjds'og·
1136 2418 1156 2488 ἡ
1177 2417 1232 2493 γὰρ
1257 2415 1367 2472 εὐωδία

278 2499 358 2548 mulio
381 2499 472 2562 legunt
497 2498 696 2562 clausulamque
717 2497 803 2547 conti·
838 2494 916 2563 δεινὴ
942 2493 1039 2548 πᾶσαν
1061 2492 1188 2562 ἡσυχίαν
1210 2494 1364 2560 ἐξοικισαι.

278 2575 362 2622 nunni
377 2586 463 2635 usque
476 2573 546 2622 adv.
558 2573 667 2636 saluca,
679 2585 732 2622 non
744 2573 803 2620 ani·
839 2573 1022 2636 Smindpuidas
1039 2572 1161 2635 Sybarita
1178 2573 1249 2636 apud
1260 2571 1364 2622 aelian.

278 2646 479 2697 madierteruui
517 2647 593 2712 longo
621 2648 673 2697 hoc
700 2646 802 2696 ambitu
838 2648 868 2696 V.
888 2649 919 2698 il.
938 2649 963 2709 9,
982 2648 1028 2699 ii
1047 2640 1306 2734 φύλλοιςρόδων
1288 2663 1367 2696 ανα-

279 2723 367 2771 omnia
385 2720 468 2771 mulio
485 2720 646 2785 languidiora
665 2723 730 2772 tieri.
838 2717 934 2772 πεσών
958 2688 1009 2774 lua
1029 2723 1181 2788 κοιμηθεὶς
1201 2723 1244 2773 ἐπ’
1264 2716 1367 2772 αὐτῶν

312 2797 335 2844 t.
363 2795 474 2858 macilis]
500 2798 571 2848 teras
594 2811 625 2846 ao
648 2800 737 2854 tenen
764 2798 802 2846 sic
838 2793 976 2882 ἐξανέστη
1002 2796 1129 2864 λέγωνι
1117 2796 1346 2859 «φλυκταίνας
1328 2813 1366 2848 εκ

279 2870 350 2933 apud
369 2872 520 2921 Lucretium
537 2870 560 2933 i,
576 2873 648 2920 titia.
668 2874 802 2921 amatores
838 2868 891 2937 τῆς
908 2865 993 2937 εὐνῆς
1010 2865 1113 2931 ἔχειν.»

281 2939 383 3003 ἰσχνὸν
399 2943 554 3014 ἐρωμένων
572 2940 727 3016 θίραὸινὴν
744 2945 802 3032 '³¹3'
870 2986 895 3034 2.
930 2984 1010 3048 carpet]
1038 2985 1203 3047 «Unguentis
1228 2983 1367 3034 delibutus

280 3018 352 3068 dant.
388 3019 512 3069 italorum
538 3024 579 3070 asi
603 3021 685 3070 melio.
718 3049 745 3056 —
775 3035 803 3070 in
1072 3059 1077 3070 .

278 3094 346 3157 rosa]
369 3096 427 3144 Non
449 3094 483 3144 de
501 3097 605 3145 coronis
623 3095 854 3182 οιιςίῑιιιιιίιιιιι,5
838 3061 895 3108 me
912 3061 938 3108 le
955 3057 1153 3152 amplecnlur'l
1169 3058 1362 3121 uelfflgerssp‘

838 3134 911 3193 5,8·
937 3129 1084 3195 alliderer>
1108 3131 1246 3198 Ευδημον
1262 3133 1367 3183 νὶτθον

283 3168 320 3230 (ut
338 3182 399 3219 cum
417 3168 508 3218 dicunt
521 3170 727 3232 pororcinrosa,
746 3171 800 3220 Cic.
838 3201 895 3256 ὑπὸ
920 3204 1052 3271 χλαμυδι
1087 3207 1256 3272 „demades
1281 3209 1364 3257 Anu,

838 3281 892 3331 Pal
911 3283 941 3331 il.
961 3283 1020 3332 isa:
1049 3279 1166 3354 Πρόσθε
1181 3298 1234 3347 μοι
1248 3278 1367 3352 Ἀρχεά-

839 3351 892 3420 cipp
916 3354 1059 3416 ἐθλίβετο,
1090 3356 1167 3407 «olim
1194 3356 1366 3421 amplexibus

840 3443 903 3480 eum
919 3430 997 3480 iovi.»
1031 3434 1116 3495 Atque
1137 3433 1267 3495 utsupra
1288 3433 1367 3500 ἐρεί-

838 3503 906 3565 δειν,
924 3506 963 3555 sic
979 3505 1139 3570 Pomponius
1158 3507 1258 3555 Bouon.
1277 3505 1366 3554 Bothe

839 3584 866 3630 P.
887 3582 961 3632 Com.
979 3593 1006 3644 p.
1026 3581 1085 3630 ⁴⁴3:
1114 3580 1368 3644 Noaeioqriiaurpet

838 3657 913 3705 ctiam
929 3669 981 3716 orac
997 3656 1082 3705 osirim
1091 3668 1198 3705 amorem
1208 3661 1285 3704 moro.
1305 3655 1367 3704 ila-

840 3731 934 3780 niiesto
951 3743 1004 3780 non
1022 3730 1170 3780 convitium
1187 3728 1302 3793 plurium
1320 3729 1366 3778 iu-

838 3818 954 3864 venum,
982 3805 1024 3855 cui
1049 3804 1166 3856 adhibita
1192 3805 1226 3854 sit
1249 3805 1363 3866 Pyrrha,

281 3243 315 3292 de
334 3245 443 3305 linui,
462 3245 503 3293 20.
523 3247 733 3295 otosscinroso
750 3247 803 3295 Tu-

282 3318 345 3368 scul.
366 3321 390 3379 5,
409 3319 470 3382 iti),
489 3319 536 3370 sed
555 3320 588 3370 de
601 3320 669 3370 lacto
681 3331 802 3369 rosarum

281 3393 387 3443 cumulo
404 3397 495 3458 strato,
515 3395 541 3444 id
553 3396 624 3458 quod
636 3372 875 3459 potissimum'l

280 3468 446 3520 demonstrat
457 3484 482 3520 v.
497 3471 585 3532 maiia,
596 3470 667 3535 quod
680 3470 714 3519 de
726 3483 804 3519 acer-

279 3555 313 3590 uo
325 3547 428 3594 rectum
440 3547 489 3605 esi,
502 3547 536 3596 de
549 3559 646 3596 corona
662 3547 803 3608 acceptum

238 3645 244 3658 .
281 3627 365 3679 prope
382 3584 523 3668 ridiculrlm
543 3621 618 3671 iorni
643 3623 728 3670 immo
743 3621 804 3706 sqnt

281 3690 392 3753 Ephippr
404 3691 475 3754 apud
487 3693 580 3743 Athen
589 3696 613 3743 Ξ.
622 3709 648 3758 p.
660 3695 700 3746 ta.
715 3697 744 3746 C.
757 3689 805 3764 ῥο-

279 3761 392 3814 δόπνοα
403 3762 560 3830 στρώματα
576 3769 603 3817 ei
620 3769 654 3818 ad
671 3773 756 3820 totum
767 3769 805 3820 lo·

281 3839 404 3978 ἓξὲξ
411 3840 777 3980 ς’ἒέῗῳδξῇῗὲνὲδῖόσίο
774 3846 804 3980 ἴς
839 3881 977 3943 significat,
996 3879 1044 3930 sed
1056 3881 1098 3929 est
1109 3878 1196 3930 «solus
1205 3891 1266 3928 cum
1278 3877 1364 3936 sola»,

280 3984 434 4059 &emm
462 3992 640 4054 mmmm
672 3985 725 4054 τὴν
757 3989 804 4041 δέ.
839 3958 869 4004 ut
885 3954 1083 4040 aitnierentius,
1106 3954 1133 4003 id
1154 3953 1225 4016 quod
1242 3952 1328 4016 prodit
1346 3967 1365 4002 o

281 4078 404 4113 σποιναν
426 4061 550 4136 ἐρείδεις.
585 4063 694 4116 Martial.
718 4065 743 4126 8,
761 4066 802 4124 ai.
839 4043 864 4076 γ’
882 4031 985 4092 lmw'

281 4139 311 4186 2:
341 4139 425 4200 Liber,
454 4141 481 4188 in
502 4145 605 4188 colnac
623 4140 707 4189 vivero
730 4140 806 4203 dipsa
872 4141 895 4189 3.
919 4142 963 4190 aab
980 4141 1062 4206 antro]
1081 4143 1183 4205 crypta,
1202 4141 1272 4190 unde
1289 4145 1366 4202 prot-

280 4225 347 4262 roao.
375 4215 474 4263 Seuera
500 4215 547 4278 Ep.
571 4215 610 4276 36,
633 4215 661 4262 9:
691 4216 717 4264 in
745 4227 805 4265 roso
840 4220 874 4264 to.
904 4216 947 4265 Sic
963 4215 1049 4268 solent
1060 4215 1211 4268 etiamnunc
1227 4213 1283 4266 itali
1294 4213 1366 4264 bea-
