2934 4884
572 343 672 392 einen.
710 343 807 396 CARM.
827 345 857 394 V.

350 497 484 564 Canidia
506 498 626 564 rodens
649 499 800 586 pollicem

306 618 390 696 Quid
414 618 493 682 dixit
514 630 570 684 aut
590 621 669 706 qnid
691 621 814 687 tacuit?
841 624 869 688 Ο
892 623 991 690 rebus
1015 626 1095 691 meis
1176 655 1178 662 ,

348 740 418 803 Non
441 738 588 806 infideles
611 739 769 818 arbitrae,
1182 750 1223 812 50

305 863 373 926 Nox
395 871 428 925 et
448 860 567 936 Diana,
591 881 676 948 qnae
699 861 861 929 silentium
883 867 988 952 regie,

349 984 474 1046 Arcana
494 983 571 1046 eum
593 981 672 1048 fiunt
693 1004 804 1060 sacra,

306 1104 418 1178 Nunc,
443 1124 529 1168 nune
552 1102 683 1178 adeste,
707 1125 793 1171 nuno
816 1107 847 1170 in
870 1105 1003 1174 hostiles
1026 1108 1140 1176 domos

351 1225 433 1289 lram
455 1235 552 1312 atque
576 1245 696 1290 numen
718 1226 852 1292 vertite!

304 1345 536 1411 Formidolosis
559 1345 637 1411 dnm
659 1344 758 1412 latent
779 1347 867 1413 silvis
890 1349 977 1416 lenae
1183 1355 1223 1417 55

198 1551 239 1600 53.
257 1551 352 1599 lenitis
361 1551 390 1600 B.
407 1575 433 1585 -
454 1553 495 1600 55.
514 1553 699 1602 Fottnidolosoe
709 1553 782 1603 bSod
794 1593 798 1614 ‚
818 1554 926 1605 Bentleii
938 1556 1073 1620 plerique,
1093 1559 1187 1610 LCtl'J.

167 1627 208 1687 (ot
224 1637 274 1675 noo
290 1625 323 1687 B,
341 1622 468 1676 Blandinii
485 1629 607 1687 veteres,
626 1644 678 1692 yn,
695 1641 753 1677 var.
772 1628 832 1678 lect.
846 1646 883 1690 ω,
898 1631 1018 1680 Pottierii
1036 1633 1106 1693 4,4,
1120 1633 1150 1694 3,
1165 1634 1189 1694 6,

165 1701 190 1748 8.
211 1697 308 1760 Aldus,
328 1699 480 1763 Bentleius.)
502 1727 529 1736 -·
548 1701 616 1765 dnm]
634 1715 691 1751 etan
708 1702 791 1753 BbSo.

131 1885 250 1936 TASSIT.
273 1885 357 1949 Epod.
372 1887 417 1947 47,
431 1885 500 1949 leq.
519 1887 590 1950 virg.
605 1885 659 1938 Ecl.
699 1889 761 1938 4444
777 1889 1038 1951 fidaailemiasaeris.
1067 1895 1140 1944 Ovid.
1160 1897 1221 1946 llet.

131 1963 164 2020 8,
193 1960 238 2009 69:
265 1961 388 2010 Carmina
402 1962 442 2010 oet
467 1963 535 2012 eaelo
558 1967 661 2024 ponent
698 1962 727 2022 7,
742 1960 798 2012 494.
820 1963 928 2014 Medea:
956 1966 1055 2028 ‹tlopna
1069 1968 1159 2029 triceps
1173 1970 1224 2019 He-

129 2036 252 2084 4444444
272 2035 368 2084 44444444.
397 2035 491 2085 Tibull.
512 2038 539 2098 4,
561 2039 588 2098 4,
611 2036 658 2088 ll:
698 2041 766 2095 cate,
803 2050 866 2098 quoe
892 2041 984 2098 coeptis
1010 2042 1109 2090 4444444
1134 2045 1225 2094 nostrie

130 2110 206 2160 Hem
229 2122 274 2172 epo
296 2111 326 2159 de
347 2109 416 2159 caelo
433 2112 561 2160 dueentem
577 2112 661 2162 sidera
696 2109 865 2172 aeterneque
880 2114 975 2162 4444444.»
995 2139 1023 2149 -
1042 2115 1129 2177 Nune,
1147 2119 1221 2182 nnnc]

129 2183 201 2242 eddi,
230 2186 257 2233 et
283 2198 314 2232 ex
341 2185 523 2247 antiquissima
549 2185 659 2248 quidem
698 2183 847 2234 cranone
870 2187 1086 2250 Turs.1v.pog.
1108 2189 1164 2242 343.
1194 2217 1221 2228 -

129 2257 256 2321 opinione
273 2259 418 2321 significata
437 2260 490 2309 iem
507 2258 541 2309 ab
559 2261 661 2310 Aristo-
697 2259 779 2308 adeste
791 2259 853 2322 cet]
868 2261 944 2310 nolint
956 2262 1085 2325 propitiae
1098 2264 1165 2326 sitis,
1184 2266 1223 2316 ira

129 2333 220 2397 phane
240 2332 273 2394 (v.
292 2333 327 2382 ad
345 2347 369 2383 v.
388 2334 439 2395 44.)
458 2337 486 2382 et
508 2333 615 2384 Platone
633 2335 660 2384 in
696 2335 786 2382 vestra
801 2334 827 2382 in
844 2334 934 2386 hostes
946 2349 1021 2385 meos
1033 2335 1179 2400 ablegata.»
1195 2365 1221 2374 -

130 2408 226 2469 Gorgia
243 2421 270 2470 p.
289 2407 348 2457 543,
365 2409 412 2458 Aa
434 2403 486 2470 τὰς
502 2404 556 2473 τὴν
573 2405 659 2473 valii-
694 2407 799 2472 hostiles]
818 2421 876 2470 eos,
895 2423 964 2473 quae
979 2410 1105 2462 Canidiae
1122 2425 1219 2462 exosae

128 2477 403 2551 νηνκαθαιρούσας,
415 2477 467 2544 τὰς
476 2480 657 2545 Θετταλίδας.
697 2485 786 2543 erant,
812 2481 894 2532 veluti
923 2485 983 2533 Veri
1005 2487 1161 2536 amicarum.
1192 2513 1219 2523 -

130 2557 228 2608 Suidas
240 2558 266 2608 in
278 2551 342 2607 'Eut
353 2552 451 2623 σαυτῷ
467 2554 522 2622 τὴν
532 2557 659 2625 σελήνην
695 2557 772 2620 Iram]
781 2557 847 2607 Salis
857 2559 1020 2608 mireAreom
1028 2560 1220 2611 Cod.Brodoei.

129 2630 291 2694 καθέλκεις.
304 2659 333 2669 -
343 2633 441 2696 denpit]
461 2632 554 2682 Tibull.
574 2635 597 2694 4,
611 2635 657 2695 to,
696 2631 743 2682 Est
759 2633 848 2682 tomen
861 2635 949 2682 ortum
961 2647 994 2682 ox
1005 2647 1030 2684 v.
1044 2635 1089 2683 544
1107 2635 1218 2685 Arcana.

130 2708 176 2757 oo:
195 2707 293 2756 eeaelo
309 2708 401 2768 deripit
416 2708 457 2756 illo
473 2708 538 2756 deos.
553 2733 582 2744 —
595 2709 660 2758 irre·
728 2707 768 2756 55.
783 2707 823 2756 446.
838 2707 1020 2771 Fomnidolosis]
1035 2721 1119 2771 «quea
1131 2708 1221 2759 lormi-

130 2780 234 2841 seetom]
254 2793 323 2830 anon
340 2784 476 2830 resectum
494 2780 596 2844 pollicis
607 2796 659 2833 un·
696 2780 787 2830 dinem
805 2782 935 2831 incutiunt
951 2782 1061 2832 horrore
1074 2795 1123 2832 sno
1136 2795 1167 2831 ee
1179 2785 1221 2832 te-

129 2867 213 2917 guem
230 2854 332 2914 rodit.»
351 2853 435 2904 rabiei
452 2855 566 2918 signnm.
592 2859 659 2906 «Pe-
696 2856 1223 2920 44444444.44444ς.64.4,46844444444444-

129 2929 247 2989 leonius,
273 2930 303 2978 ut
323 2931 486 2979 monstraret
509 2929 656 2990 furentem,
695 2935 744 2980 tem
763 2932 841 2994 ntpra
852 2933 986 2994 fonnidtne
1001 2934 1093 2982 lnenm.
1124 2934 1221 2982 Lucan.

126 3004 227 3066 pollice,
240 3005 285 3065 4444,
296 3006 418 3066 nequead
424 3005 566 3066 periculam
573 3019 656 3054 roton
696 3004 724 3062 3,
739 3003 782 3054 444
795 3017 800 3051 :
819 3005 955 3055 Arboribus
966 3020 1025 3056 oens
1041 3008 1132 3056 4444444·
1151 3008 1221 3058 inest.

129 3079 224 3128 Senot..
242 3077 352 3128 44444444.
371 3077 400 3136 4,
419 3079 464 3138 47,
483 3081 513 3128 o:
535 3080 600 3129 Ecce
615 3080 659 3129 ite·
699 3075 787 3127 Altera
818 3076 897 3128 lectio
922 3080 1099 3141 [omnidolosoe
1123 3082 1223 3132 idcirco

128 3165 190 3202 4444
208 3153 296 3216 elprae
315 3153 426 3201 cmodtt
446 3153 538 3202 lividos
552 3167 656 3216 44494444.
696 3151 851 3212 reiiciende,
866 3153 937 3214 quod
950 3154 1039 3202 statim
1052 3154 1224 3216 sequitural-

130 3253 160 3264 -
181 3227 247 3287 04444
263 3227 403 3290 4444444444]
421 3227 486 3290 Epp.
509 3229 536 3286 4,
557 3228 587 3288 7,
609 3228 655 3276 72:
696 3229 783 3278 terum
796 3225 915 3276 terarum
927 3225 1059 3276 ἐπίθετον
1071 3227 1220 3290 languidam

128 3301 236 3350 diemde
260 3302 367 3350 tacenda
394 3302 497 3351 44444444.
534 3300 659 3351 Similiter
695 3303 834 3364 praeterea
853 3300 1008 3363 ambiguum
1030 3301 1122 3350 fuisset
1139 3303 1221 3352 etiam

129 3375 156 3425 44.
171 3373 188 3425 l.
209 3375 390 3426 «incredibilia
408 3376 497 3425 dixit.»
694 3375 818 3425 Romanis
837 3375 918 3439 ipsis,
937 3377 1027 3424 utrum
1042 3375 1220 3437 formidolosae

162 3449 273 3500 ott-et.
300 3451 357 3500 Non
371 3450 554 3515 inflorbltroe]
574 3449 657 3499 «44444-
693 3449 763 3510 serae
780 3451 871 3499 essent
888 3447 1054 3509 «timidae»,
1081 3462 1115 3498 an
1133 3449 1221 3499 «lero-

129 3523 247 3574 lisslmae
265 3527 363 3585 testes,
388 3525 511 3576 consciae
531 3527 559 3574 et
577 3538 658 3588 prae-
694 3536 766 3574 ees.»
802 3524 850 3584 Qui
874 3526 963 3573 tamen
986 3522 1056 3572 hano
1078 3522 1221 3574 lectionem

129 3599 247 3648 sentes.»
265 3600 358 3648 Senon.
384 3598 462 3664 Apul.
481 3600 515 3649 de
531 3599 655 3663 mog.3l.
693 3598 822 3662 praefert,
848 3598 941 3662 ulique
960 3595 1091 3661 explicare
1109 3597 1222 3647 debebit

128 3686 156 3736 p.
167 3671 230 3723 l6‘l:
249 3672 342 3722 solebat
353 3675 658 3738 admoporumeommo·
693 3674 782 3736 priore
799 3673 894 3734 modo,
913 3674 988 3723 utre
1004 3686 1068 3723 vera
1087 3671 1149 3722 lecit
1168 3674 1221 3722 Re-

127 3747 187 3797 44444
205 3748 328 3796 advocari
351 3749 494 3798 Memoriae
515 3750 658 3798 caminam
693 3746 744 3810 gel.
764 3747 812 3797 0d.
825 3749 854 3809 4,
869 3747 968 3808 tato:
990 3747 1219 3808 timidos-lynces.

127 3827 214 3872 nector
231 3827 256 3871 et
271 3822 333 3871 444444
350 3824 432 3872 anani
451 3824 531 3873 Venus
546 3829 570 3873 et
585 3825 658 3873 Lama
694 3822 833 3882 Ceterum,
860 3823 925 3874 dnm
951 3823 1098 3882 dormiunt,
1125 3825 1221 3871 neutro

127 3897 240 3947 noctium
264 3899 364 3946 consen
388 3904 411 3947 44
434 3899 549 3948 4444444444
569 3903 658 3960 potens
693 3909 757 3946 sane
775 3910 857 3948 sensu
878 3899 939 3948 sunt
960 3897 1143 3960 somldolosae.
1174 3897 1221 3946 nt-

130 3972 266 4021 4444444-
280 3972 557 4037 poenitentiarii-epla]
571 3986 656 4036 «qnae
694 3985 747 4035 que
770 3970 911 4020 nobiseum
933 3972 1015 4022 Voss:
1044 3971 1079 4020 lm
1101 3971 1220 4020 schoner-

128 4045 234 4098 sllentio
251 4058 347 4109 praees
365 4047 446 4110 idque
462 4038 585 4111 praestas
596 4060 657 4096 ma·
692 4046 777 4108 hasten
794 4039 873 4094 Forlt.
898 4071 926 4081 -
954 4045 1022 4110 dnm]
1050 4055 1113 4110 iper
1136 4048 1219 4096 totam

128 4122 194 4184 gieio
205 4121 314 4171 saeris.»
332 4122 481 4185 viennen.
494 4123 525 4183 4,
538 4123 598 4171 455ε
618 4127 657 4171 to-
693 4121 772 4183 igitur
788 4121 920 4170 noctem.»
951 4117 1089 4172 decoctus
1110 4121 1162 4170 hoe
1178 4121 1220 4168 vi-

128 4197 193 4244 eitoe
209 4209 258 4257 per
276 4197 359 4245 amieo
380 4197 478 4246 44444444
503 4197 596 4245 Lanae.
625 4196 654 4258 3,
694 4195 773 4244 detur
790 4207 871 4257 quam
887 4207 956 4254 enm,
981 4195 1053 4257 quod
1071 4207 1135 4245 sane
1155 4207 1220 4258 per-
