<?xml version="1.0" encoding="UTF-8"?>
<!DOCTYPE html PUBLIC "-//W3C//DTD XHTML 1.0 Transitional//EN"
    "http://www.w3.org/TR/xhtml1/DTD/xhtml1-transitional.dtd">
<html xmlns="http://www.w3.org/1999/xhtml" xml:lang="en" lang="en">
 <head>
  <title>
</title>
<meta http-equiv="Content-Type" content="text/html;charset=utf-8" />
  <meta name='ocr-system' content='tesseract 3.04.00' />
  <meta name='ocr-capabilities' content='ocr_page ocr_carea ocr_par ocr_line ocrx_word'/>
</head>
<body>
  <div class='ocr_page' id='page_1' title='image "./qhoratiusflaccu04baitgoog/qhoratiusflaccu04baitgoog_0690.png"; bbox 0 0 2934 4884; ppageno 0'>
   <div class='ocr_carea' id='block_1_1' title="bbox 709 356 984 406">
    <p class='ocr_par' dir='ltr' id='par_1_1' title="bbox 709 356 984 406">
     <span class='ocr_line' id='line_1_1' title="bbox 709 356 984 406; baseline 0 0"><span class='ocrx_word' id='word_1_1' title='bbox 709 356 836 406; x_wconf 73' lang='lat' dir='ltr'><strong>Hortarii</strong></span> <span class='ocrx_word' id='word_1_2' title='bbox 855 356 984 406; x_wconf 85' lang='lat' dir='ltr'>EPODON</span> 
     </span>
    </p>
   </div>
   <div class='ocr_carea' id='block_1_2' title="bbox 477 509 1191 1080">
    <p class='ocr_par' dir='ltr' id='par_1_2' title="bbox 477 509 1191 719">
     <span class='ocr_line' id='line_1_2' title="bbox 477 509 1191 598; baseline 0.003 -24"><span class='ocrx_word' id='word_1_3' title='bbox 477 509 600 588; x_wconf 80' lang='lat' dir='ltr'><strong>Quodsi</strong></span> <span class='ocrx_word' id='word_1_4' title='bbox 624 510 742 598; x_wconf 85' lang='lat' dir='ltr'><strong>pudica</strong></span> <span class='ocrx_word' id='word_1_5' title='bbox 766 509 880 577; x_wconf 90' lang='lat' dir='ltr'><strong>mulier</strong></span> <span class='ocrx_word' id='word_1_6' title='bbox 903 512 933 576; x_wconf 91' lang='lat' dir='ltr'><strong>in</strong></span> <span class='ocrx_word' id='word_1_7' title='bbox 956 521 1081 597; x_wconf 86' lang='lat' dir='ltr'><strong>partem</strong></span> <span class='ocrx_word' id='word_1_8' title='bbox 1105 511 1191 576; x_wconf 89' lang='lat' dir='ltr'><strong>iuvet</strong></span> 
     </span>
     <span class='ocr_line' id='line_1_3' title="bbox 519 629 1072 719; baseline -0.002 -23"><span class='ocrx_word' id='word_1_9' title='bbox 519 633 657 696; x_wconf 85' lang='lat' dir='ltr'><strong>Domum</strong></span> <span class='ocrx_word' id='word_1_10' title='bbox 680 642 777 719; x_wconf 87' lang='lat' dir='ltr'><strong>atque</strong></span> <span class='ocrx_word' id='word_1_11' title='bbox 799 629 911 697; x_wconf 84' lang='lat' dir='ltr'><strong>dulces</strong></span> <span class='ocrx_word' id='word_1_12' title='bbox 934 630 1072 704; x_wconf 88' lang='lat' dir='ltr'><strong>liberos,</strong></span> 
     </span>
    </p>

    <p class='ocr_par' dir='ltr' id='par_1_3' title="bbox 479 751 1100 960">
     <span class='ocr_line' id='line_1_4' title="bbox 479 751 1100 840; baseline -0.003 -22"><span class='ocrx_word' id='word_1_13' title='bbox 479 751 599 818; x_wconf 88' lang='lat' dir='ltr'><strong>Sabina</strong></span> <span class='ocrx_word' id='word_1_14' title='bbox 619 751 724 840; x_wconf 89' lang='lat' dir='ltr'><strong>qualis</strong></span> <span class='ocrx_word' id='word_1_15' title='bbox 747 763 801 817; x_wconf 91' lang='lat' dir='ltr'><strong>aut</strong></span> <span class='ocrx_word' id='word_1_16' title='bbox 823 762 955 838; x_wconf 87' lang='lat' dir='ltr'><strong>perusta</strong></span> <span class='ocrx_word' id='word_1_17' title='bbox 978 751 1100 818; x_wconf 88' lang='lat' dir='ltr'><strong>solibus</strong></span> 
     </span>
     <span class='ocr_line' id='line_1_5' title="bbox 522 872 904 960; baseline -0.008 -20"><span class='ocrx_word' id='word_1_18' title='bbox 522 873 666 940; x_wconf 89' lang='lat' dir='ltr'><strong>Pernicis</strong></span> <span class='ocrx_word' id='word_1_19' title='bbox 687 894 770 939; x_wconf 77' lang='lat' dir='ltr'><strong>uxor</strong></span> <span class='ocrx_word' id='word_1_20' title='bbox 792 872 904 960; x_wconf 83' lang='lat' dir='ltr'><strong>Apuli,</strong></span> 
     </span>
    </p>

    <p class='ocr_par' dir='ltr' id='par_1_4' title="bbox 480 992 1184 1080">
     <span class='ocr_line' id='line_1_6' title="bbox 480 992 1184 1080; baseline -0.006 -20"><span class='ocrx_word' id='word_1_21' title='bbox 480 997 615 1062; x_wconf 86' lang='lat' dir='ltr'><strong>Sacrum</strong></span> <span class='ocrx_word' id='word_1_22' title='bbox 637 994 771 1061; x_wconf 87' lang='lat' dir='ltr'><strong>vetustis</strong></span> <span class='ocrx_word' id='word_1_23' title='bbox 794 1004 939 1059; x_wconf 80' lang='lat' dir='ltr'><strong>exstruat</strong></span> <span class='ocrx_word' id='word_1_24' title='bbox 962 992 1055 1080; x_wconf 86' lang='lat' dir='ltr'><strong>lignis</strong></span> <span class='ocrx_word' id='word_1_25' title='bbox 1079 993 1184 1059; x_wconf 87' lang='lat' dir='ltr'><strong>locum</strong></span> 
     </span>
    </p>
   </div>
   <div class='ocr_carea' id='block_1_3' title="bbox 480 1115 1386 1432">
    <p class='ocr_par' dir='ltr' id='par_1_5' title="bbox 480 1115 1386 1432">
     <span class='ocr_line' id='line_1_7' title="bbox 521 1115 990 1188; baseline -0.006 -7"><span class='ocrx_word' id='word_1_26' title='bbox 521 1116 611 1181; x_wconf 83' lang='lat' dir='ltr'>Lassi</span> <span class='ocrx_word' id='word_1_27' title='bbox 635 1115 697 1181; x_wconf 91' lang='lat' dir='ltr'><strong>sub</strong></span> <span class='ocrx_word' id='word_1_28' title='bbox 718 1115 893 1181; x_wconf 89' lang='lat' dir='ltr'><strong>adventum</strong></span> <span class='ocrx_word' id='word_1_29' title='bbox 915 1115 990 1188; x_wconf 89' lang='lat' dir='ltr'><strong>viri,</strong></span> 
     </span>
     <span class='ocr_line' id='line_1_8' title="bbox 480 1233 1386 1324; baseline -0.007 -21"><span class='ocrx_word' id='word_1_30' title='bbox 480 1237 708 1324; x_wconf 74' lang='lat' dir='ltr'>claudensque</span> <span class='ocrx_word' id='word_1_31' title='bbox 730 1236 824 1302; x_wconf 77' lang='lat' dir='ltr'><strong>textis</strong></span> <span class='ocrx_word' id='word_1_32' title='bbox 846 1233 989 1302; x_wconf 82' lang='lat' dir='ltr'><strong>cratibus</strong></span> <span class='ocrx_word' id='word_1_33' title='bbox 1011 1233 1130 1301; x_wconf 92' lang='lat' dir='ltr'><strong>laetum</strong></span> <span class='ocrx_word' id='word_1_34' title='bbox 1152 1255 1254 1321; x_wconf 90' lang='lat' dir='ltr'><strong>pecus</strong></span> <span class='ocrx_word' id='word_1_35' title='bbox 1349 1235 1386 1298; x_wconf 80' lang='lat' dir='ltr'><strong>tc</strong></span> 
     </span>
     <span class='ocr_line' id='line_1_9' title="bbox 521 1355 933 1432; baseline -0.005 -10"><span class='ocrx_word' id='word_1_36' title='bbox 521 1359 665 1424; x_wconf 89' lang='lat' dir='ltr'><strong>Distenta</strong></span> <span class='ocrx_word' id='word_1_37' title='bbox 687 1357 787 1423; x_wconf 78' lang='lat' dir='ltr'><strong>siccet</strong></span> <span class='ocrx_word' id='word_1_38' title='bbox 809 1355 933 1432; x_wconf 90' lang='lat' dir='ltr'><strong>ubera,</strong></span> 
     </span>
    </p>
   </div>
   <div class='ocr_carea' id='block_1_4' title="bbox 342 1532 1358 1822">
    <p class='ocr_par' dir='ltr' id='par_1_6' title="bbox 342 1532 1358 1822">
     <span class='ocr_line' id='line_1_10' title="bbox 374 1532 1355 1597; baseline -0.009 -7"><span class='ocrx_word' id='word_1_39' title='bbox 374 1540 414 1591; x_wconf 80' lang='grc'><strong>43.</strong></span> <span class='ocrx_word' id='word_1_40' title='bbox 434 1541 542 1588; x_wconf 67' lang='lat' dir='ltr'><strong>Sacrum</strong></span> <span class='ocrx_word' id='word_1_41' title='bbox 558 1541 581 1586; x_wconf 86' lang='lat' dir='ltr'><strong>et</strong></span> <span class='ocrx_word' id='word_1_42' title='bbox 595 1537 697 1586; x_wconf 66' lang='lat' dir='ltr'><strong>verutis</strong></span> <span class='ocrx_word' id='word_1_43' title='bbox 713 1535 779 1585; x_wconf 83' lang='lat' dir='ltr'><strong>Cod.</strong></span> <span class='ocrx_word' id='word_1_44' title='bbox 799 1532 924 1584; x_wconf 68' lang='lat' dir='ltr'><strong>«Silvius»</strong></span> <span class='ocrx_word' id='word_1_45' title='bbox 942 1534 1013 1597; x_wconf 90' lang='lat' dir='ltr'><strong>apud</strong></span> <span class='ocrx_word' id='word_1_46' title='bbox 1027 1534 1107 1596; x_wconf 89' lang='lat' dir='ltr'><strong>Cruq.</strong></span> <span class='ocrx_word' id='word_1_47' title='bbox 1122 1573 1127 1594; x_wconf 90' lang='grc'><strong>,</strong></span> <span class='ocrx_word' id='word_1_48' title='bbox 1145 1547 1192 1584; x_wconf 84' lang='lat' dir='ltr'><strong>sex</strong></span> <span class='ocrx_word' id='word_1_49' title='bbox 1207 1533 1293 1584; x_wconf 88' lang='lat' dir='ltr'><strong>codd.</strong></span> <span class='ocrx_word' id='word_1_50' title='bbox 1307 1535 1355 1583; x_wconf 85' lang='lat' dir='ltr'><strong>iirti</strong></span> 
     </span>
     <span class='ocr_line' id='line_1_11' title="bbox 342 1607 1358 1672; baseline -0.004 -12"><span class='ocrx_word' id='word_1_51' title='bbox 342 1611 466 1671; x_wconf 69' lang='lat' dir='ltr'><strong>Valerii,</strong></span> <span class='ocrx_word' id='word_1_52' title='bbox 493 1611 626 1670; x_wconf 79' lang='lat' dir='ltr'><strong>Muretus,</strong></span> <span class='ocrx_word' id='word_1_53' title='bbox 653 1623 686 1658; x_wconf 83' lang='lat' dir='ltr'><strong>ex</strong></span> <span class='ocrx_word' id='word_1_54' title='bbox 711 1609 788 1659; x_wconf 89' lang='lat' dir='ltr'><strong>cuius</strong></span> <span class='ocrx_word' id='word_1_55' title='bbox 812 1607 860 1658; x_wconf 88' lang='lat' dir='ltr'><strong>Ed.</strong></span> <span class='ocrx_word' id='word_1_56' title='bbox 880 1609 979 1658; x_wconf 85' lang='lat' dir='ltr'><strong>Veneta</strong></span> <span class='ocrx_word' id='word_1_57' title='bbox 1001 1608 1072 1672; x_wconf 91' lang='lat' dir='ltr'><strong>apud</strong></span> <span class='ocrx_word' id='word_1_58' title='bbox 1090 1607 1201 1658; x_wconf 89' lang='lat' dir='ltr'><strong>Paulum</strong></span> <span class='ocrx_word' id='word_1_59' title='bbox 1220 1610 1358 1658; x_wconf 77' lang='lat' dir='ltr'><strong>Manutium</strong></span> 
     </span>
     <span class='ocr_line' id='line_1_12' title="bbox 344 1682 1357 1748; baseline 0 -14"><span class='ocrx_word' id='word_1_60' title='bbox 344 1685 416 1736; x_wconf 77' lang='lat' dir='ltr'><strong>tate.</strong></span> <span class='ocrx_word' id='word_1_61' title='bbox 442 1697 571 1747; x_wconf 80' lang='lat' dir='ltr'><strong>recepere</strong></span> <span class='ocrx_word' id='word_1_62' title='bbox 597 1685 699 1742; x_wconf 88' lang='lat' dir='ltr'><strong>Zeune,</strong></span> <span class='ocrx_word' id='word_1_63' title='bbox 726 1682 848 1744; x_wconf 62' lang='grc' dir='ltr'><strong>Μῆδοι,</strong></span> <span class='ocrx_word' id='word_1_64' title='bbox 867 1683 991 1747; x_wconf 76' lang='lat' dir='ltr'><strong>Doering.</strong></span> <span class='ocrx_word' id='word_1_65' title='bbox 1011 1684 1044 1746; x_wconf 83' lang='lat' dir='ltr'><strong>(et</strong></span> <span class='ocrx_word' id='word_1_66' title='bbox 1060 1683 1139 1734; x_wconf 86' lang='lat' dir='ltr'><strong>eiecit</strong></span> <span class='ocrx_word' id='word_1_67' title='bbox 1159 1683 1238 1734; x_wconf 90' lang='lat' dir='ltr'><strong>buius</strong></span> <span class='ocrx_word' id='word_1_68' title='bbox 1255 1685 1357 1748; x_wconf 78' lang='lat' dir='ltr'><strong>nepost:</strong></span> 
     </span>
     <span class='ocr_line' id='line_1_13' title="bbox 342 1757 863 1822; baseline -0.006 -11"><span class='ocrx_word' id='word_1_69' title='bbox 342 1765 500 1822; x_wconf 66' lang='lat' dir='ltr'><strong>saeuaeque</strong></span> <span class='ocrx_word' id='word_1_70' title='bbox 515 1760 616 1810; x_wconf 81' lang='lat' dir='ltr'><strong>vetustis</strong></span> <span class='ocrx_word' id='word_1_71' title='bbox 631 1757 776 1808; x_wconf 74' lang='lat' dir='ltr'><strong>Lambinus</strong></span> <span class='ocrx_word' id='word_1_72' title='bbox 794 1759 863 1809; x_wconf 90' lang='lat' dir='ltr'><strong>coni.</strong></span> 
     </span>
    </p>
   </div>
   <div class='ocr_carea' id='block_1_5' title="bbox 309 1902 1453 4270">
    <p class='ocr_par' dir='ltr' id='par_1_7' title="bbox 309 1902 1453 4270">
     <span class='ocr_line' id='line_1_14' title="bbox 309 1902 1389 1970; baseline -0.003 -15"><span class='ocrx_word' id='word_1_73' title='bbox 309 1911 395 1959; x_wconf 75' lang='lat' dir='ltr'><strong>«inter</strong></span> <span class='ocrx_word' id='word_1_74' title='bbox 421 1910 489 1959; x_wconf 89' lang='lat' dir='ltr'><strong>haec</strong></span> <span class='ocrx_word' id='word_1_75' title='bbox 517 1907 664 1956; x_wconf 87' lang='lat' dir='ltr'><strong>venationis</strong></span> <span class='ocrx_word' id='word_1_76' title='bbox 690 1905 834 1969; x_wconf 81' lang='lat' dir='ltr'><strong>operisque</strong></span> <span class='ocrx_word' id='word_1_77' title='bbox 904 1905 943 1956; x_wconf 83' lang='grc'><strong>43.</strong></span> <span class='ocrx_word' id='word_1_78' title='bbox 962 1905 1003 1956; x_wconf 79' lang='lat' dir='ltr'><strong>ii.</strong></span> <span class='ocrx_word' id='word_1_79' title='bbox 1022 1905 1131 1955; x_wconf 69' lang='grc' dir='ltr'>διανιιι</span> <span class='ocrx_word' id='word_1_80' title='bbox 1146 1905 1256 1970; x_wconf 76' lang='lat' dir='ltr'><strong>vetustis]</strong></span> <span class='ocrx_word' id='word_1_81' title='bbox 1275 1902 1389 1956; x_wconf 84' lang='lat' dir='ltr'><strong>Nonnulli</strong></span> 
     </span>
     <span class='ocr_line' id='line_1_15' title="bbox 310 1978 1390 2042; baseline -0.005 -10"><span class='ocrx_word' id='word_1_82' title='bbox 310 1984 402 2034; x_wconf 88' lang='lat' dir='ltr'><strong>rustici</strong></span> <span class='ocrx_word' id='word_1_83' title='bbox 421 1983 534 2033; x_wconf 78' lang='lat' dir='ltr'><strong>studia.»</strong></span> <span class='ocrx_word' id='word_1_84' title='bbox 871 1979 904 2029; x_wconf 90' lang='lat' dir='ltr'><strong>de</strong></span> <span class='ocrx_word' id='word_1_85' title='bbox 922 1980 1015 2031; x_wconf 81' lang='lat' dir='ltr'><strong>Mureti</strong></span> <span class='ocrx_word' id='word_1_86' title='bbox 1034 1981 1113 2042; x_wconf 82' lang='lat' dir='ltr'><strong>coni,</strong></span> <span class='ocrx_word' id='word_1_87' title='bbox 1132 1978 1237 2041; x_wconf 83' lang='lat' dir='ltr'><strong>Vslart,</strong></span> <span class='ocrx_word' id='word_1_88' title='bbox 1258 1985 1287 2029; x_wconf 94' lang='lat' dir='ltr'><strong>ut</strong></span> <span class='ocrx_word' id='word_1_89' title='bbox 1304 1980 1337 2029; x_wconf 88' lang='lat' dir='ltr'><strong>ait</strong></span> <span class='ocrx_word' id='word_1_90' title='bbox 1349 1980 1390 2028; x_wconf 82' lang='lat' dir='ltr'><strong>ho</strong></span> 
     </span>
     <span class='ocr_line' id='line_1_16' title="bbox 343 2052 1390 2114; baseline -0.005 -7"><span class='ocrx_word' id='word_1_91' title='bbox 343 2057 431 2107; x_wconf 69' lang='grc'><strong>39-42.</strong></span> <span class='ocrx_word' id='word_1_92' title='bbox 450 2058 506 2105; x_wconf 92' lang='lat' dir='ltr'><strong>lam</strong></span> <span class='ocrx_word' id='word_1_93' title='bbox 517 2053 551 2104; x_wconf 91' lang='lat' dir='ltr'><strong>ab</strong></span> <span class='ocrx_word' id='word_1_94' title='bbox 567 2053 751 2105; x_wconf 86' lang='lat' dir='ltr'><strong>libertinarum</strong></span> <span class='ocrx_word' id='word_1_95' title='bbox 763 2067 837 2104; x_wconf 85' lang='lat' dir='ltr'><strong>amo·</strong></span> <span class='ocrx_word' id='word_1_96' title='bbox 871 2067 915 2104; x_wconf 92' lang='lat' dir='ltr'><strong>mo</strong></span> <span class='ocrx_word' id='word_1_97' title='bbox 932 2052 1102 2114; x_wconf 82' lang='lat' dir='ltr'><strong>intestabilis,</strong></span> <span class='ocrx_word' id='word_1_98' title='bbox 1122 2066 1137 2103; x_wconf 91' lang='lat' dir='ltr'><strong>e</strong></span> <span class='ocrx_word' id='word_1_99' title='bbox 1155 2067 1202 2104; x_wconf 83' lang='lat' dir='ltr'><strong>sex</strong></span> <span class='ocrx_word' id='word_1_100' title='bbox 1220 2054 1320 2105; x_wconf 90' lang='lat' dir='ltr'><strong>Codd.:</strong></span> <span class='ocrx_word' id='word_1_101' title='bbox 1345 2053 1390 2102; x_wconf 84' lang='lat' dir='ltr'><strong>Su·</strong></span> 
     </span>
     <span class='ocr_line' id='line_1_17' title="bbox 310 2125 1390 2194; baseline -0.006 -12"><span class='ocrx_word' id='word_1_102' title='bbox 310 2145 355 2192; x_wconf 89' lang='lat' dir='ltr'><strong>re,</strong></span> <span class='ocrx_word' id='word_1_103' title='bbox 384 2143 466 2194; x_wconf 89' lang='lat' dir='ltr'><strong>quem</strong></span> <span class='ocrx_word' id='word_1_104' title='bbox 491 2129 653 2188; x_wconf 88' lang='lat' dir='ltr'><strong>detestatur,</strong></span> <span class='ocrx_word' id='word_1_105' title='bbox 683 2127 777 2180; x_wconf 89' lang='lat' dir='ltr'><strong>transit</strong></span> <span class='ocrx_word' id='word_1_106' title='bbox 801 2128 835 2178; x_wconf 90' lang='lat' dir='ltr'><strong>ad</strong></span> <span class='ocrx_word' id='word_1_107' title='bbox 870 2141 941 2177; x_wconf 75' lang='lat' dir='ltr'><strong>onan</strong></span> <span class='ocrx_word' id='word_1_108' title='bbox 964 2131 988 2177; x_wconf 88' lang='lat' dir='ltr'><strong>et</strong></span> <span class='ocrx_word' id='word_1_109' title='bbox 1011 2129 1126 2186; x_wconf 53' lang='lat' dir='ltr'><strong>uenatu</strong></span> <span class='ocrx_word' id='word_1_110' title='bbox 1161 2125 1211 2177; x_wconf 88' lang='lat' dir='ltr'><strong>sed</strong></span> <span class='ocrx_word' id='word_1_111' title='bbox 1237 2141 1301 2178; x_wconf 87' lang='lat' dir='ltr'><strong>cum</strong></span> <span class='ocrx_word' id='word_1_112' title='bbox 1326 2128 1390 2176; x_wconf 82' lang='lat' dir='ltr'><strong>veris</strong></span> 
     </span>
     <span class='ocr_line' id='line_1_18' title="bbox 311 2196 1388 2267; baseline -0.006 -12"><span class='ocrx_word' id='word_1_113' title='bbox 311 2205 464 2267; x_wconf 78' lang='lat' dir='ltr'><strong>coniugium</strong></span> <span class='ocrx_word' id='word_1_114' title='bbox 489 2203 539 2253; x_wconf 87' lang='lat' dir='ltr'><strong>sibi</strong></span> <span class='ocrx_word' id='word_1_115' title='bbox 567 2202 723 2266; x_wconf 88' lang='lat' dir='ltr'><strong>optandum.</strong></span> <span class='ocrx_word' id='word_1_116' title='bbox 753 2229 781 2240; x_wconf 95' lang='lat'>-</span> <span class='ocrx_word' id='word_1_117' title='bbox 809 2205 836 2252; x_wconf 79' lang='lat' dir='ltr'><strong>in</strong></span> <span class='ocrx_word' id='word_1_118' title='bbox 871 2201 1145 2252; x_wconf 70' lang='lat' dir='ltr'><strong>carlummannum</strong></span> <span class='ocrx_word' id='word_1_119' title='bbox 1170 2196 1329 2253; x_wconf 73' lang='grc' dir='ltr'><em>ἀσύνδετον</em></span> <span class='ocrx_word' id='word_1_120' title='bbox 1350 2201 1388 2250; x_wconf 91' lang='lat' dir='ltr'><strong>id·</strong></span> 
     </span>
     <span class='ocr_line' id='line_1_19' title="bbox 309 2273 1453 2344; baseline -0.006 -15"><span class='ocrx_word' id='word_1_121' title='bbox 309 2280 447 2344; x_wconf 63' lang='lat' dir='ltr'><strong>purten«</strong></span> <span class='ocrx_word' id='word_1_122' title='bbox 435 2289 511 2327; x_wconf 71' lang='lat' dir='ltr'><strong>«eam</strong></span> <span class='ocrx_word' id='word_1_123' title='bbox 529 2289 655 2327; x_wconf 89' lang='lat' dir='ltr'><strong>curarum</strong></span> <span class='ocrx_word' id='word_1_124' title='bbox 672 2276 835 2328; x_wconf 87' lang='lat' dir='ltr'><strong>domestica·</strong></span> <span class='ocrx_word' id='word_1_125' title='bbox 870 2276 956 2337; x_wconf 80' lang='lat' dir='ltr'><strong>circo,</strong></span> <span class='ocrx_word' id='word_1_126' title='bbox 975 2275 1049 2339; x_wconf 90' lang='lat' dir='ltr'><strong>quod</strong></span> <span class='ocrx_word' id='word_1_127' title='bbox 1065 2277 1108 2326; x_wconf 88' lang='lat' dir='ltr'><strong>hic</strong></span> <span class='ocrx_word' id='word_1_128' title='bbox 1125 2278 1153 2326; x_wconf 91' lang='lat' dir='ltr'><strong>et</strong></span> <span class='ocrx_word' id='word_1_129' title='bbox 1169 2277 1195 2326; x_wconf 92' lang='lat' dir='ltr'><strong>in</strong></span> <span class='ocrx_word' id='word_1_130' title='bbox 1212 2289 1292 2340; x_wconf 89' lang='lat' dir='ltr'><strong>seqq.</strong></span> <span class='ocrx_word' id='word_1_131' title='bbox 1310 2273 1392 2338; x_wconf 79' lang='lat' dir='ltr'><strong>singil-</strong></span> <span class='ocrx_word' id='word_1_132' title='bbox 1452 2273 1453 2294; x_wconf 75' lang='lat'><em>³</em></span> 
     </span>
     <span class='ocr_line' id='line_1_20' title="bbox 311 2347 1453 2436; baseline -0.007 -34"><span class='ocrx_word' id='word_1_133' title='bbox 311 2365 371 2402; x_wconf 89' lang='lat' dir='ltr'><strong>rum</strong></span> <span class='ocrx_word' id='word_1_134' title='bbox 379 2365 473 2416; x_wconf 91' lang='lat' dir='ltr'><strong>quae</strong></span> <span class='ocrx_word' id='word_1_135' title='bbox 486 2351 520 2400; x_wconf 90' lang='lat' dir='ltr'><strong>ad</strong></span> <span class='ocrx_word' id='word_1_136' title='bbox 537 2354 676 2402; x_wconf 88' lang='lat' dir='ltr'><strong>strenuam</strong></span> <span class='ocrx_word' id='word_1_137' title='bbox 692 2350 835 2401; x_wconf 88' lang='lat' dir='ltr'><strong>mulierem</strong></span> <span class='ocrx_word' id='word_1_138' title='bbox 869 2347 966 2400; x_wconf 88' lang='lat' dir='ltr'><strong>latim</strong></span> <span class='ocrx_word' id='word_1_139' title='bbox 960 2362 1012 2399; x_wconf 90' lang='lat' dir='ltr'><strong>ram</strong></span> <span class='ocrx_word' id='word_1_140' title='bbox 1030 2350 1105 2410; x_wconf 79' lang='lat' dir='ltr'><strong>dicit.</strong></span> <span class='ocrx_word' id='word_1_141' title='bbox 1131 2351 1271 2436; x_wconf 85' lang='lat' dir='ltr'><strong>quomodo</strong></span> <span class='ocrx_word' id='word_1_142' title='bbox 1288 2353 1391 2401; x_wconf 90' lang='lat' dir='ltr'><strong>strenua</strong></span> <span class='ocrx_word' id='word_1_143' title='bbox 1452 2381 1453 2394; x_wconf 37' lang='lat' dir='ltr'><strong>i</strong></span> 
     </span>
     <span class='ocr_line' id='line_1_21' title="bbox 309 2423 1389 2510; baseline -0.002 -34"><span class='ocrx_word' id='word_1_144' title='bbox 309 2428 417 2491; x_wconf 87' lang='lat' dir='ltr'><strong>proprie</strong></span> <span class='ocrx_word' id='word_1_145' title='bbox 434 2427 582 2490; x_wconf 88' lang='lat' dir='ltr'><strong>pertinent·</strong></span> <span class='ocrx_word' id='word_1_146' title='bbox 600 2423 631 2474; x_wconf 77' lang='grc' dir='ltr'><strong>ἐν</strong></span> <span class='ocrx_word' id='word_1_147' title='bbox 647 2425 754 2510; x_wconf 61' lang='lat' dir='ltr'><strong>pepsep</strong></span> <span class='ocrx_word' id='word_1_148' title='bbox 743 2425 837 2474; x_wconf 77' lang='lat' dir='ltr'><strong>rEu-</strong></span> <span class='ocrx_word' id='word_1_149' title='bbox 871 2425 966 2474; x_wconf 82' lang='lat' dir='ltr'><strong>coniux</strong></span> <span class='ocrx_word' id='word_1_150' title='bbox 989 2425 1114 2474; x_wconf 89' lang='lat' dir='ltr'><strong>maritum</strong></span> <span class='ocrx_word' id='word_1_151' title='bbox 1137 2425 1229 2474; x_wconf 84' lang='lat' dir='ltr'><strong>iuvare</strong></span> <span class='ocrx_word' id='word_1_152' title='bbox 1252 2424 1389 2475; x_wconf 86' lang='lat' dir='ltr'><strong>soleat.-</strong></span> 
     </span>
     <span class='ocr_line' id='line_1_22' title="bbox 310 2491 1391 2588; baseline -0.005 -38"><span class='ocrx_word' id='word_1_153' title='bbox 310 2502 361 2588; x_wconf 87' lang='lat' dir='ltr'><strong>rip</strong></span> <span class='ocrx_word' id='word_1_154' title='bbox 387 2499 425 2550; x_wconf 83' lang='lat' dir='ltr'><strong>El</strong></span> <span class='ocrx_word' id='word_1_155' title='bbox 451 2501 492 2549; x_wconf 79' lang='grc'><strong>44.</strong></span> <span class='ocrx_word' id='word_1_156' title='bbox 526 2498 630 2549; x_wconf 78' lang='lat' dir='ltr'><strong>Electra</strong></span> <span class='ocrx_word' id='word_1_157' title='bbox 654 2499 687 2548; x_wconf 91' lang='lat' dir='ltr'><strong>ad</strong></span> <span class='ocrx_word' id='word_1_158' title='bbox 712 2491 836 2569; x_wconf 73' lang='lat' dir='ltr'><strong>abeoop-</strong></span> <span class='ocrx_word' id='word_1_159' title='bbox 870 2497 951 2548; x_wconf 88' lang='lat' dir='ltr'><strong>Simili</strong></span> <span class='ocrx_word' id='word_1_160' title='bbox 968 2499 1049 2548; x_wconf 92' lang='lat' dir='ltr'><strong>modo</strong></span> <span class='ocrx_word' id='word_1_161' title='bbox 1066 2499 1166 2548; x_wconf 87' lang='lat' dir='ltr'><strong>erravit</strong></span> <span class='ocrx_word' id='word_1_162' title='bbox 1182 2498 1328 2549; x_wconf 76' lang='lat' dir='ltr'><strong>Lambinus</strong></span> <span class='ocrx_word' id='word_1_163' title='bbox 1346 2499 1391 2546; x_wconf 84' lang='lat' dir='ltr'><strong>So-</strong></span> 
     </span>
     <span class='ocr_line' id='line_1_23' title="bbox 310 2571 1392 2640; baseline -0.003 -16"><span class='ocrx_word' id='word_1_164' title='bbox 310 2571 372 2640; x_wconf 75' lang='lat' dir='ltr'><strong>pov,</strong></span> <span class='ocrx_word' id='word_1_165' title='bbox 385 2575 428 2624; x_wconf 88' lang='lat' dir='ltr'><strong>oui</strong></span> <span class='ocrx_word' id='word_1_166' title='bbox 440 2576 467 2623; x_wconf 93' lang='lat' dir='ltr'><strong>in</strong></span> <span class='ocrx_word' id='word_1_167' title='bbox 478 2573 677 2624; x_wconf 88' lang='lat' dir='ltr'><strong>matrimonium</strong></span> <span class='ocrx_word' id='word_1_168' title='bbox 688 2572 748 2622; x_wconf 88' lang='lat' dir='ltr'><strong>datu</strong></span> <span class='ocrx_word' id='word_1_169' title='bbox 762 2575 833 2622; x_wconf 83' lang='lat' dir='ltr'><strong>erut:</strong></span> <span class='ocrx_word' id='word_1_170' title='bbox 869 2586 990 2634; x_wconf 72' lang='lat' dir='ltr'><strong>omenque</strong></span> <span class='ocrx_word' id='word_1_171' title='bbox 1009 2573 1111 2622; x_wconf 78' lang='lat' dir='ltr'><strong>vetustis</strong></span> <span class='ocrx_word' id='word_1_172' title='bbox 1131 2573 1230 2633; x_wconf 85' lang='lat' dir='ltr'><strong>edens,</strong></span> <span class='ocrx_word' id='word_1_173' title='bbox 1257 2572 1392 2622; x_wconf 81' lang='lat' dir='ltr'><strong>Turnebus</strong></span> 
     </span>
     <span class='ocr_line' id='line_1_24' title="bbox 311 2637 1392 2713; baseline -0.005 -15"><span class='ocrx_word' id='word_1_174' title='bbox 311 2648 362 2698; x_wconf 78' lang='lat' dir='ltr'><strong>Aet</strong></span> <span class='ocrx_word' id='word_1_175' title='bbox 382 2644 418 2713; x_wconf 82' lang='grc' dir='ltr'><strong>δή</strong></span> <span class='ocrx_word' id='word_1_176' title='bbox 439 2662 477 2712; x_wconf 83' lang='grc' dir='ltr'><strong>με</strong></span> <span class='ocrx_word' id='word_1_177' title='bbox 493 2641 686 2698; x_wconf 78' lang='grc' dir='ltr'><strong><em>κάκέλευστον</em></strong></span> <span class='ocrx_word' id='word_1_178' title='bbox 703 2648 745 2709; x_wconf 79' lang='grc' dir='ltr'><strong>εἰς</strong></span> <span class='ocrx_word' id='word_1_179' title='bbox 763 2637 836 2696; x_wconf 74' lang='grc' dir='ltr'>οσον</span> <span class='ocrx_word' id='word_1_180' title='bbox 869 2661 895 2696; x_wconf 85' lang='lat' dir='ltr'><strong>v.</strong></span> <span class='ocrx_word' id='word_1_181' title='bbox 915 2647 955 2696; x_wconf 84' lang='grc'><strong>39.</strong></span> <span class='ocrx_word' id='word_1_182' title='bbox 970 2648 1062 2697; x_wconf 79' lang='lat' dir='ltr'><strong>iuvuns</strong></span> <span class='ocrx_word' id='word_1_183' title='bbox 1077 2660 1294 2712; x_wconf 76' lang='lat' dir='ltr'><strong>proponens-</strong></span> <span class='ocrx_word' id='word_1_184' title='bbox 1312 2649 1392 2712; x_wconf 88' lang='lat' dir='ltr'><strong>Super</strong></span> 
     </span>
     <span class='ocr_line' id='line_1_25' title="bbox 311 2718 1391 2785; baseline -0.004 -12"><span class='ocrx_word' id='word_1_185' title='bbox 311 2723 406 2773; x_wconf 76' lang='grc' dir='ltr'><em>σθένω</em></span> <span class='ocrx_word' id='word_1_186' title='bbox 432 2718 557 2781; x_wconf 68' lang='lat' dir='ltr'><strong>Maxilua</strong></span> <span class='ocrx_word' id='word_1_187' title='bbox 584 2719 834 2784; x_wconf 56' lang='lat' dir='ltr'><strong>&#39;nezoopigoooarb</strong></span> <span class='ocrx_word' id='word_1_188' title='bbox 871 2722 930 2772; x_wconf 89' lang='lat' dir='ltr'><strong>loco</strong></span> <span class='ocrx_word' id='word_1_189' title='bbox 947 2721 1059 2772; x_wconf 82' lang='lat' dir='ltr'><strong>Laribus</strong></span> <span class='ocrx_word' id='word_1_190' title='bbox 1071 2735 1143 2771; x_wconf 82' lang='lat' dir='ltr'><strong>sacro</strong></span> <span class='ocrx_word' id='word_1_191' title='bbox 1155 2721 1229 2772; x_wconf 83' lang='lat' dir='ltr'><strong>arida</strong></span> <span class='ocrx_word' id='word_1_192' title='bbox 1242 2721 1314 2785; x_wconf 82' lang='lat' dir='ltr'><strong>ligna</strong></span> <span class='ocrx_word' id='word_1_193' title='bbox 1325 2721 1391 2782; x_wconf 75' lang='lat' dir='ltr'><strong>large</strong></span> 
     </span>
     <span class='ocr_line' id='line_1_26' title="bbox 311 2790 1393 2865; baseline -0.003 -20"><span class='ocrx_word' id='word_1_194' title='bbox 311 2791 352 2859; x_wconf 79' lang='grc' dir='ltr'><strong>ὥς</strong></span> <span class='ocrx_word' id='word_1_195' title='bbox 378 2790 451 2865; x_wconf 78' lang='grc' dir='ltr'><strong><em>ῥᾷον</em></strong></span> <span class='ocrx_word' id='word_1_196' title='bbox 478 2797 581 2865; x_wconf 77' lang='grc' dir='ltr'><strong>φέρῃς,</strong></span> <span class='ocrx_word' id='word_1_197' title='bbox 617 2795 835 2860; x_wconf 78' lang='grc' dir='ltr'>Συνεκκομιζειν</span> <span class='ocrx_word' id='word_1_198' title='bbox 871 2797 976 2860; x_wconf 86' lang='lat' dir='ltr'><strong>reponit</strong></span> <span class='ocrx_word' id='word_1_199' title='bbox 993 2799 1020 2846; x_wconf 90' lang='lat' dir='ltr'><strong>et</strong></span> <span class='ocrx_word' id='word_1_200' title='bbox 1037 2797 1102 2846; x_wconf 84' lang='lat' dir='ltr'><strong>cibis</strong></span> <span class='ocrx_word' id='word_1_201' title='bbox 1115 2797 1277 2860; x_wconf 83' lang='lat' dir='ltr'><strong>apparandis</strong></span> <span class='ocrx_word' id='word_1_202' title='bbox 1301 2799 1328 2846; x_wconf 88' lang='lat' dir='ltr'><strong>et</strong></span> <span class='ocrx_word' id='word_1_203' title='bbox 1347 2797 1393 2844; x_wconf 80' lang='lat' dir='ltr'><strong>sic-</strong></span> 
     </span>
     <span class='ocr_line' id='line_1_27' title="bbox 312 2863 1393 2934; baseline -0.003 -13"><span class='ocrx_word' id='word_1_204' title='bbox 312 2872 360 2921; x_wconf 80' lang='lat' dir='ltr'><strong>oot</strong></span> <span class='ocrx_word' id='word_1_205' title='bbox 377 2866 499 2930; x_wconf 79' lang='grc' dir='ltr'><strong><em>πόνους·</em></strong></span> <span class='ocrx_word' id='word_1_206' title='bbox 523 2865 627 2931; x_wconf 64' lang='lat' dir='ltr'><strong>elige</strong></span> <span class='ocrx_word' id='word_1_207' title='bbox 645 2863 721 2932; x_wconf 73' lang='grc' dir='ltr'>ἔχεις</span> <span class='ocrx_word' id='word_1_208' title='bbox 738 2863 837 2934; x_wconf 80' lang='grc' dir='ltr'><strong><em>Τᾶξω-</em></strong></span> <span class='ocrx_word' id='word_1_209' title='bbox 872 2871 957 2921; x_wconf 89' lang='lat' dir='ltr'><strong>cundo</strong></span> <span class='ocrx_word' id='word_1_210' title='bbox 975 2871 1076 2931; x_wconf 91' lang='lat' dir='ltr'><strong>sudori,</strong></span> <span class='ocrx_word' id='word_1_211' title='bbox 1095 2871 1328 2933; x_wconf 89' lang='lat' dir='ltr'><strong>quemadmodum</strong></span> <span class='ocrx_word' id='word_1_212' title='bbox 1350 2883 1393 2918; x_wconf 85' lang='lat' dir='ltr'><strong>aa·</strong></span> 
     </span>
     <span class='ocr_line' id='line_1_28' title="bbox 311 2937 1393 3030; baseline -0.002 -37"><span class='ocrx_word' id='word_1_213' title='bbox 311 2937 404 2993; x_wconf 74' lang='grc' dir='ltr'><strong>θεν</strong></span> <span class='ocrx_word' id='word_1_214' title='bbox 376 2957 468 3030; x_wconf 78' lang='lat' dir='ltr'><strong>eppa</strong></span> <span class='ocrx_word' id='word_1_215' title='bbox 497 2937 550 2991; x_wconf 76' lang='grc' dir='ltr'><strong>τάν</strong></span> <span class='ocrx_word' id='word_1_216' title='bbox 577 2939 679 3006; x_wconf 80' lang='grc' dir='ltr'>δόμοις</span> <span class='ocrx_word' id='word_1_217' title='bbox 706 2942 730 2993; x_wconf 79' lang='grc' dir='ltr'><em>δ</em></span> <span class='ocrx_word' id='word_1_218' title='bbox 757 2939 836 3010; x_wconf 82' lang='grc' dir='ltr'><strong><em>ἡμᾶς</em></strong></span> <span class='ocrx_word' id='word_1_219' title='bbox 871 2947 938 2996; x_wconf 84' lang='lat' dir='ltr'><strong>stete</strong></span> <span class='ocrx_word' id='word_1_220' title='bbox 965 2944 1064 2994; x_wconf 85' lang='lat' dir='ltr'><strong>iaciunt</strong></span> <span class='ocrx_word' id='word_1_221' title='bbox 1089 2942 1158 3004; x_wconf 90' lang='lat' dir='ltr'><strong>Itali</strong></span> <span class='ocrx_word' id='word_1_222' title='bbox 1186 2947 1214 2994; x_wconf 90' lang='lat' dir='ltr'><strong>et</strong></span> <span class='ocrx_word' id='word_1_223' title='bbox 1238 2943 1337 2994; x_wconf 87' lang='lat' dir='ltr'><strong>balneo</strong></span> <span class='ocrx_word' id='word_1_224' title='bbox 1358 2943 1393 2992; x_wconf 85' lang='lat' dir='ltr'><strong>la·</strong></span> 
     </span>
     <span class='ocr_line' id='line_1_29' title="bbox 311 3012 1393 3104; baseline -0.002 -38"><span class='ocrx_word' id='word_1_225' title='bbox 311 3032 404 3088; x_wconf 79' lang='grc' dir='ltr'><strong><em>χρεων</em></strong></span> <span class='ocrx_word' id='word_1_226' title='bbox 418 3012 579 3104; x_wconf 76' lang='grc' dir='ltr'><strong>Εξευτρεπ</strong></span> <span class='ocrx_word' id='word_1_227' title='bbox 578 3020 653 3081; x_wconf 79' lang='grc' dir='ltr'>ζειν</span> <span class='ocrx_word' id='word_1_228' title='bbox 677 3015 836 3070; x_wconf 73' lang='lat' dir='ltr'><strong>aloecvrril</strong></span> <span class='ocrx_word' id='word_1_229' title='bbox 872 3017 968 3069; x_wconf 90' lang='lat' dir='ltr'><strong>ciendo</strong></span> <span class='ocrx_word' id='word_1_230' title='bbox 988 3017 1131 3081; x_wconf 80' lang='lat' dir='ltr'><strong>(Tibulli,</strong></span> <span class='ocrx_word' id='word_1_231' title='bbox 1153 3019 1197 3078; x_wconf 85' lang='grc'><strong>40,</strong></span> <span class='ocrx_word' id='word_1_232' title='bbox 1217 3017 1263 3068; x_wconf 77' lang='lat' dir='ltr'><strong>ta:</strong></span> <span class='ocrx_word' id='word_1_233' title='bbox 1290 3020 1322 3068; x_wconf 79' lang='lat' dir='ltr'><strong>Et</strong></span> <span class='ocrx_word' id='word_1_234' title='bbox 1336 3018 1393 3067; x_wconf 82' lang='lat' dir='ltr'><strong>culi-</strong></span> 
     </span>
     <span class='ocr_line' id='line_1_30' title="bbox 312 3086 1393 3229; baseline -0.002 -85"><span class='ocrx_word' id='word_1_235' title='bbox 312 3089 416 3164; x_wconf 78' lang='grc' dir='ltr'><em>ἐργάτῃ</em></span> <span class='ocrx_word' id='word_1_236' title='bbox 438 3088 601 3229; x_wconf 48' lang='lat' dir='ltr'><strong>apotev</strong></span> <span class='ocrx_word' id='word_1_237' title='bbox 591 3086 646 3157; x_wconf 78' lang='grc' dir='ltr'><strong>ἡδύ</strong></span> <span class='ocrx_word' id='word_1_238' title='bbox 663 3088 769 3143; x_wconf 79' lang='grc' dir='ltr'><em>τᾶνδον</em></span> <span class='ocrx_word' id='word_1_239' title='bbox 789 3087 837 3144; x_wconf 77' lang='lat' dir='ltr'><strong>sai-</strong></span> <span class='ocrx_word' id='word_1_240' title='bbox 871 3095 931 3143; x_wconf 80' lang='lat' dir='ltr'><strong>dam</strong></span> <span class='ocrx_word' id='word_1_241' title='bbox 949 3093 1012 3156; x_wconf 80' lang='lat' dir='ltr'><strong>sesso</strong></span> <span class='ocrx_word' id='word_1_242' title='bbox 1033 3098 1165 3154; x_wconf 84' lang='lat' dir='ltr'><strong>comparat</strong></span> <span class='ocrx_word' id='word_1_243' title='bbox 1185 3107 1256 3142; x_wconf 69' lang='lat' dir='ltr'><strong>eaeor</strong></span> <span class='ocrx_word' id='word_1_244' title='bbox 1279 3091 1393 3157; x_wconf 75' lang='lat' dir='ltr'><strong>aquam)</strong></span> 
     </span>
     <span class='ocr_line' id='line_1_31' title="bbox 312 3165 1392 3238; baseline 0.002 -21"><span class='ocrx_word' id='word_1_245' title='bbox 312 3169 422 3238; x_wconf 70' lang='lat' dir='ltr'><strong>piooesev</strong></span> <span class='ocrx_word' id='word_1_246' title='bbox 620 3167 728 3231; x_wconf 58' lang='lat' dir='ltr'><strong>Sabim</strong></span> <span class='ocrx_word' id='word_1_247' title='bbox 748 3181 837 3231; x_wconf 74' lang='lat' dir='ltr'><strong>iqua·</strong></span> <span class='ocrx_word' id='word_1_248' title='bbox 871 3165 959 3232; x_wconf 88' lang='lat' dir='ltr'><strong>paullo</strong></span> <span class='ocrx_word' id='word_1_249' title='bbox 971 3169 1032 3217; x_wconf 89' lang='lat' dir='ltr'><strong>ante</strong></span> <span class='ocrx_word' id='word_1_250' title='bbox 1044 3180 1094 3216; x_wconf 82' lang='lat' dir='ltr'><strong>vrrr</strong></span> <span class='ocrx_word' id='word_1_251' title='bbox 1111 3166 1269 3218; x_wconf 86' lang='lat' dir='ltr'><strong>adventum.</strong></span> <span class='ocrx_word' id='word_1_252' title='bbox 1283 3166 1392 3229; x_wconf 75' lang='lat' dir='ltr'><strong>-basri</strong></span> 
     </span>
     <span class='ocr_line' id='line_1_32' title="bbox 312 3240 1395 3305; baseline -0.005 -12"><span class='ocrx_word' id='word_1_253' title='bbox 312 3241 351 3293; x_wconf 87' lang='lat' dir='ltr'><strong>les</strong></span> <span class='ocrx_word' id='word_1_254' title='bbox 379 3255 440 3293; x_wconf 87' lang='lat' dir='ltr'><strong>esse</strong></span> <span class='ocrx_word' id='word_1_255' title='bbox 469 3240 557 3291; x_wconf 89' lang='lat' dir='ltr'><strong>solent</strong></span> <span class='ocrx_word' id='word_1_256' title='bbox 584 3241 697 3290; x_wconf 84' lang='lat' dir='ltr'><strong>Sabinae</strong></span> <span class='ocrx_word' id='word_1_257' title='bbox 722 3253 835 3291; x_wconf 88' lang='lat' dir='ltr'><strong>severae</strong></span> <span class='ocrx_word' id='word_1_258' title='bbox 873 3240 1135 3304; x_wconf 83' lang='lat' dir='ltr'><strong>lysiasapudltutil.</strong></span> <span class='ocrx_word' id='word_1_259' title='bbox 1146 3243 1254 3305; x_wconf 86' lang='lat' dir='ltr'><strong>Lup.,i</strong></span> <span class='ocrx_word' id='word_1_260' title='bbox 1270 3243 1317 3292; x_wconf 68' lang='lat' dir='ltr'><strong>ii:</strong></span> <span class='ocrx_word' id='word_1_261' title='bbox 1336 3243 1395 3290; x_wconf 79' lang='lat' dir='ltr'><strong>ltere</strong></span> 
     </span>
     <span class='ocr_line' id='line_1_33' title="bbox 313 3314 1392 3379; baseline -0.001 -13"><span class='ocrx_word' id='word_1_262' title='bbox 313 3316 369 3379; x_wconf 76' lang='lat' dir='ltr'>(Od.</span> <span class='ocrx_word' id='word_1_263' title='bbox 388 3316 416 3377; x_wconf 83' lang='lat'><strong>3,</strong></span> <span class='ocrx_word' id='word_1_264' title='bbox 435 3316 463 3375; x_wconf 90' lang='grc'><strong>6,</strong></span> <span class='ocrx_word' id='word_1_265' title='bbox 483 3315 534 3378; x_wconf 84' lang='grc'>39.)</span> <span class='ocrx_word' id='word_1_266' title='bbox 558 3317 586 3365; x_wconf 92' lang='lat' dir='ltr'><strong>et</strong></span> <span class='ocrx_word' id='word_1_267' title='bbox 610 3314 733 3365; x_wconf 87' lang='lat' dir='ltr'><strong>laborum</strong></span> <span class='ocrx_word' id='word_1_268' title='bbox 755 3327 835 3378; x_wconf 72' lang='grc' dir='ltr'>(ιιιιιι</span> <span class='ocrx_word' id='word_1_269' title='bbox 870 3316 981 3376; x_wconf 79' lang='lat' dir='ltr'><strong>rediens,</strong></span> <span class='ocrx_word' id='word_1_270' title='bbox 1002 3316 1109 3376; x_wconf 71' lang='lat' dir='ltr'><strong>iactes,</strong></span> <span class='ocrx_word' id='word_1_271' title='bbox 1132 3315 1204 3364; x_wconf 79' lang='lat' dir='ltr'><strong>tono</strong></span> <span class='ocrx_word' id='word_1_272' title='bbox 1220 3316 1309 3365; x_wconf 79' lang='lat' dir='ltr'><strong>mutor</strong></span> <span class='ocrx_word' id='word_1_273' title='bbox 1324 3321 1392 3366; x_wconf 70' lang='lat' dir='ltr'><strong>m.</strong></span> 
     </span>
     <span class='ocr_line' id='line_1_34' title="bbox 313 3387 1395 3454; baseline -0.002 -14"><span class='ocrx_word' id='word_1_274' title='bbox 313 3392 428 3440; x_wconf 76' lang='lat' dir='ltr'><strong>maxime</strong></span> <span class='ocrx_word' id='word_1_275' title='bbox 448 3389 593 3439; x_wconf 90' lang='lat' dir='ltr'><strong>tolerantes</strong></span> <span class='ocrx_word' id='word_1_276' title='bbox 609 3391 657 3440; x_wconf 90' lang='lat' dir='ltr'><strong>aut</strong></span> <span class='ocrx_word' id='word_1_277' title='bbox 673 3387 773 3439; x_wconf 87' lang='lat' dir='ltr'><strong>similes</strong></span> <span class='ocrx_word' id='word_1_278' title='bbox 794 3389 835 3438; x_wconf 88' lang='lat' dir='ltr'><strong>his</strong></span> <span class='ocrx_word' id='word_1_279' title='bbox 871 3403 963 3454; x_wconf 70' lang='lat' dir='ltr'><strong>mopso</strong></span> <span class='ocrx_word' id='word_1_280' title='bbox 980 3390 1076 3451; x_wconf 84' lang='lat' dir='ltr'><strong>cature,</strong></span> <span class='ocrx_word' id='word_1_281' title='bbox 1094 3391 1395 3452; x_wconf 74' lang='lat' dir='ltr'><strong>oiasuffarenseiaemo</strong></span> 
     </span>
     <span class='ocr_line' id='line_1_35' title="bbox 312 3458 1394 3528; baseline -0.002 -14"><span class='ocrx_word' id='word_1_282' title='bbox 312 3464 412 3527; x_wconf 80' lang='lat' dir='ltr'><strong>Apulae</strong></span> <span class='ocrx_word' id='word_1_283' title='bbox 424 3458 639 3528; x_wconf 67' lang='lat' dir='ltr'><strong>plerissimus.»</strong></span> <span class='ocrx_word' id='word_1_284' title='bbox 659 3465 760 3514; x_wconf 90' lang='lat' dir='ltr'><strong>Duram</strong></span> <span class='ocrx_word' id='word_1_285' title='bbox 772 3463 837 3515; x_wconf 88' lang='lat' dir='ltr'><strong>anti·</strong></span> <span class='ocrx_word' id='word_1_286' title='bbox 871 3465 982 3524; x_wconf 78' lang='lat' dir='ltr'><strong>testium,</strong></span> <span class='ocrx_word' id='word_1_287' title='bbox 1001 3469 1084 3514; x_wconf 82' lang='lat' dir='ltr'><strong>tomen</strong></span> <span class='ocrx_word' id='word_1_288' title='bbox 1099 3464 1138 3513; x_wconf 84' lang='lat' dir='ltr'><strong>itia</strong></span> <span class='ocrx_word' id='word_1_289' title='bbox 1152 3464 1235 3514; x_wconf 82' lang='lat' dir='ltr'><strong>uerbis</strong></span> <span class='ocrx_word' id='word_1_290' title='bbox 1250 3471 1345 3528; x_wconf 70' lang='lat' dir='ltr'><strong>epotare</strong></span> <span class='ocrx_word' id='word_1_291' title='bbox 1360 3475 1394 3512; x_wconf 81' lang='lat' dir='ltr'><strong>nie</strong></span> 
     </span>
     <span class='ocr_line' id='line_1_36' title="bbox 312 3537 1393 3602; baseline 0.001 -15"><span class='ocrx_word' id='word_1_292' title='bbox 312 3551 426 3602; x_wconf 88' lang='lat' dir='ltr'><strong>quarum</strong></span> <span class='ocrx_word' id='word_1_293' title='bbox 450 3538 608 3588; x_wconf 90' lang='lat' dir='ltr'><strong>Sabinarum</strong></span> <span class='ocrx_word' id='word_1_294' title='bbox 630 3538 712 3588; x_wconf 84' lang='lat' dir='ltr'><strong>vitam</strong></span> <span class='ocrx_word' id='word_1_295' title='bbox 733 3537 838 3588; x_wconf 87' lang='lat' dir='ltr'><strong>descri-</strong></span> <span class='ocrx_word' id='word_1_296' title='bbox 871 3539 998 3588; x_wconf 83' lang='lat' dir='ltr'><strong>consolor:</strong></span> <span class='ocrx_word' id='word_1_297' title='bbox 1026 3539 1075 3588; x_wconf 80' lang='lat' dir='ltr'><strong>Fer</strong></span> <span class='ocrx_word' id='word_1_298' title='bbox 1094 3539 1194 3602; x_wconf 67' lang='lat' dir='ltr'><strong>(witer</strong></span> <span class='ocrx_word' id='word_1_299' title='bbox 1210 3539 1312 3588; x_wconf 75' lang='lat' dir='ltr'><strong>demun</strong></span> <span class='ocrx_word' id='word_1_300' title='bbox 1330 3539 1393 3588; x_wconf 63' lang='lat' dir='ltr'><strong>mo</strong></span> 
     </span>
     <span class='ocr_line' id='line_1_37' title="bbox 312 3610 1395 3674; baseline 0 -12"><span class='ocrx_word' id='word_1_301' title='bbox 312 3613 352 3663; x_wconf 89' lang='lat' dir='ltr'><strong>bit</strong></span> <span class='ocrx_word' id='word_1_302' title='bbox 368 3612 442 3662; x_wconf 84' lang='lat' dir='ltr'><strong>Ovid.</strong></span> <span class='ocrx_word' id='word_1_303' title='bbox 461 3612 530 3663; x_wconf 83' lang='lat' dir='ltr'><strong>bled.</strong></span> <span class='ocrx_word' id='word_1_304' title='bbox 550 3613 609 3662; x_wconf 85' lang='lat' dir='ltr'><strong>Fac.</strong></span> <span class='ocrx_word' id='word_1_305' title='bbox 630 3612 669 3661; x_wconf 88' lang='grc'><strong>44.</strong></span> <span class='ocrx_word' id='word_1_306' title='bbox 688 3613 752 3661; x_wconf 90' lang='lat' dir='ltr'><strong>Stat.</strong></span> <span class='ocrx_word' id='word_1_307' title='bbox 773 3610 834 3661; x_wconf 86' lang='lat' dir='ltr'><strong>Silv.</strong></span> <span class='ocrx_word' id='word_1_308' title='bbox 871 3625 939 3670; x_wconf 70' lang='lat' dir='ltr'><strong>reim</strong></span> <span class='ocrx_word' id='word_1_309' title='bbox 957 3613 1010 3661; x_wconf 88' lang='lat' dir='ltr'><strong>ium</strong></span> <span class='ocrx_word' id='word_1_310' title='bbox 1021 3611 1089 3661; x_wconf 74' lang='lat' dir='ltr'><strong>trau</strong></span> <span class='ocrx_word' id='word_1_311' title='bbox 1100 3612 1201 3661; x_wconf 72' lang='lat' dir='ltr'><strong>dommo</strong></span> <span class='ocrx_word' id='word_1_312' title='bbox 1217 3613 1303 3662; x_wconf 71' lang='lat' dir='ltr'><strong>oeuioe</strong></span> <span class='ocrx_word' id='word_1_313' title='bbox 1313 3623 1395 3674; x_wconf 76' lang='lat' dir='ltr'><strong>etspe-</strong></span> 
     </span>
     <span class='ocr_line' id='line_1_38' title="bbox 312 3685 1393 3749; baseline -0.004 -13"><span class='ocrx_word' id='word_1_314' title='bbox 312 3690 341 3748; x_wconf 81' lang='lat'><strong>5,</strong></span> <span class='ocrx_word' id='word_1_315' title='bbox 361 3689 390 3748; x_wconf 95' lang='grc'><strong>4,</strong></span> <span class='ocrx_word' id='word_1_316' title='bbox 405 3688 462 3736; x_wconf 65' lang='lat' dir='ltr'><strong>tii:</strong></span> <span class='ocrx_word' id='word_1_317' title='bbox 487 3687 554 3735; x_wconf 87' lang='lat' dir='ltr'><strong>Velut</strong></span> <span class='ocrx_word' id='word_1_318' title='bbox 564 3686 646 3746; x_wconf 82' lang='lat' dir='ltr'><strong>Apula</strong></span> <span class='ocrx_word' id='word_1_319' title='bbox 657 3687 753 3734; x_wconf 68' lang='lat' dir='ltr'><strong>sonitem</strong></span> <span class='ocrx_word' id='word_1_320' title='bbox 764 3685 837 3749; x_wconf 77' lang='lat' dir='ltr'><strong>Apri-</strong></span> <span class='ocrx_word' id='word_1_321' title='bbox 870 3691 966 3744; x_wconf 54' lang='lat' dir='ltr'><strong>clatus</strong></span> <span class='ocrx_word' id='word_1_322' title='bbox 989 3686 1095 3746; x_wconf 81' lang='lat' dir='ltr'><strong>accipiet</strong></span> <span class='ocrx_word' id='word_1_323' title='bbox 1111 3690 1135 3734; x_wconf 90' lang='lat' dir='ltr'><strong>te</strong></span> <span class='ocrx_word' id='word_1_324' title='bbox 1151 3685 1320 3749; x_wconf 75' lang='lat' dir='ltr'><strong>desatipotren</strong></span> <span class='ocrx_word' id='word_1_325' title='bbox 1342 3686 1393 3734; x_wconf 78' lang='lat' dir='ltr'><strong>diii-</strong></span> 
     </span>
     <span class='ocr_line' id='line_1_39' title="bbox 312 3752 1393 3822; baseline 0 -12"><span class='ocrx_word' id='word_1_326' title='bbox 312 3762 381 3811; x_wconf 84' lang='lat' dir='ltr'><strong>ooioe</strong></span> <span class='ocrx_word' id='word_1_327' title='bbox 399 3761 474 3822; x_wconf 85' lang='lat' dir='ltr'><strong>porei</strong></span> <span class='ocrx_word' id='word_1_328' title='bbox 490 3761 529 3809; x_wconf 84' lang='lat' dir='ltr'><strong>vet</strong></span> <span class='ocrx_word' id='word_1_329' title='bbox 544 3752 595 3810; x_wconf 72' lang='lat' dir='ltr'><strong>sote</strong></span> <span class='ocrx_word' id='word_1_330' title='bbox 613 3760 705 3822; x_wconf 73' lang='lat' dir='ltr'><strong>insecta</strong></span> <span class='ocrx_word' id='word_1_331' title='bbox 725 3759 835 3820; x_wconf 84' lang='lat' dir='ltr'><strong>Sabino,</strong></span> <span class='ocrx_word' id='word_1_332' title='bbox 871 3773 931 3822; x_wconf 82' lang='lat' dir='ltr'><strong>pene</strong></span> <span class='ocrx_word' id='word_1_333' title='bbox 952 3763 1027 3820; x_wconf 77' lang='lat' dir='ltr'><strong>atqie</strong></span> <span class='ocrx_word' id='word_1_334' title='bbox 1048 3771 1137 3808; x_wconf 74' lang='lat' dir='ltr'><strong>uerene</strong></span> <span class='ocrx_word' id='word_1_335' title='bbox 1157 3772 1239 3818; x_wconf 65' lang='lat' dir='ltr'><strong>upum</strong></span> <span class='ocrx_word' id='word_1_336' title='bbox 1266 3774 1298 3810; x_wconf 84' lang='lat' dir='ltr'><strong>ea</strong></span> <span class='ocrx_word' id='word_1_337' title='bbox 1318 3759 1393 3810; x_wconf 64' lang='lat' dir='ltr'><strong>edalo</strong></span> 
     </span>
     <span class='ocr_line' id='line_1_40' title="bbox 313 3833 1393 3897; baseline -0.005 -14"><span class='ocrx_word' id='word_1_338' title='bbox 313 3837 383 3897; x_wconf 78' lang='lat' dir='ltr'><strong>(tuoe</strong></span> <span class='ocrx_word' id='word_1_339' title='bbox 397 3835 463 3883; x_wconf 80' lang='lat' dir='ltr'><strong>videt</strong></span> <span class='ocrx_word' id='word_1_340' title='bbox 480 3835 575 3883; x_wconf 80' lang='lat' dir='ltr'><strong>eneriti</strong></span> <span class='ocrx_word' id='word_1_341' title='bbox 593 3834 648 3882; x_wconf 73' lang='grc' dir='ltr'>ἱαιιι</span> <span class='ocrx_word' id='word_1_342' title='bbox 668 3839 836 3895; x_wconf 74' lang='lat' dir='ltr'><strong>proportan-</strong></span> <span class='ocrx_word' id='word_1_343' title='bbox 872 3847 904 3883; x_wconf 85' lang='lat' dir='ltr'><strong>ac</strong></span> <span class='ocrx_word' id='word_1_344' title='bbox 926 3833 1014 3883; x_wconf 82' lang='lat' dir='ltr'><strong>blande</strong></span> <span class='ocrx_word' id='word_1_345' title='bbox 1035 3833 1268 3895; x_wconf 79' lang='lat' dir='ltr'><strong>praeministranda</strong></span> <span class='ocrx_word' id='word_1_346' title='bbox 1291 3834 1393 3885; x_wconf 70' lang='lat' dir='ltr'><strong>aemio</strong></span> 
     </span>
     <span class='ocr_line' id='line_1_41' title="bbox 312 3909 1392 3972; baseline -0.004 -13"><span class='ocrx_word' id='word_1_347' title='bbox 312 3910 376 3959; x_wconf 79' lang='lat' dir='ltr'><strong>tibris</strong></span> <span class='ocrx_word' id='word_1_348' title='bbox 392 3910 467 3958; x_wconf 74' lang='lat' dir='ltr'><strong>ostiis</strong></span> <span class='ocrx_word' id='word_1_349' title='bbox 486 3909 588 3970; x_wconf 79' lang='lat' dir='ltr'><strong>Tempus</strong></span> <span class='ocrx_word' id='word_1_350' title='bbox 603 3909 761 3968; x_wconf 70' lang='lat' dir='ltr'><strong>maseotrt,</strong></span> <span class='ocrx_word' id='word_1_351' title='bbox 776 3921 838 3970; x_wconf 82' lang='lat' dir='ltr'><strong>pro-</strong></span> <span class='ocrx_word' id='word_1_352' title='bbox 872 3909 1033 3972; x_wconf 81' lang='lat' dir='ltr'><strong>luapuorem,</strong></span> <span class='ocrx_word' id='word_1_353' title='bbox 1051 3912 1075 3958; x_wconf 86' lang='lat' dir='ltr'><strong>et</strong></span> <span class='ocrx_word' id='word_1_354' title='bbox 1085 3909 1159 3957; x_wconf 82' lang='lat' dir='ltr'><strong>simut</strong></span> <span class='ocrx_word' id='word_1_355' title='bbox 1170 3909 1392 3959; x_wconf 79' lang='lat' dir='ltr'><strong>senilesnutrienio</strong></span> 
     </span>
     <span class='ocr_line' id='line_1_42' title="bbox 309 3981 1392 4045; baseline -0.003 -13"><span class='ocrx_word' id='word_1_356' title='bbox 309 3997 369 4045; x_wconf 87' lang='lat' dir='ltr'><strong>pere</strong></span> <span class='ocrx_word' id='word_1_357' title='bbox 383 3996 529 4044; x_wconf 80' lang='lat' dir='ltr'><strong>mensusque</strong></span> <span class='ocrx_word' id='word_1_358' title='bbox 545 3987 661 4044; x_wconf 77' lang='lat' dir='ltr'><strong>torosque</strong></span> <span class='ocrx_word' id='word_1_359' title='bbox 675 3983 779 4032; x_wconf 68' lang='lat' dir='ltr'><strong>respuit</strong></span> <span class='ocrx_word' id='word_1_360' title='bbox 789 3997 837 4032; x_wconf 76' lang='lat' dir='ltr'><strong>ex-</strong></span> <span class='ocrx_word' id='word_1_361' title='bbox 871 3981 1002 4045; x_wconf 84' lang='lat' dir='ltr'><strong>reporobit</strong></span> <span class='ocrx_word' id='word_1_362' title='bbox 1017 3983 1090 4032; x_wconf 84' lang='lat' dir='ltr'><strong>vires.</strong></span> <span class='ocrx_word' id='word_1_363' title='bbox 1126 3983 1193 4032; x_wconf 83' lang='lat' dir='ltr'><strong>llaec</strong></span> <span class='ocrx_word' id='word_1_364' title='bbox 1209 3997 1250 4033; x_wconf 85' lang='lat' dir='ltr'><strong>me</strong></span> <span class='ocrx_word' id='word_1_365' title='bbox 1266 3985 1293 4032; x_wconf 87' lang='lat' dir='ltr'><strong>in</strong></span> <span class='ocrx_word' id='word_1_366' title='bbox 1313 3985 1392 4031; x_wconf 80' lang='lat' dir='ltr'><strong>itinere</strong></span> 
     </span>
     <span class='ocr_line' id='line_1_43' title="bbox 311 4056 1391 4121; baseline -0.004 -17"><span class='ocrx_word' id='word_1_367' title='bbox 311 4061 452 4118; x_wconf 79' lang='lat' dir='ltr'><strong>spectatque</strong></span> <span class='ocrx_word' id='word_1_368' title='bbox 475 4069 563 4105; x_wconf 79' lang='lat' dir='ltr'><strong>sonem</strong></span> <span class='ocrx_word' id='word_1_369' title='bbox 590 4057 716 4106; x_wconf 69' lang='lat' dir='ltr'><strong>redeuntis</strong></span> <span class='ocrx_word' id='word_1_370' title='bbox 743 4057 834 4106; x_wconf 81' lang='lat' dir='ltr'><strong>aratri.</strong></span> <span class='ocrx_word' id='word_1_371' title='bbox 871 4057 1018 4121; x_wconf 85' lang='lat' dir='ltr'><strong>reecpitutio</strong></span> <span class='ocrx_word' id='word_1_372' title='bbox 1039 4069 1120 4117; x_wconf 83' lang='lat' dir='ltr'><strong>prope</strong></span> <span class='ocrx_word' id='word_1_373' title='bbox 1144 4056 1284 4118; x_wconf 71' lang='lat' dir='ltr'><strong>mossetena</strong></span> <span class='ocrx_word' id='word_1_374' title='bbox 1307 4057 1391 4118; x_wconf 73' lang='lat' dir='ltr'><strong>respir-</strong></span> 
     </span>
     <span class='ocr_line' id='line_1_44' title="bbox 315 4128 1390 4195; baseline -0.001 -16"><span class='ocrx_word' id='word_1_375' title='bbox 315 4157 342 4165; x_wconf 85' lang='lat'><em>-</em></span> <span class='ocrx_word' id='word_1_376' title='bbox 370 4131 494 4195; x_wconf 80' lang='lat' dir='ltr'><strong>Pernicie]</strong></span> <span class='ocrx_word' id='word_1_377' title='bbox 522 4143 563 4195; x_wconf 90' lang='lat' dir='ltr'><strong>pr.</strong></span> <span class='ocrx_word' id='word_1_378' title='bbox 587 4131 655 4193; x_wconf 76' lang='lat' dir='ltr'><strong>«qui</strong></span> <span class='ocrx_word' id='word_1_379' title='bbox 684 4128 759 4180; x_wconf 89' lang='lat' dir='ltr'><strong>iacile</strong></span> <span class='ocrx_word' id='word_1_380' title='bbox 788 4143 838 4192; x_wconf 90' lang='lat' dir='ltr'><strong>per</strong></span> <span class='ocrx_word' id='word_1_381' title='bbox 871 4131 965 4180; x_wconf 86' lang='lat' dir='ltr'><strong>mobut.</strong></span> <span class='ocrx_word' id='word_1_382' title='bbox 984 4131 1072 4180; x_wconf 82' lang='lat' dir='ltr'><strong>Postea</strong></span> <span class='ocrx_word' id='word_1_383' title='bbox 1083 4131 1324 4180; x_wconf 78' lang='lat' dir='ltr'><strong>oeroeomrlomuun</strong></span> <span class='ocrx_word' id='word_1_384' title='bbox 1334 4129 1390 4186; x_wconf 81' lang='lat' dir='ltr'><strong>ueni.</strong></span> 
     </span>
     <span class='ocr_line' id='line_1_45' title="bbox 313 4203 1392 4270; baseline 0.002 -18"><span class='ocrx_word' id='word_1_385' title='bbox 313 4206 417 4253; x_wconf 90' lang='lat' dir='ltr'><strong>montes</strong></span> <span class='ocrx_word' id='word_1_386' title='bbox 439 4206 557 4265; x_wconf 88' lang='lat' dir='ltr'><strong>enititur,</strong></span> <span class='ocrx_word' id='word_1_387' title='bbox 585 4203 669 4268; x_wconf 76' lang='lat' dir='ltr'><strong>agilis,</strong></span> <span class='ocrx_word' id='word_1_388' title='bbox 697 4204 834 4270; x_wconf 62' lang='lat' dir='ltr'><strong>impiger.»</strong></span> <span class='ocrx_word' id='word_1_389' title='bbox 872 4205 934 4254; x_wconf 79' lang='lat' dir='ltr'><strong>nihii</strong></span> <span class='ocrx_word' id='word_1_390' title='bbox 951 4217 1039 4254; x_wconf 72' lang='lat' dir='ltr'><strong>caraea</strong></span> <span class='ocrx_word' id='word_1_391' title='bbox 1058 4217 1144 4254; x_wconf 71' lang='lat' dir='ltr'><strong>mrum</strong></span> <span class='ocrx_word' id='word_1_392' title='bbox 1165 4206 1260 4266; x_wconf 79' lang='lat' dir='ltr'><strong>iuveni,</strong></span> <span class='ocrx_word' id='word_1_393' title='bbox 1288 4205 1330 4255; x_wconf 66' lang='lat' dir='ltr'><strong>eu</strong></span> <span class='ocrx_word' id='word_1_394' title='bbox 1351 4217 1392 4265; x_wconf 72' lang='lat' dir='ltr'><strong>po</strong></span> 
     </span>
    </p>
   </div>
   <div class='ocr_carea' id='block_1_6' title="bbox 0 0 1477 4884">
    <p class='ocr_par' dir='ltr' id='par_1_8' title="bbox 0 0 1477 4884">
     <span class='ocr_line' id='line_1_46' title="bbox 0 0 1477 4884; baseline 0 0"><span class='ocrx_word' id='word_1_395' title='bbox 0 0 1477 4884; x_wconf 95' lang='lat' dir='ltr'><strong> </strong></span> 
     </span>
    </p>
   </div>
  </div>
 </body>
</html>
