2934 4884
536 384 595 433 utu.
614 386 645 433 ll.
681 388 709 433 t).
730 388 770 435 ΙΙΙ.

299 1207 443 1292 tequam
467 1217 628 1272 memento
650 1207 749 1273 rebus
771 1209 802 1271 in
826 1208 936 1275 arduis

299 1327 438 1392 Servare
462 1338 617 1400 mentem,
642 1348 705 1392 non
728 1348 825 1395 secus
850 1330 879 1393 in
903 1328 996 1396 bonis

382 1447 429 1513 Ab
451 1446 598 1514 insolenti
623 1459 833 1536 temperatam

192 1628 235 1677 tlt.
271 1628 353 1676 inser.
372 1625 442 1689 vulg.
460 1628 498 1676 Ad
515 1627 565 1691 (0.)
582 1629 704 1689 Detttarn,
731 1633 759 1679 et
780 1630 818 1679 sic
841 1630 906 1681 usu.
934 1658 959 1666 -
985 1632 1064 1681 Dettio
1081 1632 1123 1682 bc.
1152 1662 1176 1669 —·

158 1700 182 1748 ἰ.
195 1714 229 1749 ac
245 1700 316 1750 tonis
331 1714 410 1752 meus
427 1702 493 1751 Cod.
512 1703 543 1759 d;
563 1716 579 1751 e
596 1702 717 1754 Lambini
735 1702 842 1753 duobus
860 1704 943 1755 Beutt.
965 1708 1004 1769 tm
1020 1720 1077 1767 nus,
1097 1710 1179 1758 ceteri

157 1776 370 1912 unagxssqmues
387 1774 516 1839 Bentleii.)
536 1778 568 1838 (2.
581 1777 606 1826 3.
624 1784 746 1827 mentun:
764 1792 814 1828 non
830 1792 925 1830 recm-
936 1806 950 1818 -
962 1786 1099 1843 mereto
1117 1784 1182 1833 tter·

157 2010 198 2058 ltt.
229 2010 333 2058 Seneca
356 2011 464 2060 suasor.
487 2023 514 2074 p.
539 2012 563 2060 7.
582 2012 649 2074 Bip.:
689 2014 773 2071 cerat,
793 2013 859 2062 scite
877 2012 1023 2063 admodum
1041 2006 1216 2067 toedmcom-

127 2082 234 2132 natm
254 2084 367 2133 Matuta
389 2084 512 2133 &minas
531 2084 652 2136 desulto·
688 2098 800 2137 munem
817 2086 852 2137 de
869 2090 944 2137 recto
962 2088 1031 2137 vitae
1049 2092 1216 2152 usupertra·

128 2170 183 2207 rem
199 2156 335 2208 bellorum
352 2157 468 2208 civilium
483 2164 572 2219 uocat,
589 2161 652 2221 qaia
688 2161 778 2219 elavit,
797 2160 830 2209 sd
849 2162 1025 2211 constantiam
1043 2174 1075 2211 ac
1092 2162 1216 2213 modera-

125 2246 143 2281 ο
156 2233 291 2283 Dolabella
311 2235 346 2283 nd
366 2235 480 2284 maen
498 2236 653 2285 transitum
688 2235 789 2283 tionem
819 2236 899 2297 (quas
927 2236 1037 2285 virtutes
1066 2236 1090 2285 et
1118 2236 1215 2289 deesse

126 2308 230 2357 maden
246 2308 294 2356 sibi
307 2312 398 2369 pactae
414 2314 462 2366 est,
487 2310 509 2357 ai
530 2308 651 2359 Dolabel-
689 2308 802 2359 tortasse
819 2308 890 2357 haud
914 2307 1065 2372 ignorabat)
1089 2310 1123 2359 ita
1152 2322 1215 2361 eum

126 2382 174 2431 tan
196 2382 339 2442 ocddimet,
364 2388 388 2433 et
412 2396 430 2432 a
453 2384 539 2433 cassio
564 2385 652 2434 Made
688 2382 846 2443 exhortans,
879 2386 909 2433 ut
937 2396 970 2433 ue
1001 2382 1081 2433 uttam
1105 2383 1215 2446 quidam

126 2457 241 2505 eminuit
273 2458 309 2506 cd
337 2458 487 2516 samnitem
521 2458 652 2509 amiatae
687 2458 891 2521 reprehensoris
912 2458 1032 2520 speciem
1053 2461 1213 2509 assumeret.

125 2529 154 2577 ab
167 2531 281 2579 Antonio
300 2533 437 2597 eaerum
456 2534 492 2583 ud
507 2534 649 2584 cumdem
688 2530 775 2583 Nolim
786 2530 1014 2583 autemcumatiis
1026 2532 1215 2595 interpretibus

125 2604 165 2655 llic
180 2610 218 2655 est
241 2606 349 2667 Decea,
372 2608 445 2657 mim
464 2609 591 2670 Epistulas
610 2609 652 2659 to·
687 2608 814 2667 statuere,
831 2604 944 2657 Dellium
961 2608 1017 2655 tum
1034 2607 1214 2657 conflictatum

124 2680 203 2729 wirae
220 2682 256 2729 od
273 2680 567 2745 Cleopatrmlanmtar.
594 2682 648 2733 Cir.
688 2694 751 2731 esse
774 2681 877 2732 tortuna
896 2683 1003 2732 duriore
1029 2684 1111 2745 atqua
1137 2694 1214 2733 maa-

125 2753 213 2803 Veltei.
238 2756 270 2815 2,
297 2754 339 2805 st.
368 2757 474 2806 Antonii
500 2758 650 2808 Parthicam
688 2757 760 2805 stum
778 2756 884 2806 vixisse.

125 2828 339 2891 expeditionem,
374 2830 400 2879 iu
429 2843 482 2893 qua
511 2833 650 2895 copiarum
721 2829 744 2878 l.
774 2830 1008 2894 Aequum1nt²01tt
1030 2830 1214 2893 constantique

125 2902 304 2953 Romanarum
320 2904 389 2966 parti
405 2904 566 2967 presideret,
583 2905 652 2955 litte-
687 2904 778 2953 auimo
799 2903 889 2968 perier
909 2904 1052 2955 adversam
1071 2904 1212 2965 tartunam.

124 2976 157 3026 ris
178 2976 328 3027 mandavit.
364 2977 459 3028 Strabo
476 2980 521 3041 tt,
544 2993 572 3044 p.
591 2978 648 3028 523.
688 2978 710 3027 si
731 2990 850 3040 uuquam
873 2978 920 3028 tibi
937 2981 1135 3042 superveniet·
1164 2982 1215 3029 Ar-

125 3052 228 3101 ·Paeue
242 3052 509 3102 excideraterrorem
518 3054 649 3115 castigare
687 3049 826 3100 chitochus
849 3054 889 3101 Fr.
912 3053 952 3103 58.
976 3053 1140 3103 schneider.
1159 3052 1211 3103 vet.

123 3124 650 3184 tonantii,Delliumdesuttorembetlo·
687 3126 728 3173 uo.
747 3125 845 3187 Bergk:
871 3122 946 3190 μήτε
969 3124 1056 3175 νικῶν
1072 3121 1214 3191 duracium

122 3212 179 3249 rum
196 3199 316 3250 civilium
333 3212 349 3249 a
367 3198 450 3250 Dellio
467 3201 593 3253 historico
608 3201 650 3251 di·
686 3194 812 3264 ἀγάλλεο
835 3197 914 3263 Μηδὲ
937 3199 1066 3264 νικηθεὶς
1089 3200 1121 3250 ἐν
1142 3196 1213 3266 οἴκῳ

121 3276 406 3325 sersumstatuentis.»
425 3275 647 3326 Ruhnkedvell.
687 3269 859 3322 καταπεσών
883 3266 995 3342 ὀδύρεο.
1036 3272 1119 3323 Plaut.
1145 3273 1211 3324 llud.

122 3346 166 3399 tt.
196 3348 321 3410 (bebium
338 3348 454 3412 aliquem
465 3350 571 3400 Antonii
582 3364 650 3401 παι-
687 3349 718 3408 2,
738 3348 767 3409 3,
786 3348 814 3396 at
829 3360 835 3395 :
853 3346 958 3395 Animas
974 3358 1069 3407 usqum
1085 3352 1214 3407 autuman

121 3419 185 3473 daed
202 3424 325 3474 nominat
341 3424 390 3473 Dio
407 3423 453 3483 ts,
471 3424 512 3474 39,
531 3424 565 3473 ad
581 3437 606 3474 a.
620 3438 647 3474 u.
686 3427 722 3471 est
738 3422 1076 3471 mnmnceconutmnunn.
1105 3421 1211 3471 lucret.

121 3499 228 3557 am,
247 3510 331 3561 quem
348 3499 438 3547 tamen
456 3498 490 3549 ab
506 3500 649 3550 Horatiano
686 3499 715 3557 5,
741 3496 819 3546 tttti:
851 3495 943 3557 Quodsi
968 3495 1024 3556 qais
1046 3507 1110 3543 nara
1133 3495 1214 3545 eitum

121 3572 259 3622 diuersum
267 3571 565 3635 putanti-obedias
574 3576 647 3633 tuuc,
684 3572 784 3620 rotiana
808 3570 944 3632 aubenut,
970 3568 1081 3620 Divitiae
1104 3569 1213 3633 qrursdaa

121 3660 182 3697 cum
204 3658 316 3697 carmen
338 3647 390 3697 troc
407 3649 586 3711 compositum
607 3650 649 3698 est
684 3643 1209 3707 tondntmntotcaraparaedcquouoimo.

121 3722 151 3780 (a.
169 3736 198 3771 u.
218 3734 242 3771 c.
262 3721 422 3784 amiani),
449 3722 556 3772 videtur
580 3722 649 3771 inter
717 3721 742 3769 ἲ.
769 3718 900 3782 inbonis]
923 3732 974 3769 nan
995 3731 1065 3768 sacru
1086 3732 1118 3768 ac
1141 3718 1212 3770 nonu

120 3796 242 3846 Caemris
264 3796 480 3858 Maecenatisqua
505 3795 647 3846 tamittares
685 3794 767 3845 habat
784 3794 864 3844 etiam
883 3793 1053 3843 Hildebertus
1069 3794 1134 3843 ttor.
1148 3793 1210 3844 Pht-

120 3870 210 3929 unse,
225 3872 393 3933 quspropter
404 3872 428 3920 ei
441 3882 551 3920 carmen
562 3883 647 3920 uuum
683 3868 733 3920 los.
756 3881 816 3931 pag.
841 3868 909 3928 ets,
937 3867 986 3918 sed
1011 3868 1106 3917 estex
1127 3867 1207 3930 gloss.

119 3944 224 4004 saltem,
239 3946 271 3993 ut
280 3943 339 3994 aliis
350 3944 473 3995 eiusdem
484 3943 647 3995 condicionis
684 3945 812 3994 catarum
824 3954 998 3993 numerorum
1009 3944 1146 4006 quandam
1159 3943 1211 3989 tar·

118 4020 190 4077 n'ris,
211 4018 361 4069 inscribere
379 4020 550 4071 humanitatis
566 4022 594 4068 et
611 4018 649 4068 ot·
684 4018 794 4067 ditatum
812 4019 892 4079 atque
910 4016 1125 4080 aequabilitatem
1143 4026 1209 4063 con-

120 4093 170 4143 iicit
187 4094 231 4144 sui
251 4094 327 4143 duxit
344 4094 475 4145 ttorattus.
510 4094 564 4143 Sed
584 4106 646 4143 cum
684 4092 753 4143 suite
775 4091 800 4139 tn
822 4091 863 4139 his
885 4094 992 4142 secutura
1016 4091 1057 4139 est
1076 4086 1207 4146 Horatius,

121 4180 169 4218 nec
181 4168 260 4219 valde
274 4167 408 4219 tamitiaris
419 4169 444 4219 ai
456 4171 538 4228 esset,
557 4179 646 4230 neque
684 4180 752 4231 qnae
765 4166 859 4216 iterata
870 4166 1041 4231 imperativo,
1060 4166 1207 4224 mannate,

121 4242 257 4294 bominem
278 4242 435 4305 ambignum
458 4244 537 4293 nimis
558 4243 646 4305 suspi-
683 4241 748 4292 mitri
766 4240 875 4303 quidem
893 4238 947 4289 tolli
964 4236 1077 4286 videtur.
