2934 4884
492 342 551 391 sin.
571 342 613 391 iv.
649 342 764 392 c.v1n.
1107 340 1170 403 585

81 498 223 563 Abtteitrmp
239 500 284 548 der
303 497 389 548 Warte
398 498 574 549 melimelum
590 498 660 549 boon
670 498 709 547 uls
720 498 759 547 dia
776 500 811 548 ion
825 499 948 563 Vortrcpo
957 513 1006 549 nos
1017 499 1073 549 dem
1083 500 1171 567 (ἕως,

79 584 120 631 der
135 582 271 632 Godonlses
285 580 421 645 pabolenen
437 581 548 630 blainum
563 582 616 631 uod
631 584 866 645 prooemroroon:
884 596 911 633 so
929 583 961 633 ist
976 580 1106 632 uanam’s
1115 584 1171 631 reio

78 667 235 727 dssserttcbe,
263 666 326 715 blcss
353 664 379 714 tn
395 666 440 713 der
459 664 553 727 Scbrtll
575 664 620 726 fuir
636 665 682 713 dae
702 664 773 729 Aropo
791 666 998 716 wobmcbmbcre
1017 666 1172 730 Mdtcnp

80 750 156 799 caer
173 749 289 799 Gedirltto
305 749 344 799 als
359 744 561 819 τετράστροφα
577 748 664 797 wetter
678 749 758 799 nictts
768 750 808 799 atr
817 751 858 799 eta
873 749 1102 813 &maspetum
1111 750 1173 799 liin-

78 834 134 896 {att,
152 834 197 883 der
212 832 300 883 leison
316 832 414 881 andern
430 832 519 883 Grund
535 832 579 881 bct
592 831 631 880 als
642 832 681 881 die
697 832 887 897 Boobacbtunp,
906 836 964 883 dcxc
978 834 1018 884 dte
1032 834 1172 898 srapltcten

80 917 190 967 Godicbts
201 918 272 979 ¹iodea
287 928 335 966 ora
351 916 419 965 einer
434 914 532 966 Amulii
551 916 623 965 Verre
639 914 745 977 bestebo,
769 918 809 965 dte
824 918 875 967 siclt
892 918 971 967 dur-cb
987 918 1027 967 dte
1041 917 1102 967 Zntt
1115 918 1171 966 oter

78 1002 131 1051 rein
146 1000 236 1050 tlictten
255 1002 331 1061 tdsst,
350 1000 404 1049 also
420 996 489 1048 kain
507 1000 629 1061 (lasela,
646 998 749 1049 welches
765 1014 813 1049 rau
828 1000 986 1063 compto,
1003 1000 1069 1051 oncb
1084 1002 1172 1050 mario

79 1086 174 1133 eloam
191 1083 307 1133 Gedtctte
323 1084 365 1131 des
379 1083 499 1133 Horatiae
515 1088 593 1133 cbaos
607 1083 826 1145 wepsuscbneidcn
837 1084 897 1133 odor
913 1089 1075 1146 sosasdsen,
1092 1098 1137 1133 um
1147 1098 1173 1135 os

80 1170 105 1216 io
114 1169 188 1229 jener
198 1166 334 1229 3444444944
346 1164 547 1215 Aenonlicblcoit
563 1166 645 1216 soloen
661 1168 899 1230 Metrsmsspenossen
914 1168 993 1230 pletcb
1010 1182 1044 1217 zo
1057 1168 1170 1230 mactes,

79 1264 150 1300 wcnn
164 1250 316 1299 mounes
332 1250 471 1313 dcrpcttoo
488 1250 534 1309 ot,
553 1250 611 1298 dces
628 1251 673 1299 der
688 1250 791 1299 Dictator
806 1250 879 1299 abc
895 1251 1172 1314 emancupare

80 1334 190 1397 pomcobt
206 1334 277 1382 bat.»
301 1332 375 1383 lianc
392 1334 552 1383 sententiam
569 1332 906 1397 praeterlilebstadium*l‚
924 1334 1057 1394 lebetum,
1076 1332 1173 1384 Dillen·

81 1417 239 1480 burgorum,
258 1418 433 1477 Diaconum,
453 1415 658 1479 Gerberum**)‚
692 1414 860 1466 Gerlacbium
880 1416 1072 1479 nostmmffl),
1091 1415 1170 1477 alios,

81 1513 165 1563 nuper
182 1497 321 1563 amplexus
347 1500 389 1549 est
414 1499 494 1549 etiam
511 1500 661 1560 Stoinerus,
688 1500 734 1562 qui
759 1499 929 1562 disputationi
946 1512 1012 1549 suno
1028 1498 1062 1548 de
1080 1501 1172 1551 nostm

81 1582 138 1633 loco
155 1594 238 1646 supra
255 1581 348 1632 allatae
366 1582 434 1632 baec
451 1582 581 1633 subiecit:
609 1582 657 1632 «At
672 1581 715 1632 lex
731 1581 774 1633 illa
784 1582 965 1640 lleinekiana,
983 1595 1036 1646 qna
1047 1582 1172 1633 Horatius

82 1668 168 1717 omnia
185 1666 304 1716 carmina
321 1664 404 1727 lyrica
420 1666 446 1713 in
462 1670 642 1727 qumomomm
653 1678 782 1715 versuum
794 1666 918 1729 strophas
930 1666 1030 1728 divisit,
1049 1665 1173 1716 hocloco

84 1752 114 1811 (v.
127 1750 177 1812 47.)
191 1748 322 1813 postulat,
345 1750 375 1798 ut
393 1747 460 1798 duos
477 1761 572 1799 versus
592 1751 637 1797 aut
654 1749 785 1799 excidisse
804 1752 850 1798 aut
865 1748 949 1799 aliena
969 1762 1051 1799 manu
1067 1750 1173 1800 additos

83 1846 140 1883 esse
157 1834 315 1882 statuamus.
336 1831 467 1894 Equidem
480 1831 521 1881 isti
539 1830 589 1893 legi
602 1843 655 1881 non
668 1834 772 1883 tantum
782 1831 930 1885 tribuerim.
949 1834 1054 1884 Etenim
1065 1836 1174 1896 praeter

84 1916 132 1965 boc
147 1928 258 1965 carmen
275 1916 384 1977 quinque
400 1916 509 1964 omnino
526 1914 553 1963 in
571 1916 697 1977 quattuor
713 1914 827 1965 odarum
843 1913 917 1964 libris
934 1916 1106 1979 reperiuntur
1116 1928 1174 1966 car-

83 2000 166 2059 mina,
182 2000 210 2049 in
227 1998 326 2062 quibus
343 1998 416 2049 idem
431 2012 526 2050 versus
544 2010 654 2063 semper
665 1998 806 2063 reperitur.
825 1998 872 2047 0d.
887 1998 915 2058 41
935 1999 964 2056 4;
982 1998 1011 2058 3,
1029 1998 1062 2047 344
1077 2010 1173 2048 versus

84 2081 273 2147 Asclepiadem
290 2084 388 2141 minor;
407 2082 455 2132 Od.
477 2083 507 2143 4,
528 2083 573 2141 44;
592 2082 620 2143 4,
640 2081 686 2141 48;
706 2081 736 2139 4,
756 2082 787 2130 40
803 2080 993 2143 asclepiadeus
1010 2082 1103 2131 maior.
1135 2082 1172 2131 Ex

85 2168 137 2216 tem
158 2167 251 2230 paucis
273 2164 402 2229 exemplis
423 2168 524 2215 certam
546 2164 580 2215 de
599 2164 762 2215 carminibus
787 2163 960 2213 monostichis
983 2162 1071 2226 legem
1088 2164 1174 2214 conti-

86 2262 146 2298 cere
165 2262 219 2299 non
237 2248 313 2309 licet,
341 2262 403 2299 cum
420 2250 579 2314 praesertim
596 2250 622 2298 in
641 2246 750 2311 Epodon
767 2245 835 2295 libro
853 2258 997 2296 numerum
1013 2246 1085 2296 illum
1106 2260 1173 2310 qua-

85 2334 229 2382 temarinm
247 2332 281 2382 ab
299 2334 356 2397 ipso
372 2337 452 2396 poeta
468 2332 620 2395 neglectum
636 2329 785 2380 videamus.
812 2328 922 2380 Accedit
939 2330 1011 2392 quod
1028 2330 1120 2381 divisio
1131 2329 1173 2380 illa

86 2416 288 2480 tetrastrophica
306 2429 394 2478 neque
416 2416 442 2465 in
456 2416 540 2480 ipsius
556 2415 635 2466 metri
653 2416 747 2464 natura
764 2413 855 2462 nititur
870 2416 898 2462 et
914 2414 1106 2462 sententiarum
1124 2427 1174 2463 ne-

86 2513 148 2551 xum
164 2500 321 2563 saepissime
339 2499 512 2563 interpellato
538 2498 590 2548 Sed
607 2500 661 2548 iam
678 2500 784 2561 tempus
796 2500 838 2546 est
854 2496 889 2545 ab
906 2495 971 2559 legis
983 2497 1172 2555 Malachiam,

87 2582 119 2633 de
132 2586 209 2634 cuius
220 2584 331 2633 veritate
344 2584 479 2633 neminem
491 2583 542 2632 nisi
552 2583 637 2645 ipsam
649 2580 832 2644 stupiditatem
841 2579 963 2630 dubitare
976 2579 1054 2644 (anor
1064 2580 1103 2630 die
1111 2579 1172 2629 baro

86 2666 218 2716 doenmbeit
233 2666 368 2729 zwcisett»)
393 2666 579 2715 Lachmannus
599 2664 748 2714 contentius
769 2676 852 2726 quam
874 2664 1002 2713 urbanius
1022 2662 1173 2723 affirmavit,

88 2748 310 2800 obtrectatoribus
330 2748 460 2799 redeundi
489 2747 523 2798 ad
543 2748 665 2799 eiusdem
684 2748 816 2808 fautores,
844 2749 912 2797 inter
936 2759 1005 2809 qnos
1022 2748 1076 2796 iam
1092 2759 1174 2810 supra

88 2847 112 2896 p.
131 2834 188 2884 tat.
208 2832 384 2882 ltircbnerum
401 2831 579 2891 laudavimus
605 2830 692 2881 nullus
710 2834 801 2882 tamen
818 2832 904 2881 maior
920 2832 1018 2881 exstitit
1037 2844 1118 2893 quam
1135 2830 1176 2879 vir

89 2928 222 2975 summus,
247 2914 413 2965 Godotredus
431 2916 610 2975 Hermannus,
633 2916 709 2964 euius
726 2915 932 2966 audacissimam
949 2915 1033 2965 nostri
1050 2914 1175 2964 carminis

89 3000 281 3049 restitutionem
297 2997 420 3063 (Burbida
434 2998 496 3048 iiber
511 3000 551 3048 dte
569 2998 700 3047 Verbcndt.
719 3000 765 3047 der
780 2999 908 3048 Gerettsct.
926 3000 971 3048 der
988 2997 1133 3049 Wissonscb.
1145 3010 1171 3045 s.

90 3084 170 3145 Letpz.
190 3083 222 3132 N.
241 3082 307 3133 vill.
325 3096 353 3146 p.
371 3081 439 3145 ait.)
458 3080 588 3132 corollarii
605 3080 663 3131 loco
680 3081 724 3130 bic
741 3080 917 3131 subiecimus:

219 3260 344 3324 Gaudes
367 3236 577 3335 carminibus3
602 3256 742 3322 carmina
764 3274 931 3340 possumus

218 3384 343 3445 Donate
365 3387 396 3444 ct
418 3380 555 3463 pretium
577 3376 683 3443 dicere
706 3375 848 3441 muneri:

303 3502 365 3565 Per
386 3520 466 3584 quae
488 3498 617 3585 spiritus
640 3505 671 3561 et
693 3496 757 3563 vita
778 3495 863 3561 redit
883 3494 977 3562 bonis

220 3626 294 3686 Post
318 3628 452 3686 mortem
475 3618 618 3686 ducibus.
664 3623 735 3683 Non
757 3626 877 3682 statuae
899 3617 1018 3701 magis,

220 3746 291 3807 Non
312 3744 410 3807 incisa
433 3744 514 3806 notis
539 3761 695 3806 marmora
718 3739 851 3826 publicis
1140 3742 1178 3801 15

95 3937 464 3948 η-Ἧ--ι-α--ι--ι-

155 4067 171 4119 'J
193 4062 276 4118 Progr,
297 4064 370 4109 lead.
390 4063 439 4109 len.
461 4062 523 4109 tuta.

154 4130 184 4184 “l
205 4129 287 4184 Progr.
304 4128 467 4175 Sondersbns.
486 4128 548 4175 4846.

155 4196 197 4249 m)
213 4194 297 4241 lievue
319 4196 350 4241 de
365 4194 500 4251 philologio
515 4194 541 4239 ll.
558 4207 581 4250 p.
598 4196 640 4241 336
656 4207 709 4251 sqq.
