2934 4884
511 290 614 341 urana.
650 293 820 344 44444444.
1162 293 1217 358 744

215 441 346 510 Inachia
366 442 504 530 langues
528 446 636 512 minus
657 467 697 513 ae
718 467 787 526 me;

173 563 337 658 Inachiam
360 574 409 630 ter
430 575 526 632 noete
549 577 659 654 potes,
683 567 760 633 mihi
785 587 916 656 semper
938 570 979 636 ad
1002 591 1101 636 unum
1182 571 1222 637 45

219 683 323 751 uoltis
345 706 439 773 opus.
483 688 601 753 Pereat
621 687 719 765 male,
742 709 828 776 quae
850 699 881 756 te

169 805 290 872 Lesbia
311 808 481 893 quaerenti
505 817 633 874 taurum
654 810 843 876 monstravit
864 811 1018 888 inertem,

216 927 298 993 Cum
319 926 397 992 mihi
422 929 508 994 Cous
530 928 663 997 adesset
684 934 856 1020 AmyntaS,

177 1048 279 1114 Cuius
301 1048 334 1112 in
356 1047 511 1115 indomito
534 1051 732 1116 constantior
754 1051 885 1139 inguine
907 1074 1026 1120 nervus

214 1169 320 1248 Quam
342 1189 427 1234 nova
449 1167 585 1236 cudibus
609 1169 708 1238 arbor
730 1171 884 1240 inhaeret.
1177 1175 1218 1240 io

171 1288 349 1356 biurieibus
370 1290 476 1380 Tyriis
497 1293 631 1358 iteratae
652 1292 774 1359 vellera
795 1292 888 1360 lanae

217 1411 278 1477 Cui
299 1410 585 1497 properabantur?
607 1412 675 1481 Tibi
697 1435 834 1501 nempe,

170 1534 219 1598 Ne
242 1532 324 1598 iuret
346 1531 501 1619 aequales
523 1533 780 1613 interponam,
804 1536 906 1625 magis
929 1558 1027 1626 quem

215 1651 370 1739 Diligeret
390 1652 507 1719 mulier
528 1675 587 1721 sua
610 1675 709 1744 quam
731 1667 772 1724 te.

198 1873 238 1922 46.
253 1877 343 1934 potens
358 1873 388 1923 ’4.
403 1900 431 1909 -
450 1874 522 1922 inter
537 1885 563 1921 v.
581 1871 622 1920 22.
642 1873 669 1921 et
684 1870 727 1922 23.
746 1871 818 1922 hune
835 1873 947 1924 insaniit
963 1874 995 1923 T:
1016 1875 1104 1925 Cetera
1118 1877 1188 1926 mitte

162 1947 403 2083 artemio&
415 1948 521 2010 44444444
536 1947 658 2010 bentona,
682 1943 749 1996 iutra
769 1945 861 2008 (Epod.
881 1945 925 2006 43,
945 1947 980 2009 7.)
998 1947 1136 1999 omissum.
1157 1975 1185 1986 -

129 2215 213 2266 elice:
232 2227 330 2278 «quam
345 2215 411 2265 item
428 2212 506 2264 ioeda
521 2214 574 2274 est,
592 2225 655 2264 eum
692 2209 785 2274 Κῶος·
811 2209 900 2277 θεοὺς
924 2210 980 2286 γὰρ
999 2213 1113 2278 matred
1128 2209 1148 2281 ἡ
1166 2213 1218 2280 νῆ-

128 2303 175 2340 me
191 2287 346 2351 obiurgati»
366 2313 394 2324 -
415 2287 562 2352 Vct-mem]
587 2287 654 2338 Vide
692 2301 747 2350 σος
771 2288 877 2358 φέρειν.
908 2289 947 2339 De
973 2289 1014 2340 his
1039 2288 1216 2354 ἐπιθέτοιςα

127 2363 505 2428 adsspod.a,ti.-1nacita]
519 2361 652 2426 ctnpod.
692 2363 777 2426 patria
794 2363 883 2426 petitis
901 2363 948 2414 eir.
962 2363 996 2413 ad
1013 2363 1060 2413 Od.
1075 2363 1105 2426 4,
1124 2366 1155 2427 9,
1175 2365 1214 2416 46.

129 2441 177 2500 44,
195 2440 220 2488 6.
235 2467 263 2474 -
276 2438 479 2503 homiminibus]
499 2436 656 2500 «144434404-
694 2463 722 2472 -
740 2436 874 2500 indomito]
894 2449 1045 2500 «nunquam
1062 2436 1147 2500 lasso,
1166 2439 1216 2489 sed

128 2515 228 2564 tiorem
245 2514 271 2562 te
293 2511 411 2577 praebes
433 2512 460 2561 in
481 2512 589 2561 Inachia
614 2514 656 2561 tar
692 2523 801 2573 semper
817 2509 852 2560 ad
868 2523 998 2560 venerem
1018 2514 1169 2576 prompto.»
1186 2537 1213 2548 -

127 2586 264 2637 interdum
285 2600 338 2636 uua
355 2588 435 2636 nocte
453 2584 654 2648 subegitrmda.»
690 2583 790 2648 norom]
814 2584 911 2633 «Cuius
927 2584 961 2634 ab
985 2585 1090 2647 inguine
1108 2587 1218 2648 erigitur

130 2687 158 2697 -
174 2660 254 2725 potes]
272 2660 375 2711 Eadem
391 2661 443 2710 hac
453 2661 591 2710 reticentia
602 2661 656 2709 uti·
691 2660 768 2724 penis
786 2659 899 2721 firmior,
919 2672 1001 2724 quam
1018 2661 1099 2712 arbor
1114 2661 1217 2713 novella

127 2739 173 2786 tur
183 2734 272 2798 virgil.
286 2733 340 2785 Ecl.
354 2735 384 2796 3,
403 2735 428 2785 8.
447 2733 598 2795 4444444443,
611 2734 653 2794 33,
692 2735 719 2784 et
735 2736 830 2798 vegeta
850 2733 985 2786 radicibus
1011 2738 1097 2786 terrae
1123 2737 1217 2788 iubae-

129 2812 153 2860 4.
173 2810 284 2860 Theocr.
304 2811 334 2872 4,
355 2811 411 2860 466.
429 2808 473 2858 ed.
486 2809 590 2860 Ameis:
619 2802 654 2860 οὗ
692 2811 759 2858 ret.»
788 2811 853 2860 Mire
875 2810 963 2860 haesit
985 2810 1011 2860 in
1033 2810 1084 2860 boe
1105 2824 1130 2860 v.
1149 2824 1217 2861 noua

128 2883 241 2949 λέγεται
264 2879 317 2933 τὰν
341 2879 451 2953 Κύπριν
472 2877 654 2943 ὁβωκόλος,·
693 2884 824 2948 «ideoque
848 2884 973 2936 robusta»
992 2898 1113 2937 summus
1131 2883 1216 2937 Scali-

128 2959 194 3008 Luc.
206 2956 271 3008 44441.
285 2958 364 3007 Deor.
385 2959 429 3008 ⁴5:
452 2950 524 3022 ’44γώ
550 2954 581 3006 δὲ
598 2950 654 3021 ἤδη
691 2970 740 3020 ger
756 2959 912 3009 coniiciens:
932 2961 1014 3021 Quum
1030 2974 1089 3010 aon.

128 3030 200 3081 ποτὲ
210 3027 263 3095 τὴν
272 3024 440 3101 Ἀφροδίτην
450 3059 466 3070 -
475 3023 536 3080 ἀλλ’
550 3023 585 3080 οὗ
597 3025 653 3099 χρὴ
724 3032 752 3080 at
769 3031 828 3081 -46,
849 3033 988 3083 Muricthus
1001 3033 1088 3097 diariis]
1112 3035 1215 3085 «Vestis

127 3099 239 3166 αὐχεῖν.
264 3106 350 3154 Strato
367 3106 395 3155 in
410 3105 489 3156 Auth.
508 3103 562 3155 Pal.
580 3106 612 3154 11.
625 3117 652 3168 p.
691 3102 733 3154 iiia
752 3117 886 3168 purpurea
909 3104 1025 3169 dibapha
1051 3107 1093 3157 cui
1119 3121 1217 3172 magno

127 3180 192 3231 tea:
213 3174 315 3242 Ἐχθὲς
330 3174 407 3239 ἔχων
424 3173 481 3228 ἀνὰ
497 3175 589 3230 νύκτα
605 3179 655 3230 Φι-
691 3177 1214 3244 cumstudioparabaturmittebaturque

128 3252 289 3326 λόοτρατον
315 3248 369 3305 οὐκ
393 3251 603 3319 ἐδυνήθην.
625 3282 652 3291 -
691 3253 763 3303 dono
780 3252 829 3302 uisi
846 3251 906 3312 tibi,
925 3252 1044 3315 ingrate?
1062 3255 1099 3304 Ne
1116 3253 1217 3306 scilicet

126 3330 218 3393 Multa]
232 3330 325 3380 «nimis
336 3328 515 3381 flaccidusvel
527 3329 562 3379 ed
571 3341 655 3379 unum
691 3328 760 3376 inter
777 3323 882 3376 sodales
900 3327 959 3376 tuos
977 3326 1119 3388 quisquam
1133 3331 1214 3389 esset,

127 3406 254 3455 coitum.»
274 3430 301 3439 -
323 3403 596 3465 reanimarem]
614 3405 653 3453 De
691 3401 737 3464 qui
760 3399 903 3463 pretiosius
929 3399 1028 3450 amoris
1059 3401 1154 3464 pignus
1182 3400 1216 3451 ab

127 3479 324 3529 construetione
342 3477 375 3528 ci.
394 3476 478 3541 Epod.
498 3477 527 3539 6,
545 3478 614 3540 isq.
690 3474 778 3525 amica
795 3486 843 3524 sua
861 3475 1002 3538 acceptum
1019 3475 1154 3524 ostentare
1167 3487 1216 3524 eo-

161 3553 250 3603 44-46.
268 3552 364 3616 Lesbia]
381 3551 490 3612 ancilia,
508 3550 551 3601 vei
566 3551 653 3615 potius
691 3561 744 3612 que
761 3561 791 3598 se
809 3549 907 3597 iactare
925 3549 1044 3611 posset.»
1059 3573 1086 3584 -
1099 3547 1215 3612 iteratae]

127 3627 197 3678 lena.
216 3625 353 3686 ributio,
375 3627 404 3685 6,
423 3625 467 3676 45ε
494 3626 564 3675 unu
582 3629 655 3674 necat
690 3619 1216 3686 8448444844.3,4,446.44444ωννρνν-

125 3701 369 3761 mmmmm,
394 3700 533 3763 fortiaque
552 3698 654 3748 tubettus
687 3710 782 3759 purum
802 3695 874 3746 dixit.
915 3695 963 3746 Od.
984 3696 1016 3756 i,
1037 3695 1148 3758 t6,35:
1178 3697 1215 3747 bis

128 3775 228 3824 Ocmdto
244 3779 353 3835 portans
372 3775 440 3835 tique
456 3773 570 3832 reditque
585 3773 649 3822 siam
688 3771 751 3834 Afro
762 3771 1075 3822 Murteetinotue-tonue.
1095 3769 1169 3820 Ovid.
1182 3773 1213 3820 Α.

128 3877 157 3886 -
171 3847 282 3912 mum]
302 3861 382 3899 «cum
392 3849 480 3897 virum
492 3859 651 3910 quaererem
689 3848 719 3895 Α.
730 3846 755 3905 3,
767 3846 826 3896 iio:
846 3859 911 3907 quae
923 3845 959 3894 bis
969 3845 1043 3906 Torta
1050 3845 1145 3894 maome
1155 3845 1218 3894 tuna

127 3923 224 3974 iortem
241 3935 273 3973 ao
284 3921 414 3980 validum.
433 3922 512 3971 nimis
529 3918 652 3983 trigidum
688 3919 770 3969 mdes.
786 3947 813 3955 -
825 3920 920 3985 rumpe]
937 3918 1063 3969 cumiani
1082 3919 1213 3969 irrisione.

126 3997 217 4048 illaad
227 4009 273 4046 me
289 3996 438 4060 perduxit.»
459 4022 486 4031 -
509 3994 580 4058 Coro]
599 3994 653 4042 Da·
690 3993 766 4043 Haud
786 3993 861 4042 Tura.
882 3994 924 4042 lV.
946 4006 973 4056 p.
989 3994 1045 4042 464.
1070 4020 1096 4028 -
1115 3991 1214 4056 mutter]

127 4083 258 4122 merenas
270 4070 341 4135 apud
358 4071 453 4120 Athen.
468 4070 478 4117 4
493 4106 499 4130 ,
512 4068 562 4118 464
581 4067 653 4117 Νεα-
689 4081 738 4131 pro
750 4067 848 4129 amica,
862 4069 892 4117 ut
904 4065 996 4118 Catuil.
1011 4067 1055 4127 70,
1070 4069 1098 4115 t:
1111 4066 1215 4116 Nulttse

127 4145 191 4206 νίας
202 4173 217 4182 -
228 4139 338 4195 -Ἔτῶν
358 4139 429 4205 ἴσως
451 4138 650 4204 ἑπτακαίδεκα,
689 4141 748 4192 444444
764 4141 854 4192 multer
870 4153 927 4191 mea
942 4139 1034 4191 nubae
1047 4141 1122 4192 matie
1134 4143 1215 4203 Quum
