2934 4884
482 383 541 433 UB.
560 384 577 432 Ι.
614 383 643 432 C.
672 381 747 432 XVll.

301 542 468 620 Quaerunt
488 539 622 606 latentes
643 549 677 606 et
697 538 808 629 thyma
830 537 943 604 deviae

344 661 469 730 Olentis
488 681 608 726 uxores
629 660 752 736 mariti,

384 756 452 849 Nee
472 781 593 848 virides
613 792 760 848 metuunt
782 781 946 860 colubras,

300 943 367 1008 Nee
387 939 546 1006 Martiales
567 939 734 1007 Haediliae
756 939 865 1028 lupos,
931 993 933 998 .

303 1063 470 1150 Utcunque
492 1061 593 1140 dulei,
616 1061 772 1150 Tyndari,
797 1059 902 1128 fistula
1137 1063 1177 1128 tu

149 1291 175 1338 8.
187 1290 280 1338 viridis
296 1289 347 1337 BT.
357 1317 384 1324 -
395 1288 508 1337 colubros
524 1287 607 1337 caud.
625 1286 763 1336 vander-b.
783 1290 811 1336 et
830 1289 995 1338 recentiores
1013 1289 1044 1338 Η.
1059 1287 1146 1339 Peerl-

116 1365 226 1427 kampii.
246 1391 274 1398 —
295 1363 318 1411 9.
331 1362 458 1411 martialis
474 1362 522 1412 BT.
541 1389 569 1397 -
584 1363 713 1412 Haeduico
724 1361 840 1428 Bbssyx,
853 1365 970 1413 Pottierii
982 1365 1006 1423 2,
1020 1363 1044 1424 3,
1060 1363 1084 1424 i,
1101 1364 1142 1413 43,

119 1439 162 1489 tt:
185 1436 461 1495 inmutassem,
488 1436 618 1485 buedutioe
640 1437 674 1496 C,
701 1438 835 1488 baedelene
852 1437 934 1488 itentl.
956 1439 1023 1488 coni.
1047 1441 1071 1488 ct
1089 1439 1139 1488 Fu.

117 1514 260 1563 illaeditioe
278 1524 386 1560 mecum
402 1512 436 1572 J.)
457 1539 484 1546 -
502 1512 578 1573 tupris
594 1512 623 1560 T.

86 1720 259 1767 securitatem
284 1716 416 1780 exprimit.
457 1715 615 1766 reaestrem
654 1716 768 1778 quisque
791 1715 891 1766 babent
908 1719 976 1768 inter
999 1717 1120 1768 animalia
1142 1719 1179 1769 ia-

85 1795 234 1843 orationem
249 1791 357 1841 redolet
372 1796 550 1840 wtamtnernm.
572 1791 618 1839 To-
654 1788 772 1851 mulum,
798 1791 960 1854 ministrum,
986 1794 1023 1842 sio
1045 1796 1115 1845 biars
1136 1792 1177 1844 lu·

85 1877 133 1916 tarn
165 1867 285 1930 quidem
313 1860 439 1928 praetulit
471 1866 614 1924 Bentleius,
653 1877 727 1927 pum.
744 1865 813 1928 Virg.
827 1871 892 1916 Aen.
909 1866 932 1926 9,
949 1869 973 1924 t,
987 1869 1050 1918 563:
1068 1869 1178 1918 Martius

85 1945 142 2006 quia
167 1941 206 1991 nil
228 1943 331 1990 mirum
354 1942 388 1988 sit
409 1941 518 2003 impune
537 1953 552 1988 a
570 1953 617 1988 ca·
653 1939 1178 2004 --tumescentibus]Restituittbro-

85 2018 157 2081 pellis
172 2016 293 2066 arbutos
307 2015 414 2078 quaeri,
436 2017 458 2064 si
475 2019 556 2064 namn
572 2017 613 2064 sit.
654 2027 713 2062 rum
738 2013 896 2076 lectionem,
930 2020 1038 2067 secutus
1061 2017 1177 2080 glossam

85 2093 133 2142 Sed
157 2092 196 2141 nil
216 2091 386 2153 frequentius
407 2090 507 2153 pectis,
534 2103 616 2154 quam
653 2091 829 2153 antiquissimi
847 2089 912 2140 Cod.
931 2093 960 2142 B.
981 2105 1087 2142 «mons»
1112 2095 1178 2157 (sive

85 2169 216 2216 rationem
239 2163 320 2214 verbi
343 2162 388 2213 uel
410 2163 530 2213 adverbii
553 2163 616 2214 red·
654 2163 719 2213 silva
737 2165 799 2222 tuit,
827 2167 857 2213 ut
872 2165 962 2214 Litana
977 2167 1052 2227 cett,
1078 2169 1178 2218 Lucre-

84 2242 146 2290 dere
164 2241 212 2290 tali
227 2239 361 2304 ἐπιθέτῳ.
393 2238 446 2288 Gir.
465 2241 566 2289 iunium
581 2239 616 2289 ad
654 2236 691 2286 tili
706 2240 733 2286 et
750 2240 851 2289 Usticae
869 2240 986 2298 vicinus3
1007 2243 1034 2290 et
1050 2242 1179 2292 Haeditioe

84 2318 109 2366 b.
121 2315 139 2365 l.
151 2319 252 2366 menn.
276 2341 304 2348 -
323 2313 567 2377 amnes-usses]
580 2315 618 2363 in·
654 2313 715 2374 tupi,
733 2312 780 2375 qui
797 2313 824 2362 in
840 2311 957 2363 Haedilia
972 2327 1019 2364 sua
1034 2313 1116 2365 lustra
1133 2317 1198 2364 bea-¹

85 2391 208 2441 toralias
225 2389 345 2461 arbores
350 2388 418 2451 picei
434 2391 548 2450 generis,
568 2402 617 2438 cu·
654 2387 728 2436 bcnt.
772 2388 901 2437 Haedittae
927 2389 991 2452 quid
1019 2389 1193 2458 signiticaret¹

84 2478 216 2530 pressos,
243 2467 340 2523 taxos,
366 2475 434 2526 ques
457 2475 554 2526 caprae
573 2477 619 2513 re·
655 2473 717 2511 cum
731 2475 842 2525 prorsus
859 2463 1021 2526 nesciretur,
1048 2465 1180 2514 binnnteoo

84 2533 192 2604 quant,
214 2538 363 2601 dispersas.
381 2538 452 2600 virg.
463 2539 509 2586 Ge.
520 2539 544 2598 3,
555 2538 615 2587 300:
655 2535 817 2586 substituere
826 2537 970 2600 malebant,
983 2539 1054 2588 haud
1064 2540 1180 2603 cogitan-

84 2617 151 2664 toben
168 2614 321 2678 frondentia
330 2613 416 2672 capris
432 2611 530 2662 Araura
546 2613 618 2678 suffl-
656 2613 697 2660 tes
718 2611 752 2660 de
771 2611 904 2663 cicuribus
927 2612 1099 2675 animalibus,
1124 2627 1178 2664 non

84 2705 145 2739 cere.
183 2691 317 2738 Ceterum
345 2685 441 2736 eadem
466 2688 618 2736 etiamnunc
655 2686 688 2734 de
707 2685 778 2748 ieris,
802 2688 844 2737 bic
860 2689 910 2750 egi.
930 2689 1093 2750 ingeniosius
1113 2701 1178 2739 sane

87 2765 167 2813 iacies
196 2765 242 2811 est
274 2762 393 2810 nemoris
426 2763 616 2822 amoenissimi,
655 2760 788 2812 Bentleius
811 2762 845 2811 ad
869 2762 1017 2825 analogiam
1039 2775 1064 2813 ν.
1086 2765 1179 2814 binnu-

86 2838 202 2897 arbntis,
229 2835 328 2894 lauris,
351 2833 505 2896 lavendula,
525 2837 618 2900 thymo
654 2835 706 2883 tetes
727 2848 827 2885 novum
855 2849 914 2886 voe.
939 2837 1012 2888 finxit
1034 2839 1177 2900 boeduteao,

88 2913 191 2961 consiti,
654 2923 703 2972 pro
720 2910 881 2974 simpliciore
897 2913 980 2962 iorma
994 2913 1114 2962 amemus
1131 2913 1181 2976 (lu-

119 2989 144 3036 i.
162 2987 190 3037 8.
228 2983 333 3046 mores]
352 2985 463 3034 Tbeocr.
481 2986 505 3043 8,
524 2976 618 3036 tutat
655 2999 716 3034 ven.
744 2986 784 3045 tt,
811 2987 860 3048 65.)
880 2987 1028 3036 etbaeduto
1050 2988 1116 3049 (Not.
1135 2988 1180 3036 Ti·

88 3057 190 3131 τράγε,
215 3056 272 3110 πᾶν
296 3054 402 3108 λευκᾶν
426 3057 511 3126 αἰγάν
535 3054 616 3131 ἄνερ.
655 3061 733 3123 ron).
774 3063 807 3109 at
830 3061 896 3110 mihi
919 3065 991 3111 certe
1012 3061 1178 3112 intolerabile

90 3136 221 3185 Leonidas
246 3135 307 3184 Tar.
329 3134 377 3197 Ep.
398 3134 438 3194 ot,
465 3136 494 3185 t:
520 3133 619 3200 ἴξαλος
655 3134 762 3184 videtur
789 3137 830 3184 ter
859 3137 898 3184 sio
924 3138 1005 3199 ingeri
1041 3137 1179 3200 caprinum

91 3205 230 3277 esaum
248 3204 334 3275 αἰγὸς
350 3205 444 3271 πόσις.
473 3211 542 3274 Virg.
563 3210 616 3261 Ecl.
655 3222 752 3273 pecus:
779 3211 888 3270 capellis,
907 3211 994 3259 nimiis
1005 3212 1102 3271 mariti,
1122 3211 1180 3259 bae·

89 3287 111 3334 ῑ.
128 3287 158 3334 i:
194 3286 239 3334 i'ir
253 3285 340 3347 orento
354 3285 408 3346 ipse
422 3298 506 3348 emer.
542 3287 616 3336 ovid.
656 3286 750 3334 damae.
781 3284 932 3334 schreiberi
948 3287 1038 3334 autem
1052 3286 1181 3347 interpre-

90 3361 154 3411 Fest.
165 3363 191 3419 t,
202 3359 268 3410 334:
282 3359 412 3422 toniqeroe
422 3361 525 3423 conatae
534 3388 548 3398 -
557 3363 618 3412 osis.
656 3360 728 3419 tatio,
748 3361 777 3408 ut
792 3359 923 3408 incautius
944 3355 1180 3422 (quemadmodum

92 3463 116 3471 -
139 3438 171 3486 in
190 3449 216 3484 r.
239 3435 334 3484 Olentis
355 3436 518 3485 recentiores
538 3438 621 3486 inter·
656 3433 856 3499 scriptumvolt)
874 3434 1005 3496 significet
1018 3431 1180 3480 «haedorum

90 3516 180 3574 protes
206 3511 266 3559 iere
287 3509 439 3566 ostenduam
466 3524 497 3560 ex
521 3513 619 3562 Horatii
657 3507 790 3568 stabulas,
816 3509 859 3558 vix
885 3507 928 3557 ulli
954 3505 1062 3571 probari
1080 3506 1178 3569 potest,

90 3599 152 3634 vero
170 3585 283 3645 iudicio,
302 3585 397 3647 inquo
418 3584 492 3635 tacite
510 3588 620 3650 acquie—
657 3585 755 3648 quippe
773 3595 884 3647 prorsus
901 3582 1030 3646 precaria.

90 3673 164 3709 scere
181 3670 347 3722 possumus,
366 3659 430 3708 nihil
447 3660 565 3711 habebat
578 3663 619 3710 in·
689 3659 729 3708 tu.
752 3658 884 3720 Utmnque]
906 3656 1127 3720 quandocunque,
1147 3657 1181 3706 si·

90 3737 142 3797 epti
156 3737 205 3782 aut
220 3731 338 3782 molesti.
368 3733 428 3783 Scil.
447 3737 490 3784 est
505 3735 619 3786 verbum
656 3734 711 3785 mul
727 3747 759 3784 ac
777 3735 857 3784 Fauni
876 3734 973 3798 fistulo,
992 3729 1104 3804 σύριγγι
1125 3736 1178 3783 cet.

91 3809 211 3858 medinm
230 3819 327 3857 omnes
344 3810 372 3857 et
388 3811 477 3870 gratos
498 3813 525 3860 et
542 3810 619 3860 ioeti·
656 3809 726 3873 Virg.
746 3808 799 3859 Ecl.
818 3811 842 3870 2,
858 3810 903 3860 82:
927 3811 982 3860 Pon
995 3810 1095 3872 mimia
1108 3809 1180 3858 cata-

90 3883 138 3933 dos
155 3883 260 3932 odores
280 3883 438 3944 significans.
467 3913 495 3920 -
518 3886 619 3950 vinda]
655 3897 709 3934 mos
722 3885 941 3948 omnomiunqere
958 3885 1045 3946 plures
1062 3883 1179 3934 Instituit.

90 3958 166 4007 iiand
191 3955 330 4006 insolitum
350 3961 544 4009 venenatorum
562 3961 620 4010 ani—
656 3958 744 4021 Eurip.
765 3959 822 4023 Iph.
846 3959 921 4008 Tnur.
951 3959 1028 4008 ⁴052:
1056 3957 1181 4028 Συρὶζων

90 4031 201 4081 melium
218 4029 362 4080 ἐπίθετον.
381 4031 517 4083 claudian.
531 4035 558 4083 in
569 4036 621 4085 llu-
656 4029 679 4080 δ’
698 4027 715 4082 ὁ
733 4030 889 4104 κηροδέτας
906 4029 1044 4097 Κάλαμος
1065 4025 1180 4102 οὐρείου

91 4105 174 4158 tinum
193 4109 224 4166 t,
248 4105 310 4154 290:
334 4106 522 4170 Lemeeamqw
537 4110 620 4158 osen
656 4103 755 4171 Πανὸς
788 4107 847 4159 κτλ.
878 4137 904 4145 -
941 4109 1063 4171 Tyndaris
1090 4109 1180 4156 autem

91 4181 222 4229 obiectam
236 4179 318 4240 butiro
332 4181 458 4242 paludem.
656 4185 732 4247 quasi
752 4183 851 4234 «altera
870 4184 998 4244 Helene»,
1017 4195 1115 4234 nomen
1131 4183 1183 4232 uti·

123 4257 147 4302 9,
184 4255 327 4319 Mantala]
350 4258 380 4307 Ut
396 4259 478 4306 ceteri
495 4257 522 4308 di
539 4270 618 4308 suum
657 4272 709 4322 que
725 4259 825 4308 flottam.
