2934 4884
299 357 361 423 582
686 359 815 409 nostrii
832 358 1003 409 dissimilii

298 518 441 581 ninghamii
467 516 594 577 sapentia
621 516 710 579 (quem
736 514 845 565 firmare
868 516 981 565 conatus
1003 517 1046 566 est
1073 516 1138 565 Stat.
1157 515 1218 565 silv.
1237 516 1272 578 3,
1291 517 1324 578 3,
1342 518 1374 567 87-
1384 532 1391 563 z

295 606 436 663 partaeque
452 612 501 662 per
521 610 605 649 omues
620 598 731 649 Divitiae
748 599 855 660 populos
870 600 1006 662 nucesque
1022 599 1151 661 inpendia
1166 600 1291 663 masidi),
1318 602 1393 650 Doe-

295 684 371 747 ringii
386 683 523 746 stipendio,
551 680 664 731 «tributa
681 682 706 730 ei
723 680 879 744 impositu.»
905 680 1045 731 Friihlichii
1066 680 1182 743 Namque
1196 683 1393 732 incise-mors

296 768 385 817 celeres
407 768 483 831 fitque
499 767 656 827 deiectaeque
670 770 810 814 retrorsum
827 766 879 813 cet.
909 791 936 800 -
966 764 1067 814 Verum
1092 778 1158 814 ecce
1176 779 1246 815 nova
1270 767 1395 816 excritur

300 848 441 901 difficultas
466 862 498 899 ex
524 849 662 899 sententiis
686 848 760 912 ipsis.
806 848 888 907 Quid,
916 860 1035 910 quaeso,
1069 846 1155 898 dicii?
1183 850 1262 897 «Non
1283 849 1394 911 fugatus

296 932 442 995 Hannibal,
468 946 521 983 non
539 932 671 994 Karthago
692 931 798 981 devicta
815 943 847 980 ac
864 943 951 994 peene
968 928 1071 979 deleta»
1090 931 1128 993 (ut
1145 930 1239 981 faciles
1256 933 1344 983 simus
1361 934 1390 981 in

297 1015 513 1081 interpretando)
552 1012 663 1065 «clarius
685 1013 803 1063 indicant
821 1011 916 1063 laudes
933 1013 1063 1077 Scipionis
1085 1014 1193 1063 maioris
1212 1027 1298 1077 quam
1314 1016 1393 1065 Ennii

298 1100 443 1151 earmina.»
486 1098 538 1149 Sed
571 1098 639 1148 baec
671 1098 729 1161 ipse
763 1096 828 1161 quid
853 1095 925 1146 aliud
949 1095 1061 1146 tandem
1084 1096 1280 1160 praedicabant
1306 1112 1393 1161 quam

297 1184 407 1236 easdem
432 1180 488 1232 ilias
512 1182 640 1245 Scipionis
665 1194 709 1231 res
735 1182 847 1243 gestas?
875 1179 952 1231 Nulla
969 1183 1011 1231 est
1027 1193 1090 1243 ergo
1115 1173 1279 1242 ἀντίθεσις,
1307 1194 1393 1244 quam

297 1270 388 1317 temen
404 1264 544 1317 manifesto
562 1265 693 1327 quaesivit
709 1266 798 1327 poete.
844 1265 933 1323 Quam
950 1265 980 1313 ui
996 1262 1174 1327 qualicunque
1192 1262 1291 1314 saitem
1308 1264 1394 1314 modo

297 1349 418 1411 eliciant,
446 1346 570 1412 (nonnulli
592 1348 672 1397 edam
688 1347 841 1411 parenthesi
859 1345 968 1398 inclusis
990 1360 1033 1397 vv.
1060 1350 1108 1397 Per
1125 1361 1190 1410 quae
1206 1348 1395 1409 psincu-

297 1433 414 1496 rtucihae,
433 1445 488 1496 quo
504 1429 605 1481 scilicet
621 1431 718 1489 artius,
738 1429 787 1479 sed
804 1432 895 1481 temen
911 1431 980 1480 mira
997 1431 1204 1494 compositione,
1223 1431 1394 1481 cohaereant

296 1516 386 1568 celeres
408 1517 485 1579 stipae
511 1528 572 1564 cum
593 1514 676 1563 incisis
695 1512 892 1577 manseritis),
921 1515 957 1563 ita
980 1514 1036 1565 iere
1060 1515 1286 1577 interpretantur:
1319 1528 1393 1564 «nun

297 1601 397 1651 incisae
420 1600 502 1659 notis,
529 1597 557 1647 id
581 1598 636 1658 esi,
668 1600 695 1645 in
718 1598 889 1661 inscriptione
916 1598 1019 1647 statuae
1045 1598 1174 1660 Scipionis
1198 1600 1389 1658 memoratae,

298 1680 452 1735 Hannibalis
469 1682 564 1743 iuges,
590 1681 678 1729 minae
696 1679 834 1743 repulsae,
864 1679 955 1731 clades
971 1680 1137 1745 Karthaginis
1154 1679 1253 1731 clarius
1270 1681 1392 1731 indicant

299 1766 466 1831 imperatoris
488 1762 556 1813 iliius
573 1761 666 1814 laudes
684 1776 766 1826 Qum
783 1764 859 1814 Ennii
874 1763 984 1815 Amalec
1001 1767 1028 1814 ei
1044 1765 1153 1826 Scipio.»
1198 1764 1305 1815 Verum
1322 1766 1392 1815 haec

300 1850 423 1914 precario
441 1848 510 1899 sumi
527 1850 647 1911 apparet.
693 1849 787 1910 Aequo
805 1849 876 1898 enim
897 1849 954 1897 iure
980 1861 1012 1897 ac
1029 1848 1141 1898 tortasse
1158 1848 1249 1897 miuus
1269 1850 1392 1898 contorte

300 1932 442 1997 suppleas:
471 1931 622 1995 «Scipionis
644 1930 712 1980 lecte
736 1932 781 1979 aut
804 1916 984 1981 marmoribus
1005 1929 1160 1994 anaglyphis
1177 1932 1326 1995 picturisve
1345 1946 1393 1981 ex-

300 2030 408 2083 presse,
427 2017 472 2065 aut
484 2014 517 2064 ab
530 2013 666 2065 annalium
682 2012 857 2078 scriptoribus
874 2013 967 2064 litteris
984 2014 1090 2074 bediu,
1107 2016 1153 2063 aui
1169 2014 1240 2064 tama
1252 2015 1393 2065 dmntaxet

300 2101 334 2154 ed
351 2100 535 2166 posteritatem
551 2100 709 2163 propagate,
729 2099 817 2149 minus
834 2096 907 2148 clare
923 2100 985 2148 sunt
1003 2099 1061 2148 eius
1072 2099 1201 2147 virtutum
1211 2102 1389 2149 monumenta

303 2198 385 2249 quam
396 2185 471 2234 Ennii
483 2184 633 2246 poemata.»
653 2182 821 2245 (Dignissimis
829 2182 909 2231 etiam
921 2184 963 2231 est
974 2194 1044 2244 quae
1056 2181 1238 2246 perpendatur
1249 2184 1292 2232 Fr.
1301 2182 1392 2232 liitieri

301 2269 335 2319 de
359 2266 487 2317 hocloco
510 2266 641 2316 sententia
666 2266 692 2314 in
714 2264 841 2327 Phiioiegi
866 2264 1102 2315 Schneidewinieni
1118 2263 1175 2314 Vol.
1195 2267 1214 2315 l.
1233 2278 1262 2329 p.
1282 2267 1329 2315 iiiii
1350 2279 1390 2328 sq.

301 2354 393 2403 contra
411 2348 585 2413 Peerlkampii
597 2351 623 2399 et
635 2350 825 2412 Lachmanni*)
846 2350 985 2413 opiniones
1001 2349 1147 2413 proposita.
1177 2350 1269 2398 «tirel
1285 2350 1391 2409 iliud»,

301 2435 400 2499 inquit,
428 2434 487 2482 «die
511 2432 594 2482 mulso
618 2433 659 2481 des
678 2432 762 2494 Scipio
785 2433 821 2482 im
846 2433 975 2483 eudemo
999 2434 1044 2483 der
1062 2432 1190 2482 menschen
1208 2446 1243 2481 su
1263 2433 1390 2492 minda,

300 2520 401 2568 werden
423 2530 473 2565 ooo
496 2517 551 2565 dein
576 2516 669 2565 dicbier
692 2528 719 2564 so
740 2514 817 2566 seben
835 2516 955 2565 duooder
974 2516 1081 2580 pmtciii,
1107 2516 1165 2564 dass
1180 2528 1216 2564 cu
1232 2516 1279 2564 der
1302 2517 1392 2565 ietztes

299 2601 366 2649 stetis
381 2600 508 2663 desesiae
523 2598 639 2661 euchari
653 2599 767 2661 percuciet
782 2600 863 2660 wird,
879 2612 934 2648 wm
945 2612 973 2649 er
988 2599 1033 2661 fiir
1044 2600 1090 2647 dus
1100 2598 1259 2648 wiriscoste
1269 2599 1331 2648 licit
1340 2600 1392 2648 and

299 2684 391 2733 darum
416 2684 463 2732 deo
487 2666 572 2731 beiden
596 2684 692 2732 eodem
716 2687 917 2745 odqeqeneetzte.
952 2683 1025 2732 Diese
1048 2683 1128 2731 mittet
1144 2696 1233 2732 utores
1259 2688 1393 2732 erstem

299 2766 477 2827 aescrieeuuuop
493 2766 537 2813 der
553 2764 636 2813 thulen
653 2766 694 2813 des
708 2766 792 2827 Scipio
808 2765 886 2815 durch
901 2766 1054 2815 eteodbitder
1067 2767 1120 2815 aud
1136 2765 1282 2828 duritiam
1299 2764 1391 2827 (incisa

298 2850 368 2899 notis
385 2858 520 2896 marmora
540 2846 681 2911 publicis),
707 2849 799 2898 welche
818 2850 869 2898 iiim
889 2850 955 2899 occi
975 2850 1067 2899 misem
1091 2849 1154 2898 Tode
1173 2853 1266 2911 qesetst
1285 2851 1392 2898 uiurdeu

299 2934 357 2997 (per
374 2944 444 2994 quae
462 2931 570 2994 spiritus
583 2934 609 2980 et
624 2931 678 2981 sita
694 2932 765 2981 redit
781 2932 859 2982 bonis
875 2934 937 2997 posi
953 2934 1069 2983 mortem
1085 2931 1217 2994 ducibus).
1247 2932 1392 2982 Soichesuli

297 3028 358 3064 mou
379 3029 428 3065 zur
447 3015 497 3065 seit
517 3016 558 3065 des
579 3016 666 3065 Horas
685 3015 722 3064 bei
741 3017 803 3066 itotn
821 3029 868 3064 oor
883 3016 939 3065 dem
954 3016 1120 3077 eapeiiscien
1139 3016 1208 3064 thore
1222 3017 1277 3064 uod
1295 3030 1334 3066 zu
1349 3018 1391 3066 ii-

297 3103 404 3148 temum.
435 3098 491 3147 Liv.
504 3098 549 3159 38,
567 3099 612 3148 56:
636 3096 679 3147 alii
695 3100 809 3160 Romae,
828 3097 872 3149 aiii
888 3100 986 3149 Literni
1003 3101 1031 3149 et
1046 3101 1183 3149 mertuum
1199 3100 1227 3148 et
1243 3098 1389 3162 sepultum.

298 3181 442 3245 Utrobique
459 3183 633 3251 monuments
650 3182 828 3231 ostenduntur
851 3184 879 3231 et
900 3184 1016 3232 stetisse:
1041 3194 1104 3233 nem
1121 3185 1149 3232 ei
1169 3183 1269 3232 literni
1290 3196 1391 3233 monu-

298 3267 419 3316 mentum
436 3268 665 3328 monumentoque
692 3267 780 3315 statua
806 3266 1011 3329 superimposita
1036 3266 1097 3325 tuit,
1123 3278 1206 3329 quam
1226 3269 1390 3330 tempestate

299 3349 431 3399 deiectam
449 3361 535 3412 nuper
550 3348 666 3398 vidimus
683 3348 746 3412 ipsi,
766 3350 794 3397 et
809 3349 908 3398 Romae
926 3351 1000 3398 extra
1015 3351 1121 3413 portam
1138 3350 1276 3412 Capenam
1293 3351 1322 3399 in
1334 3352 1391 3400 Sci-

297 3432 408 3496 pionum
424 3432 598 3480 monumento
624 3432 679 3481 tres
696 3434 799 3483 statuae
822 3435 898 3493 suut,
926 3444 1041 3495 quarum
1057 3432 1127 3482 duaa
1152 3431 1236 3482 Publii
1263 3435 1292 3483 ei
1318 3432 1389 3483 Lucii

298 3514 451 3578 Scipionum
472 3514 596 3564 dicuntur
618 3528 692 3575 esse,
719 3516 795 3565 tertia
818 3518 913 3579 poetes
938 3516 1025 3575 Quinti
1047 3516 1130 3566 Ennii.
1167 3517 1218 3566 Eis
1239 3520 1390 3566 zwciiee

297 3599 390 3661 mitwi,
409 3600 456 3647 dei
475 3598 558 3659 Scipio
574 3610 608 3646 su
623 3599 814 3659 outenheim,
831 3612 920 3648 waren
936 3600 976 3649 die
990 3599 1176 3665 wiricuupeo
1200 3601 1263 3649 uad
1288 3601 1389 3664 [cipes

297 3682 403 3731 seinse·
423 3681 537 3731 thulen.
572 3682 620 3730 Die
642 3686 705 3731 crete
727 3683 806 3732 dieser
826 3683 976 3747 wutunpen
998 3683 1099 3733 bedam
1121 3683 1212 3743 desim
1236 3684 1297 3733 dues
1318 3686 1388 3734 Hass—

297 3764 367 3814 nibai
386 3766 464 3815 durch
486 3764 591 3826 Scipio’s
610 3764 675 3828 slepe
696 3766 722 3815 in
745 3766 856 3827 Sparten
878 3769 930 3817 und
949 3767 1038 3830 Africa
1052 3766 1178 3831 putdthipt
1195 3768 1286 3816 was-dc
1300 3767 1388 3817 liciis·

298 3848 378 3911 eiiipsi
399 3862 434 3899 zu
455 3849 593 3908 ceriueseo,
610 3862 654 3898 um
670 3849 751 3899 seioer
761 3850 913 3915 mddopten
927 3852 1066 3902 oatcrstcdt
1081 3864 1116 3901 zu
1130 3850 1198 3913 little
1213 3863 1249 3900 zu
1263 3850 1385 3901 mes.

307 4060 470 4071 ———„
475 4062 666 4071 ..-——-·---

353 4214 370 4265 ‘i
387 4211 504 4259 Zeitsclir.
516 4217 531 4259 i.
544 4216 669 4261 Aiterthw.
682 4216 743 4262 ieie.
756 4230 780 4273 p.
791 4218 829 4264 iti
847 4230 902 4275 sqq.
919 4219 1037 4275 Philoioq.
1049 4220 1203 4266 Schneidew.
1215 4218 1231 4263 Ι.
1243 4231 1268 4274 p.
1280 4218 1323 4266 toi
1332 4229 1382 4273 sqq-
