2934 4884
513 361 572 411 ΗΒ.
592 362 633 411 lll.
671 362 699 412 C.
720 365 751 412 V.

322 516 485 602 Augustus
507 515 642 583 adiectis
662 518 823 585 Britannis

366 637 505 723 imperio
527 636 747 725 gravibusque
770 641 888 707 Persis.
994 685 998 701 .

279 792 411 859 llilcsne
433 793 540 860 Crassi
563 796 701 881 coniuge
723 795 862 863 barbara

282 914 396 1001 Turpis
418 914 552 980 meritus
575 916 652 981 vixit
673 927 706 983 st
727 916 868 983 hostiurn
890 956 933 968 -

323 1036 386 1100 Pro
408 1035 497 1105 curie
521 1036 707 1125 inversique
729 1040 856 1105 mores!
879 1076 923 1089 -

365 1155 540 1222 Conscnuit
562 1178 752 1225 socerorum
774 1160 806 1224 in
828 1162 926 1227 ermis

173 1390 198 1440 8.
218 1390 290 1438 ciuis
309 1364 375 1439 curru¹
389 1390 452 1439 len.
467 1382 552 1440 Fuhro
570 1394 598 1441 el
609 1392 716 1443 Heinsio
733 1394 829 1453 ilenti,
849 1396 881 1453 F,
901 1399 928 1445 el
945 1398 984 1447 sic
1001 1398 1084 1450 hebet
1099 1400 1164 1452 cod.

141 1462 232 1515 Alteri.
253 1465 277 1513 4.
297 1462 369 1526 epud
394 1464 504 1515 lunium.
525 1466 564 1527 (Ut
580 1478 647 1527 nos,
674 1466 785 1529 nosen,
813 1482 907 1522 omnes
925 1471 1035 1523 Bentleii
1058 1477 1085 1524 et
1102 1476 1164 1526 Pol·

142 1538 218 1587 tiorii.
254 1537 357 1587 Excidit
373 1538 417 1587 hic
433 1550 459 1586 v.
479 1550 494 1587 e
512 1539 577 1589 Cod.
597 1540 635 1603 Τ.)

115 1749 294 1801 molestissimi
319 1752 443 1803 liomsnis
465 1766 497 1802 sc
521 1753 633 1805 feroces.
672 1768 761 1819 seqrro
783 1759 872 1809 animo
894 1761 1072 1822 peteretur‘l»
1101 1788 1128 1799 -
1151 1762 1198 1812 lio-

114 1826 202 1875 Pmne
217 1837 268 1889 pro
278 1825 390 1887 Parilis,
410 1828 440 1875 ut
450 1827 497 1877 Od.
512 1829 537 1889 4,
551 1829 580 1888 i,
593 1829 633 1877 72.
671 1830 755 1894 sumu]
775 1843 859 1894 «quos
876 1834 902 1882 S.
919 1835 947 1882 Ρ.
961 1836 991 1893 Q.
1005 1836 1034 1883 li.
1048 1835 1140 1887 hostes
1155 1837 1197 1887 iu·

141 1902 165 1948 s.
179 1899 205 1947 6.
225 1898 328 1948 llitesrie
340 1900 635 1965 trosuicumindigne-
672 1902 789 1963 diceret,
807 1904 969 1967 quibuscum
985 1907 1085 1958 idcirco
1097 1908 1197 1961 nullum

114 1974 197 2023 tione:
218 1974 284 2033 noui
296 1973 354 2023 lieri
364 1976 459 2037 potuit,
478 1979 507 2025 ul
518 1974 594 2027 miles
605 2002 636 2013 --
672 1978 781 2027 omnino
792 1981 987 2031 commercium
998 1995 1088 2045 neque
1097 1996 1198 2033 connu-

112 2048 245 2099 vivereti·
282 2046 408 2099 Considio
442 2050 486 2099 hic
519 2048 636 2101 declinat
672 2050 748 2101 bium
765 2064 826 2102 esse
843 2054 974 2116 poterat.»

110 2123 274 2173 mentionem
292 2121 387 2184 cladis,
406 2136 487 2186 quum
505 2126 538 2175 ll.
551 2126 634 2175 Anio·
704 2126 732 2174 7,
753 2125 811 2188 Pro]
834 2128 881 2177 Est
903 2128 1058 2179 demirentis
1075 2142 1139 2179 cum
1156 2130 1197 2179 in-

111 2191 165 2247 ui'us
183 2210 210 2247 u.
229 2209 257 2246 u.
277 2210 300 2247 c.
321 2198 377 2247 748.
396 2211 411 2247 e
428 2198 532 2250 Parthis
554 2212 634 2250 ecce-
671 2199 832 2261 dignatione.
853 2226 881 2236 -
894 2202 976 2264 meio]
989 2203 1043 2251 Cic.
1057 2215 1107 2266 pro
1118 2201 1197 2252 Pisu-

109 2275 196 2335 perst,
224 2272 281 2320 sive
308 2271 381 2333 quod
404 2273 512 2323 omnino
535 2274 633 2325 inimici
672 2274 712 2323 cio
730 2273 777 2323 29:
803 2278 885 2324 eleeto
899 2275 961 2325 urle
976 2282 1001 2324 et
1016 2278 1098 2327 cumo,
1118 2278 1197 2327 Curio

111 2346 229 2410 oppressi
256 2346 415 2397 memoriam
438 2347 556 2399 refricari
578 2352 634 2399 Au·
671 2346 786 2397 retertur
802 2346 1197 2413 udicesemsenstusdignits·

109 2422 200 2480 gustus
225 2418 321 2479 nollet,
348 2420 404 2471 sive
428 2422 634 2485 quodpropter
670 2424 739 2482 tem,
758 2423 803 2485 qui
818 2424 873 2471 tem
884 2423 1090 2483 ignominiosum
1102 2437 1196 2475 cusum

109 2494 252 2544 amicitiem
273 2506 334 2545 cum
354 2494 411 2545 iulo
432 2498 559 2556 Antomo,
586 2498 634 2547 tri·
671 2498 726 2546 tum
744 2496 788 2546 diu
805 2498 937 2559 patienter
952 2496 1049 2549 tulerit.
1083 2498 1195 2550 Librsrii

109 2570 202 2619 umviri
220 2568 289 2629 lilio,
316 2570 408 2621 initam
431 2571 555 2623 lioretius
572 2571 634 2622 ubi·
671 2570 866 2621 substituerunt
891 2586 941 2634 pro
966 2574 1057 2635 putria
1091 2576 1119 2623 et
1145 2586 1196 2635 pro

109 2656 158 2705 quc
175 2644 212 2695 id.
230 2643 344 2693 Antonio
360 2644 489 2708 pepercit.
510 2670 538 2681 -
551 2647 632 2707 lunge
671 2650 792 2707 temporo.
902 2646 908 2655 '

108 2718 216 2770 nudus
239 2717 344 2781 cooiupe
371 2718 495 2778 ὁανὸανα,
524 2719 553 2769 id
578 2723 631 2779 est,
703 2719 727 2768 8.
752 2719 892 2783 metuit]
910 2721 975 2780 Quis
997 2722 1050 2771 iem
1067 2720 1128 2785 plus
1148 2722 1196 2770 tri-

110 2792 227 2843 ·hebens
239 2792 380 2855 coniugem
392 2793 564 2843 berberem.»
578 2794 632 2845 Cir.
671 2794 741 2855 ginta
754 2806 839 2844 ennos
850 2794 920 2845 inter
933 2796 1046 2847 Parthos
1056 2794 1194 2857 degerent.

109 2868 181 2917 Ouid.
207 2868 270 2917 tier.
294 2866 323 2928 l,
350 2868 413 2919 tet:
442 2869 475 2918 Et
497 2870 538 2931 fos
563 2882 635 2919 mimo
674 2868 747 2916 -iu
767 2868 855 2932 nemu]
873 2870 987 2920 Prorsus
1008 2870 1060 2921 hoc
1081 2884 1113 2919 ex
1131 2871 1196 2919 Pur·

108 2944 165 3003 lecit
181 2942 267 3005 fratre
282 2942 472 2993 mmmroror.
491 2942 553 2993 Alii:
577 2948 635 2993 tur-
672 2943 779 2992 thorum
804 2954 889 2993 more.
925 2945 1017 2994 lustin,
1036 2943 1082 3005 ll,
1107 2945 1137 3004 2,
1164 2944 1194 2993 5:

106 3019 144 3077 pii
158 3016 268 3079 metopo
284 3014 410 3076 leuem
429 3016 478 3069 sed
495 3016 575 3069 ubist.
592 3019 634 3067 in·
670 3018 819 3065 linercitmo
843 3029 909 3076 ooo,
943 3022 972 3067 ut
1004 3018 1072 3067 edos
1098 3024 1195 3081 amm,

108 3088 289 3142 strumentelis
302 3090 329 3140 in
340 3090 459 3153 coniugis
470 3104 586 3154 persons
598 3091 635 3142 lo-
671 3090 818 3149 iiberonen,
836 3090 879 3137 sed
893 3091 1017 3141 moron
1028 3096 1131 3155 porterit
1141 3106 1197 3144 ter·

108 3178 232 3217 cumnon
244 3164 336 3215 hehet.
354 3166 467 3215 Prorsus
475 3168 566 3215 sutem
574 3167 635 3217 reli-
669 3165 789 3213 uitiorum
804 3162 905 3220 ladem
924 3164 1020 3226 oeplivi
1036 3167 1128 3217 eutem
1145 3178 1196 3229 pro

109 3240 202 3291 cienda
231 3240 284 3289 ΗΡ.
311 3241 353 3290 est
376 3240 444 3290 coni.
468 3241 495 3289 io
519 3241 631 3304 ooniupe.
670 3236 810 3300 mancipiis
825 3238 909 3285 erunt.
924 3262 953 3273 -
966 3236 1047 3298 Quid,
1063 3238 1137 3301 quod
1147 3241 1198 3290 iio-

111 3340 134 3349 -
159 3315 287 3367 «Uxores
309 3326 324 3361 a
347 3312 493 3364 victoribus
518 3327 634 3377 sccepe-
670 3323 780 3370 menos,
799 3310 845 3359 otii
856 3310 1039 3373 impatientes,
1058 3310 1121 3361 belli
1133 3325 1194 3363 cum
1241 3351 1250 3365 x

108 3391 171 3449 runt,
184 3390 217 3437 ut
226 3388 308 3437 vitem
318 3391 528 3439 mercarentur.»
539 3390 630 3439 senon.
671 3387 775 3438 Parthis
793 3384 918 3450 cupidos,
937 3386 1018 3436 etism
1032 3386 1197 3439 voluntarios

111 3489 135 3499 -
164 3461 271 3525 Turpis]
303 3464 413 3526 propter
442 3460 567 3512 violutsm
594 3462 633 3513 le-
670 3476 746 3515 ermu
759 3459 850 3512 tulisse
863 3459 936 3510 hund
947 3459 1125 3524 improbabile
1137 3464 1196 3513 esti

108 3548 165 3597 gem
183 3538 333 3587 somenam
350 3537 430 3599 utque
449 3536 475 3587 iu
494 3536 633 3586 matrimo-
669 3538 775 3599 insigne
808 3537 881 3585 certe
913 3534 1099 3587 huiuscemodi
1131 3547 1196 3598 per·

109 3610 178 3663 nium
203 3610 313 3661 dueum
334 3623 387 3661 non
409 3610 496 3662 solum
512 3611 632 3674 peregri·
668 3610 804 3662 versiletis
830 3608 984 3673 exemplum
1008 3610 1040 3670 Q.
1064 3607 1197 3661 tentonus

109 3696 181 3745 nam,
210 3696 306 3734 verum
329 3686 409 3737 etiem
434 3686 518 3735 hostis
541 3684 631 3735 fliium.
670 3686 698 3735 7.
723 3682 793 3734 tilius
816 3683 906 3746 dedit,
936 3685 982 3747 qui
1008 3683 1097 3735 cudite
1120 3681 1195 3733 clude

110 3757 175 3822 virg.
190 3760 258 3809 Aen.
272 3760 300 3819 8,
319 3760 383 3811 688:
401 3760 634 3821 semisepulta·
670 3756 833 3822 Philippensi
864 3759 976 3809 Pnrthos
1008 3759 1035 3807 in
1064 3760 1197 3809 Romanos

110 3834 221 3895 lonium)
254 3834 340 3896 nelos!
372 3834 497 3898 Aepuptie
529 3835 631 3885 eonion.
670 3834 814 3883 concitavit
829 3836 857 3883 et
873 3834 926 3884 dux
941 3832 975 3882 eh
988 3832 1197 3883 eisoonstitutus

110 3907 160 3957 liv.
179 3908 228 3965 43,
253 3908 284 3957 3:
313 3922 347 3959 ec
373 3909 493 3959 militibus
516 3908 635 3959 dormis
671 3920 721 3971 per
737 3907 821 3957 breve
836 3909 943 3970 tempus
954 3907 1060 3968 Syrium
1071 3908 1099 3955 el
1109 3904 1197 3953 Phoe-

109 3986 130 4027 ei
145 3995 178 4033 ec
195 3982 316 4044 Hisponis
330 3984 490 4044 mummii,
507 3982 634 4043 eechi-
671 3983 751 4032 nicen
767 3980 910 4044 occupavit
925 3993 950 4029 a.
961 3992 989 4029 u.
1001 3993 1024 4029 o.
1041 3977 1112 4037 ili.,·
1129 3977 1198 4027 eius·

109 4054 150 4105 tur
172 4056 328 4108 mutinen
350 4068 402 4107 eoo
417 4062 492 4117 meet,
516 4062 589 4107 natos
610 4068 635 4106 se
671 4068 724 4118 que
749 4067 876 4105 nummus
898 4055 984 4105 exstet
1007 4064 1070 4103 oum
1086 4052 1138 4102 huc
1154 4052 1197 4100 in-

109 4138 282 4183 momoroutee.
298 4156 325 4169 -
339 4131 412 4195 vind]
427 4131 551 4183 «Adeone
564 4132 633 4183 vites
672 4130 832 4193 scriptione:
851 4132 881 4191 0.
899 4128 1060 4179 LABIENVS
1075 4124 1198 4177 444447744-

20 4254 21 4265 ,
110 4206 221 4269 cupidus
240 4206 299 4268 init,
327 4210 356 4257 ut
376 4208 445 4257 lieno
463 4205 635 4269 ignominium
672 4205 739 4255 GVS.
769 4204 835 4255 rur.
862 4202 915 4253 Cir.
942 4202 1055 4253 Dionem
1080 4200 1127 4263 48,
1154 4200 1195 4250 26.
