2934 4884
571 355 757 408 PRAEFATIO.
1166 359 1209 410 llll

182 517 218 582 V.
255 513 365 582 Codex
395 513 561 579 acimaas
591 516 626 580 N.
649 513 722 580 549.
744 513 788 580 l⁰.
811 515 883 582 Sec.
906 515 953 590 X,
975 523 1011 580 ut
1032 514 1139 580 visum
1158 524 1210 582 eat

119 647 152 703 et
179 635 318 702 Sinnero
346 633 444 702 Catal.
472 633 573 702 Codd.
599 635 692 701 Bern.
721 633 787 700 Vol.
812 635 835 700 l.
859 655 889 722 p.
914 635 986 701 tta.
1009 645 1043 702 et
1065 633 1207 702 Hautba-

119 759 205 843 lio*].
232 757 380 824 Continet
403 757 511 822 omnia
534 757 655 823 Horatii
684 763 850 843 poemata3
879 777 964 844 quae
986 757 1095 825 excisa
1117 767 1206 832 sunt,

120 879 236 946 notavi.
262 881 311 963 (c.)

182 1001 252 1067 Hoc
278 1009 386 1066 autem
411 997 526 1065 ordine
547 999 578 1064 in
601 999 688 1064 Varr.
709 999 808 1066 Lectt.
832 1019 964 1087 semper
991 1009 1119 1066 servato
1148 1021 1208 1086 pro

121 1122 281 1208 cuiusque
301 1119 444 1186 bonitate
468 1120 613 1208 quinque
635 1118 695 1186 bos
714 1119 847 1188 codices
873 1119 1038 1188 collocavi.

181 1240 309 1322 Quodsi
329 1240 380 1307 bis
397 1239 508 1308 aliisve
526 1240 770 1307 auctoritatibus
792 1241 892 1310 lretus
915 1241 1097 1309 atleinekii
1116 1261 1209 1309 roco·

121 1363 262 1450 gnitione
285 1362 437 1438 discessi,
461 1362 558 1428 huius
579 1362 675 1430 lectio
696 1363 744 1430 sic
765 1363 889 1450 signata
908 1374 973 1430 est:
996 1365 1035 1428 lt.

181 1485 329 1550 bleorum
357 1495 465 1550 autem
493 1483 650 1551 Codicum
677 1485 822 1550 varietati
852 1483 997 1551 subiecta
1024 1495 1075 1551 est
1104 1485 1209 1572 primo

122 1607 244 1693 integra
273 1605 413 1672 varietas
443 1605 605 1682 Lambini,
641 1606 794 1693 Cruquii,
828 1605 1003 1682 Torrentii,
1034 1609 1137 1684 Feae,
1167 1626 1208 1672 eo

122 1726 183 1794 fine
215 1737 388 1814 excerpta,
423 1737 458 1792 ut
485 1725 569 1792 lucili
598 1746 699 1814 opera
732 1725 834 1794 lector
864 1727 1056 1815 perspiciat,
1092 1727 1208 1814 partim

122 1867 282 1934 quaenam
305 1847 508 1933 potissimum
530 1845 699 1924 lectiones,
724 1867 799 1913 cum
826 1845 942 1914 abhinc
963 1847 1067 1914 tribus
1088 1846 1207 1914 seculis

123 1969 153 2032 in
173 1968 294 2034 Horatii
321 1966 447 2054 Eulogis
469 1967 559 2034 velut
580 1966 763 2034 dominatae
785 1979 907 2046 essent,
935 1967 1006 2034 aliis
1028 1987 1114 2034 nuno
1135 1987 1209 2036 oes-
1320 2011 1327 2025 .

124 2090 234 2165 serint,
260 2089 391 2176 partim,
421 2109 520 2176 quam
546 2109 646 2176 saepe
669 2089 766 2156 etiam
791 2091 857 2155 Fea
878 2089 1082 2156 deserendus
1104 2089 1207 2156 luerit.

126 2209 219 2276 Simili
250 2209 386 2276 consilio
419 2209 478 2276 bas
509 2211 673 2297 excipiunt
704 2229 785 2284 eae,
821 2229 905 2296 quas
936 2229 1012 2275 cum
1044 2209 1208 2276 Bentleius

127 2331 317 2417 recepisset,
351 2350 431 2418 ego,
460 2329 653 2418 plerumque
680 2329 752 2396 aliis
783 2329 1034 2417 praeeuntibus,
1067 2330 1208 2408 mutavi;

125 2461 234 2538 quarto
262 2451 405 2540 denique
431 2450 503 2518 loco
535 2450 683 2519 eiusdem
715 2449 919 2537 suspiciones
946 2471 1010 2516 non
1040 2460 1207 2538 receptae,

126 2571 407 2660 quoniamquidem
442 2573 567 2650 omnia,
604 2592 689 2660 quae
723 2573 861 2639 Criticus
894 2571 947 2639 illa
978 2572 1207 2660 sagacissimus

126 2703 230 2760 contra
252 2691 391 2760 Codices
413 2693 578 2759 immutata
599 2692 770 2766 voluisset,
797 2713 895 2760 nosse
921 2703 1019 2781 atquc
1040 2704 1114 2761 ante
1129 2716 1207 2762 ocu-

126 2812 169 2879 los
188 2814 311 2882 babere
330 2812 485 2880 lectorem
505 2814 617 2880 iuvare
633 2814 818 2881 censebam.
852 2815 910 2880 His
924 2825 1033 2882 autem
1048 2815 1207 2882 immiscui

125 2935 311 3001 claborum
333 2945 464 3022 praeter
486 2955 577 3000 meos
601 2935 757 3002 Codicum
779 2934 936 3002 lectiones
957 2944 990 3002 et
1016 2936 1207 3004 Criticorum

124 3055 335 3132 coniecturas,
370 3065 529 3144 quotquot
557 3077 597 3122 cx
634 3077 708 3123 meo
737 3067 826 3124 certe
853 3077 952 3123 sensu
985 3066 1204 3130 mererentur,

124 3186 156 3242 ut
179 3176 230 3243 vel
259 3177 293 3242 in
316 3175 436 3244 sobolis
463 3175 717 3243 diiudicarentur
739 3177 792 3244 vel
813 3180 943 3244 omnino
970 3187 1104 3265 propter
1125 3195 1206 3264 qua-

123 3295 313 3384 lemcunque
333 3317 466 3365 causam
481 3297 522 3365 ab
537 3297 699 3365 oblivione
720 3298 969 3366 vindicarentur.
1002 3300 1205 3385 Quamquam

122 3418 295 3504 permultas
318 3417 465 3485 consulto
490 3420 706 3506 praetermisi,
734 3420 858 3508 quippe
890 3437 976 3506 quae
1005 3417 1205 3506 excogitatae

123 3549 228 3605 essem
256 3537 298 3605 ab
328 3539 464 3626 ingeniis
493 3540 675 3627 sagacitatis
704 3539 916 3607 ostentandae
945 3560 1044 3608 causa
1071 3515 1204 3608 seberus

123 3657 308 3746 disciplinae
330 3659 461 3728 criticae
492 3660 582 3748 leges
609 3662 745 3728 licenter
769 3660 988 3749 migrantibus.
1032 3663 1118 3728 Sane
1143 3681 1204 3748 per

124 3779 263 3868 quinque
290 3780 350 3847 bos
375 3781 559 3849 Carminum
581 3781 681 3848 libros
710 3782 792 3848 duas
813 3781 980 3848 dumtaxat
1000 3783 1203 3849 coniecturas

124 3919 211 3968 ame
234 3911 382 3990 receptas
403 3923 478 3969 esse
502 3903 631 3970 memini
660 3903 731 3986 (od.
755 3905 793 3979 3,
818 3903 872 3981 tt,
895 3905 925 3968 ὅ.
962 3902 1064 3990 Epod.
1088 3902 1125 3978 l,
1149 3902 1201 3986 8.l;

183 4126 206 4186 *l
228 4125 278 4186 Qui
301 4127 328 4176 ln
350 4125 472 4178 Seebode
494 4128 591 4178 Archiv
612 4127 684 4178 tata.
710 4141 736 4190 p.
756 4128 813 4177 23⁴.
832 4127 916 4178 Codd.
934 4128 976 4178 at.
995 4130 1023 4177 et
1044 4127 1102 4179 sta.
1121 4139 1202 4177 accu-

128 4199 176 4247 rato
192 4199 340 4264 descripsit.
