2934 4884
516 375 574 424 nin.
594 375 613 424 l.
650 375 678 422 C.
699 375 718 422 l.

297 529 463 617 Quidquid
485 529 527 596 de
549 529 679 619 Libyeis
700 531 839 596 verritur
860 531 955 598 areis.

296 650 498 718 Gaudentem
519 651 640 739 patrios
661 649 786 718 findere
808 651 936 718 sarculo

295 775 398 860 Agros
420 771 561 839 Attalicis
584 771 829 840 condicionibus

144 955 184 1004 to.
204 955 288 1014 meis,
308 953 462 1003 Gaudentem
480 953 520 1002 ct.

78 1117 129 1160 tota
147 1112 199 1161 bae
217 1107 340 1161 clausula
357 1111 397 1160 sie
413 1123 455 1159 vv.
469 1111 609 1160 construa-
644 1109 674 1160 ld
702 1123 767 1160 vero
794 1111 856 1160 novi
883 1113 1027 1176 unumque
1054 1113 1168 1165 verbum

77 1199 150 1236 mus:
172 1187 241 1234 bunc
260 1187 288 1234 et
305 1185 377 1234 444444
397 1186 481 1244 ineam
503 1184 607 1248 quade
646 1187 726 1234 etiam
739 1183 801 1235 alibi
812 1185 946 1246 ooninndi,
965 1189 993 1236 ut
1004 1188 1078 1238 ovid.
1092 1190 1168 1240 Trist.

76 1275 103 1309 re
114 1273 206 1320 nemo,
227 1261 260 1309 ut
270 1260 375 1323 opinor,
389 1258 545 1318 dubitasset,
558 1259 608 1310 uisi
645 1261 670 1320 b,
683 1261 708 1318 4,
722 1259 762 1308 64.
782 1261 820 1309 De
838 1262 927 1309 aratro
944 1261 1053 1324 quidem
1065 1275 1089 1312 v.
1102 1264 1170 1312 tein-

75 1337 237 1398 interpretes
261 1335 313 1396 ipsi
334 1335 425 1383 neseio
447 1346 513 1397 quas
539 1333 607 1384 dilil-
645 1335 703 1383 dere
714 1334 868 1396 frequenter
878 1337 1036 1399 usurpatum
1047 1349 1109 1387 esee
1120 1337 1171 1386 de-

75 1409 187 1459 eultates
208 1409 363 1458 munissent
383 1408 426 1458 alii
452 1407 528 1458 aliter
549 1411 609 1458 iun·
646 1411 795 1458 monstrant
819 1409 887 1458 baec
915 1409 1049 1474 exempla:
1084 1409 1168 1463 Plaut.

75 1488 181 1546 gentes:
208 1485 234 1548 t)
255 1484 327 1532 iaceat
343 1483 408 1532 44444
427 1511 455 1520 -
473 1485 557 1545 wem,
580 1485 610 1533 ut
646 1483 715 1532 Trin.
729 1483 754 1542 4,
768 1481 793 1544 4,
807 1482 868 1532 444;
888 1482 953 1532 otim
963 1475 1170 1548 4444444444-

75 1571 136 1616 uos;
154 1559 608 1623 ijeoebitoddooabwte,-ittwn;
644 1557 780 1617 scinditur,
814 1559 845 1607 In
869 1559 955 1620 gninto
979 1573 1077 1622 quoquo
1102 1561 1170 1610 44444

73 1634 99 1696 ti
115 1635 226 1684 4444-
242 1635 316 1682 ittnm
327 1647 458 1696 nimquam
469 1635 608 1692 dimensum·
644 1631 790 1680 morinum
810 1631 888 1681 44444.
923 1634 1020 1683 Accius
1040 1635 1124 1684 Botbii
1140 1649 1167 1700 p.

74 1712 98 1771 t)
124 1709 224 1757 nobilis.
270 1708 407 1758 Tmolum
432 1709 544 1758 dominos
566 1708 607 1772 (de
646 1706 702 1756 446.
727 1705 761 1755 (44
783 1706 946 1758 aratoribus:
978 1710 1007 1757 b't
1028 1711 1171 1760 4444444444

75 1783 199 1832 Romanis
219 1781 288 1832 ialso
300 1781 469 1846 explicantes)
488 1783 566 1836 444444
576 1783 610 1832 ud
645 1785 728 1829 tenos
743 1781 812 1844 44444
828 1782 928 1844 minius
941 1783 1107 1834 Proaetnoont
1115 1786 1169 1848 gio-

74 1858 143 1918 4444,
162 1860 231 1908 item
251 1859 317 1906 44444
335 1884 364 1893 -
381 1857 460 1906 ilium
496 1857 608 1922 Copiose
645 1853 698 1904 444.
734 1855 804 1917 Virg.
828 1858 874 1905 Ge.
897 1858 922 1916 4,
946 1857 1007 1906 399:
1037 1859 1171 1919 quotannis

74 1935 99 1980 et
115 1934 142 1982 in
154 1931 299 1997 plerisque
311 1935 384 1982 recte
395 1933 497 1996 primus
510 1933 544 1982 de
557 1933 608 1982 boc
647 1930 741 1990 terque
757 1935 895 1991 4444444444
909 1931 990 1980 444444
1000 1933 1167 1984 scindndinn.

73 2003 129 2056 loeo
151 2007 304 2071 disputarit
329 2007 473 2058 Lambinus
499 2008 533 2058 ad
556 2009 608 2057 Lu·
645 2003 711 2054 lbld.
731 2003 756 2064 3,
776 2005 832 2054 4644.
862 2007 964 2056 Seneca
980 2007 1074 2057 Troad.
1095 2010 1167 2059 4044.

74 2085 136 2132 met.
158 2080 185 2142 4,
207 2081 283 2130 4464,
298 2082 607 2132 -Coniectummsuam
644 2079 674 2127 V.
702 2079 798 2141 [indm
821 2080 931 2142 quidem
957 2080 1054 2132 eadem
1079 2082 1113 2132 de
1139 2097 1168 2132 re

74 2155 313 2205 uotum-evenere
322 2153 608 2206 Bentleiuscommen-
644 2156 759 2216 usurpat
779 2154 993 2206 Pseudotibullus
1019 2157 1042 2216 3,
1069 2157 1094 2217 3,
1123 2159 1167 2207 ta:

75 2231 118 2280 dat
144 2231 190 2282 bis
217 2231 350 2293 imprimis
372 2230 464 2280 similis
486 2234 608 2281 constru-
644 2229 762 2288 Amoque
778 2229 799 2275 ti
813 2229 911 2291 4444444
923 2230 1032 2292 pinguia
1041 2231 1110 2281 mitte
1124 2232 1169 2282 bo-

74 2307 170 2355 etionis
193 2307 315 2354 Graecae
337 2302 466 2368 exemplis
487 2305 608 2354 llorntin-
643 2314 693 2349 444.
730 2300 800 2363 Virg.
820 2301 873 2351 Eel.
887 2301 912 2363 4,
930 2303 976 2352 33:
995 2305 1077 2354 4444444
1092 2307 1169 2369 44444-

73 2381 125 2429 nis:
151 2379 203 2429 Od.
225 2380 251 2436 4,
271 2379 311 2437 44,
330 2379 376 2429 46ι
400 2392 520 2441 seperare
535 2379 607 2428 nobi-
644 2377 703 2425 dere
718 2375 805 2425 444444.
840 2379 932 2440 Aptius
949 2379 1040 2428 tumen
1060 2383 1101 2430 ost
1117 2381 1169 2430 boe

73 2455 125 2503 tem.
166 2453 217 2503 0d.
240 2454 264 2513 4,
284 2453 324 2513 34,
345 2454 388 2503 tv:
411 2454 532 2516 impotens
551 2467 608 2516 spo-
643 2463 669 2502 v.
683 2451 717 2500 de
730 2451 991 2513 rastriseisnrculis,
1004 2456 1083 2516 utsit,
1096 2455 1168 2518 quod

73 2543 140 2578 rnre.
180 2527 232 2578 Od.
252 2527 277 2588 3,
298 2529 338 2588 44,
354 2529 398 2577 ll:
417 2533 488 2578 444444
498 2529 608 2578 metari
644 2523 708 2575 dixit
719 2525 840 2589 ldrgilius
852 2529 935 2589 (44.4,
950 2527 995 2578 94;
1012 2530 1168 2595 4444444444-

149 2603 219 2652 ceter
236 2603 359 2664 4444444.
396 2602 442 2652 Od.
461 2602 486 2664 4,
506 2604 547 2664 44,
561 2603 604 2651 te:
643 2599 688 2648 bos
704 2602 748 2662 qni
761 2601 861 2664 frangit
875 2602 975 2652 inertes.

74 2680 172 2727 donare
189 2676 425 2738 torono-otnero
444 2679 536 2742 afflone
553 2679 604 2727 cet.
677 2676 716 2724 44.
751 2677 864 2726 Attalicis
890 2678 1080 2743 condicionibus]
1106 2678 1168 2729 Pul-

74 2755 159 2802 b‘emo
179 2751 293 2814 recepit.
644 2751 700 2799 obri
725 2763 817 2801 amoro
843 2751 915 2802 ducti
935 2755 1055 2816 Pergami
1078 2767 1164 2817 reges,

105 2831 146 2878 tt.
169 2825 334 2890 Gandmtent]
354 2827 425 2876 «Nou
438 2828 487 2887 est,
506 2827 607 2890 utqui-
643 2825 773 2889 imprimis
793 2825 894 2876 Attalus
916 2829 946 2877 li.
969 2827 1164 2893 Philadelphus,

73 2903 134 2952 dam
155 2905 330 2962 censuerunt,
350 2903 451 2965 pletura
470 2901 605 2962 rusticani,
642 2902 794 2964 permagnis
815 2902 906 2964 pretiis
932 2914 1024 2952 emere
1045 2902 1168 2954 solebant

73 2979 157 3027 rebus
175 2977 234 3026 suis
252 2990 266 3025 a
281 2979 357 3040 patre
369 2977 419 3026 sibi
432 2977 529 3027 relictis
541 2989 606 3026 eou-
643 2973 733 3036 libros,
752 2977 835 3037 signu,
848 2975 952 3026 tabulas
963 2978 1056 3040 pictas,
1070 2978 1167 3042 quibus

73 3053 139 3102 tenti
160 3052 188 3100 et
205 3051 233 3099 in
251 3049 388 3114 praediolo
405 3064 454 3101 suo
465 3049 605 3114 tranquille
642 3049 744 3112 regiam
760 3063 838 3100 suam
854 3049 1066 3114 splendidissime
1086 3065 1167 3102 exor-

72 3127 212 3188 degentis,
233 3123 282 3174 sed
300 3126 390 3175 rustici
401 3124 538 3176 laboribus
556 3139 605 3189 op·
642 3126 746 3173 nerent.
775 3125 818 3174 Sic
832 3126 949 3174 Aristidis
966 3127 1071 3176 lbebani
1082 3129 1166 3189 picto-

72 3201 174 3263 pressi,
195 3200 239 3248 eui
257 3212 337 3262 asper
358 3203 385 3249 et
401 3213 497 3264 parurn
515 3199 605 3251 fertilis
640 3197 677 3246 tit
692 3198 1168 3250 nnmntobulomcentwntotentism

71 3289 151 3338 ager,
178 3285 262 3337 quiem
281 3287 297 3322 4
317 3276 393 3336 putre
412 3276 527 3339 accepit,
551 3288 604 3325 non
640 3273 738 3322 Attritis
755 3273 794 3336 (ll.
813 3287 837 3322 4.
858 3275 920 3323 Chr,
940 3275 1088 3338 tte-tue.)
1110 3275 1166 3324 4444-

71 3363 119 3414 per
137 3347 251 3398 bellicos
269 3347 451 3412 expeditiones
462 3349 505 3399 vel
521 3363 604 3412 nego-
640 3352 679 3398 tua
703 3353 746 3397 est.
776 3347 840 3399 Pliu.
868 3351 900 3398 ll.
927 3350 958 3399 N.
986 3349 1010 3409 7,
1033 3347 1074 3399 39.
1110 3349 1163 3400 Cir.

71 3427 212 3474 tiaiionem
231 3421 373 3473 latifundiis
384 3425 464 3482 nuxit,
482 3437 535 3474 uon
546 3426 602 3475 sine
640 3423 773 3474 Mansouis
782 3423 932 3485 elegantem
944 3435 1036 3472 eurum
1048 3423 1082 3472 de
1090 3425 1166 3474 Atta-

71 3511 202 3548 nerumna
226 3495 333 3546 sarculo
353 3497 517 3560 subigendus
535 3502 602 3548 est.»
639 3496 670 3548 lis
692 3497 718 3546 in
743 3498 797 3546 vita
820 3497 982 3547 Constantini
998 3497 1032 3548 ll.
1054 3511 1081 3562 p.
1105 3497 1163 3549 384.

72 3575 248 3622 Eicnsrnnrns.
284 3571 368 3622 Allert
390 3573 440 3622 Fen
463 3571 602 3636 Apuleium
638 3573 755 3622 Visoonti
775 3573 891 3634 Ieonogr.
907 3585 985 3634 greco
1000 3571 1048 3622 Ed.
1062 3571 1114 3623 4441.
1132 3575 1164 3624 li.

71 3646 167 3697 ilorid.
190 3647 216 3696 4.
235 3647 266 3696 N.
287 3647 327 3696 45.
351 3646 385 3696 de
406 3647 485 3696 Samo
503 3646 599 3698 insula:
638 3659 665 3710 p.
688 3647 745 3696 473.
781 3646 828 3696 Est
847 3645 936 3708 igibrr:
957 3673 984 3683 -
1003 3648 1058 3698 «No
1085 3648 1165 3698 tantia

71 3725 137 3786 Ager
153 3721 281 3783 frumento
294 3723 378 3785 piger,
397 3727 486 3772 aratro
502 3723 600 3784 irritus,
639 3719 749 3784 quidem
765 3721 895 3784 pecuniae
906 3723 1031 3784 summis,
1050 3726 1163 3786 quanm

73 3797 204 3856 4444444444
215 3795 313 3856 oliveto,
325 3809 371 3845 neo
380 3795 484 3845 uinitori
497 3811 542 3847 neo
553 3797 601 3846 oti-
638 3793 716 3846 Attuli
724 3793 760 3844 illi
768 3795 912 3846 artificibus
923 3796 1079 3858 onerabant,
1093 3801 1163 3848 stre-

73 3871 120 3919 tnri
136 3871 270 3932 aeutpitnr.
297 3871 404 3920 iteratio
416 3871 601 3921 omnisinser-
638 3883 720 3920 nurum
738 3871 792 3933 agri
814 3872 875 3920 aviti
893 3869 1022 3922 cultorem
1034 3879 1066 3921 eo
1077 3871 1165 3920 uddu-

73 3945 159 3995 444444
170 3945 287 4003 necuim
300 3951 602 4007 primumprooentumo·
638 3957 692 4005 eas,
711 3948 742 3995 ut
758 3947 891 3995 mereator
910 3945 982 3995 liat.»
1018 3945 1066 4008 (Ad
1082 3957 1161 3996 usum

74 4019 597 4084 mssnoetuoeuinndoostquomfrupisero.
637 4021 727 4068 autem
745 4017 871 4083 loquendi
888 4019 934 4068 eir.
948 4019 1002 4070 Cio.
1021 4019 1056 4068 ad
1073 4020 1103 4079 Q.
1117 4019 1158 4069 Fr.

77 4093 228 4146 -Alterius
237 4091 358 4144 lectionis
367 4095 554 4158 scinderequae
566 4095 600 4145 sit
636 4094 656 4153 1,
676 4092 700 4154 4,
718 4095 743 4152 4,
763 4093 791 4142 3;
814 4099 843 4142 nt
862 4095 933 4143 44444
951 4094 1062 4143 eondteio
1080 4107 1160 4156 pecu-

74 4171 223 4228 auetoritas,
237 4182 291 4219 non
304 4166 401 4232 liquet,
419 4181 482 4220 uam
497 4173 598 4220 eertum
635 4170 694 4219 niae
710 4175 732 4220 44
743 4197 758 4206 -
768 4197 783 4208 -
794 4170 826 4220 ob
841 4183 939 4221 namna
958 4171 1101 4234 4444444444
1116 4171 1160 4220 44-

75 4243 177 4294 codieis
203 4242 315 4294 alicuius
341 4243 460 4294 nondum
482 4245 596 4308 repperi.
636 4244 758 4308 (4444444.)
