2934 4884
529 386 629 438 LlliEll.
665 388 764 440 Clau.
783 391 802 438 l.

332 540 465 617 Amice,
490 542 749 630 propugnacula,

291 663 428 733 Paratus
453 682 550 731 omne
573 664 723 731 Caesaris
745 664 925 752 periculum

333 784 469 859 Subire,
495 784 688 863 Maecenas,
713 794 778 851 tuo.

291 904 377 984 Quid
399 926 475 983 nos,
502 904 622 993 quibus
645 916 676 973 te
698 906 764 972 vita
785 906 813 972 si
835 906 1008 994 superstite
1191 910 1212 972 5

335 1025 495 1103 Iucunda,
521 1028 548 1092 si
573 1036 703 1101 contra,
727 1026 859 1115 gravis?

293 1148 447 1215 Utrumne
471 1146 551 1213 iussi
574 1166 812 1235 persequemur
833 1147 950 1221 otium,

333 1268 403 1333 Non
426 1266 542 1345 dulce,
566 1269 598 1334 ni
621 1278 728 1335 tecum
750 1268 863 1344 simul,

291 1390 337 1456 An
360 1388 446 1456 hune
468 1388 614 1456 laborem
636 1398 745 1455 mente
766 1386 880 1465 laturi,
903 1389 1000 1457 dccet

186 1531 210 1581 3.
231 1532 334 1583 Caesari
345 1558 360 1569 ·
371 1558 385 1568 -
396 1536 438 1581 tuo
449 1529 533 1582 Bothe
546 1532 574 1580 et
584 1531 635 1581 ΗΡ.
655 1556 682 1565 -
702 1529 726 1581 i.
745 1532 783 1581 tui
799 1529 958 1581 Wakefield.
995 1532 1121 1595 (Fumant
1135 1539 1178 1583 tuo

152 1605 287 1669 Bbs'l'cd.)
306 1632 335 1643 -
362 1608 386 1657 s.
403 1608 458 1656 cito
476 1606 537 1668 (om.
562 1604 590 1665 si)
609 1605 679 1663 bSc,
696 1605 752 1654 cito
767 1605 800 1655 sit
814 1603 910 1666 aidus,
928 1606 990 1655 uct.
1008 1605 1073 1670 (citu
1088 1608 1110 1657 si
1127 1608 1176 1669 BT,

150 1677 250 1745 βγξω,
269 1694 309 1746 pr.
321 1678 373 1740 κλ,
392 1694 490 1731 novem
506 1679 631 1731 Pottierii.
666 1680 695 1729 tn
713 1679 811 1743 depr.
824 1692 907 1731 mauu
923 1681 1069 1743 incertum,
1088 1684 1177 1733 utrum

149 1756 207 1803 citu
222 1756 258 1815 si,
283 1768 317 1805 aa
337 1756 392 1804 vito
407 1756 454 1815 sit;
479 1767 494 1804 a
517 1766 572 1805 sec.
591 1754 705 1803 verbum
722 1754 794 1804 inter
807 1755 863 1805 cito
880 1756 908 1804 et
923 1756 1055 1817 usperstite
1070 1768 1178 1809 erasum

152 1828 214 1891 est.)
234 1856 261 1865 —
280 1830 305 1879 6.
322 1830 435 1879 locando
451 1828 499 1878 Td.

118 1937 224 1988 hebent
232 1936 474 1989 testePlut.inAnt.
483 1940 523 1989 66.
533 1938 655 2001 εῑΙ)ἰοιιθΙ
684 1939 753 1989 eris»
771 1940 811 1989 et:
832 1940 873 1987 nte
884 1940 1054 2002 superstite.»
1078 1940 1121 1991 Sic
1138 1942 1210 1992 enlm

116 2014 161 2071 50,
172 2012 215 2062 23.
234 2014 273 2063 De
282 2012 378 2063 iisdem
389 2014 460 2077 virg.
471 2015 536 2063 Aen.
548 2013 573 2073 8,
584 2012 627 2062 sci
639 2026 644 2061 :
684 2012 775 2061 malim
785 2011 911 2076 expedire
923 2024 1005 2075 quam
1014 2026 1076 2063 cum
1086 2013 1157 2065 aliis:
1172 2016 1210 2066 usi

115 2086 648 2150 peicpocredosinscrsrecolsosouctudus
683 2087 709 2136 te
727 2086 871 2149 superstite
890 2085 959 2148 (vita)
982 2086 1016 2135 sit
1036 2100 1058 2137 s.
1078 2089 1208 2137 vivatur.»

116 2164 268 2210 outmmtss
278 2174 427 2213 concurrere
440 2162 564 2213 montibus
574 2160 647 2219 uisos
685 2158 822 2223 (indictus
834 2162 924 2209 tamen
935 2160 1016 2209 etiam
1029 2160 1144 2221 iterhst,
1163 2162 1208 2224 qut

123 2234 206 2283 ransc
216 2234 280 2284 mole
295 2236 346 2284 oiri
362 2237 461 2286 turritis
473 2235 599 2299 puppibus
609 2236 648 2284 iu-
682 2232 826 2283 lectionem
837 2233 931 2282 citcsit
941 2232 1118 2297 amplectitur,
1131 2236 1208 2285 tecit.

116 2312 195 2357 udat.
215 2309 264 2358 Dio
281 2310 324 2368 50,
345 2310 385 2360 48.
404 2310 532 2361 Antonius
550 2308 648 2359 admi·
686 2308 773 2357 Vesus.
786 2308 806 2357 1.
819 2320 847 2370 p.
859 2306 907 2356 20:
929 2304 1155 2371 «attentasset
1174 2310 1179 2321 '

118 2382 196 2433 lites:
220 2376 318 2453 'Opsius
339 2380 395 2455 γάρ
419 2399 476 2435 που
496 2384 547 2435 καὶ
563 2378 648 2435 αὐτοὶ
683 2380 713 2445 si)
726 2381 798 2431 unde
810 2383 872 2431 nata
884 2382 935 2442 sit,
954 2380 1066 2430 dubium
1079 2394 1138 2433 esse
1153 2396 1208 2433 nou

117 2452 217 2506 καὶτὸ
230 2458 354 2523 μέγεθος
371 2459 421 2509 uod
434 2454 468 2509 τὸ
481 2454 575 2521 πάχος
589 2454 647 2508 τῶν
682 2456 779 2520 potest.
797 2456 855 2505 Non
867 2454 995 2505 videbant
1009 2453 1109 2505 librarii
1124 2461 1148 2506 te
1163 2470 1208 2507 su-

117 2528 267 2601 ἡμετέρων
279 2530 410 2595 σκαφῶν.
431 2532 498 2584 Flor.
512 2532 539 2594 l,
555 2534 582 2583 tt
595 2570 601 2594 ‚
614 2534 645 2581 u:
678 2530 781 2593 perstite
797 2528 870 2580 idem
886 2542 995 2579 esseae
1011 2530 1034 2579 si
1053 2528 1204 2592 legeretur:

117 2608 238 2667 Augusto
245 2607 646 2670 quudiinpeutueucsptiusacces,
682 2606 703 2653 si
719 2605 754 2653 sis
767 2608 904 2666 superstes,
923 2616 1061 2667 quumque
1077 2602 1163 2655 semel
1176 2605 1209 2655 stt

115 2682 239 2729 &eccum
254 2682 528 2741 mouumentum
549 2682 591 2731 sed
601 2696 647 2731 aas·
683 2680 709 2729 in
720 2680 754 2741 si,
774 2678 847 2742 quod
862 2679 1002 2743 sequeutia
1018 2692 1061 2727 vv.
1080 2679 1102 2727 si
1118 2684 1208 2729 coutm

115 2754 513 2817 menaumopuitudopussudut,
526 2756 646 2817 quippso
682 2752 818 2819 postulare
846 2753 1012 2814 viderentur,
1042 2755 1205 2815 mutassent,

117 2828 185 2878 seru
206 2829 234 2877 iu
255 2842 362 2877 nouenos
377 2842 505 2879 susumus
519 2829 647 2879 ordinibus
683 2841 736 2878 non
745 2841 810 2878 sane
820 2828 919 2879 mirum
928 2828 1076 2878 esteriticis
1084 2830 1139 2877 mm
1147 2840 1209 2891 per·

118 2902 212 2965 (immo
239 2898 379 2972 δεκήρους
405 2904 557 2953 memorant
577 2901 644 2953 Plut.
683 2900 789 2965 plenem
801 2904 950 2954 orationem
961 2904 1080 2966 potuisse
1089 2900 1206 2966 probari,

117 2974 415 3037 suseipiasque),
432 2978 466 3025 ud
476 2976 522 3025 doc
535 2976 648 3026 timidus
683 2978 782 3039 quippe
799 2978 859 3040 qui,
876 2980 906 3026 ut
917 2990 1041 3040 quaeque
1058 2976 1138 3027 lectio
1149 2990 1208 3027 ma-

115 3048 614 3109 utquetutulutiscliecutoecostettonsm
623 3055 646 3100 et
681 3051 753 3099 xime
764 3062 780 3099 a
791 3047 958 3112 simplicitate
970 3050 1082 3109 recedit,
1098 3052 1134 3101 ita
1146 3064 1207 3101 eam

115 3123 219 3174 wbism
234 3124 313 3185 specie
329 3138 380 3173 uou
396 3124 449 3173 siue
461 3124 555 3187 punita
565 3126 647 3173 moris
682 3124 801 3185 arripere
821 3122 926 3173 soleant
949 3124 1157 3187 cupidissime..)
1177 3154 1205 3161 -

115 3203 140 3248 ei
159 3196 246 3247 iubere
260 3202 392 3247 mosum
411 3198 569 3261 [uetustum
596 3197 644 3247 sed
680 3195 806 3259 sicunde]
817 3194 946 3246 Particuia
954 3197 993 3244 siu
1001 3209 1133 3259 nusquam
1143 3210 1208 3248 usus

116 3275 233 3337 auoque
245 3274 359 3337 sriptore
376 3276 443 3324 testo
461 3274 517 3338 ipsa
535 3271 578 3323 illa
594 3286 645 3323 na·
682 3272 724 3321 est
736 3270 867 3320 Horatius.
891 3267 932 3317 Ad
944 3270 1103 3319 seutentiam
1116 3270 1209 3320 center
1233 3304 1239 3311 -

115 3348 190 3397 vium
202 3346 287 3397 moles
299 3348 378 3397 exitio
392 3346 490 3398 deinde
506 3348 553 3398 luit
565 3350 646 3398 anto-
682 3344 730 3395 0d.
746 3346 775 3403 2,
790 3344 834 3402 ⁴7,
847 3341 902 3391 aa.
926 3342 1043 3393 Teneros
1055 3343 1208 3394 huiusmodi

115 3422 170 3481 nio,
184 3421 319 3470 Octaviani
331 3422 423 3471 contre
435 3434 518 3472 naves
531 3418 645 3491 «μικρό-
682 3419 783 3468 amicos
798 3416 933 3467 vocabant
952 3413 1209 3481 συναποθνήσκον-

115 3490 442 3566 τεραικὼαχὺτερσι.»
455 3496 554 3557 Dicito,
564 3496 605 3546 32.
616 3524 643 3532 -
681 3506 747 3555 τας,
765 3491 960 3541 cotumoricntcs.

115 3568 214 3632 Sutire]
225 3570 365 3634 «excipere
374 3582 435 3619 curu
446 3570 491 3619 tuo
499 3568 644 3633 periculo.»
714 3566 787 3616 'i-li.
817 3564 942 3629 Utrumne]
961 3564 1015 3615 Cir.
1035 3564 1111 3616 Haud
1127 3568 1203 3617 Turs.

118 3670 146 3679 -
165 3642 217 3705 tuo]
235 3640 381 3693 Wakefield
394 3642 532 3707 proposuit
548 3644 597 3704 tui,
616 3645 646 3692 ut
681 3640 724 3690 IV.
743 3654 770 3704 p.
789 3640 831 3690 80.
857 3668 885 3675 -
909 3639 977 3703 iussi]
1005 3640 1112 3691 «Utrum
1138 3650 1204 3701 ego,

115 3718 238 3781 Propert.
258 3716 291 3765 ad
309 3717 491 3766 Maecenatem
508 3718 538 3777 2,
554 3718 564 3767 l
578 3755 583 3778 ,
596 3718 642 3767 ss:
682 3726 764 3779 quem
782 3716 812 3764 tu
828 3727 969 3764 remanere
986 3714 1013 3763 iu
1029 3712 1101 3763 ltalia
1119 3712 1205 3773 iubes,

117 3791 237 3853 Battoque
252 3802 341 3851 resque
357 3792 394 3840 tui
406 3804 574 3841 monueram
585 3791 646 3841 Cae·
682 3788 797 3840 cessabo
815 3790 841 3839 in
859 3790 912 3839 otio
931 3788 1012 3853 (quod
1027 3786 1126 3850 alioqui
1141 3790 1208 3851 poe·

114 3866 182 3914 sucis
198 3865 249 3914 cet.
269 3861 322 3913 sed
340 3862 484 3914 lectionem
497 3870 540 3914 tuo
557 3864 645 3916 drmat
682 3865 724 3913 tae
742 3864 922 3925 gratissimum
935 3863 1003 3926 cst),
1022 3876 1057 3913 an
1073 3863 1145 3913 hunc
1156 3861 1208 3911 mt-

116 3939 198 3989 etiam
215 3938 279 3988 Mur.
291 3938 441 3988 Victorinus
453 3952 480 4003 p.
494 3940 550 3989 iss.
564 3940 643 3991 Gaisi.
681 3936 752 3987 litiae
780 3936 901 3987 laborem
929 3937 1014 3987 ieram
1040 3950 1072 3988 ea
1097 3938 1206 3995 mente,

148 4014 173 4062 5.
194 4013 218 4061 6.
247 4013 312 4074 Quid
334 4013 387 4076 nos]
415 4014 552 4076 capiemus
578 4026 645 4064 con·
683 4024 737 4075 qua
753 4013 841 4061 virum
858 4012 955 4061 iontem
975 4010 1086 4061 deceti-
1107 4036 1135 4045 -
1149 4022 1209 4071 per-

116 4084 184 4135 silii‘i
210 4112 237 4121 -
261 4091 284 4135 te
303 4087 356 4135 citu
377 4088 398 4135 si
420 4086 556 4150 superstite]
579 4089 644 4137 Pro·
682 4086 823 4149 sequemur]
841 4086 883 4134 Sic
900 4085 955 4135 Cio.
973 4084 1021 4134 ou.
1035 4085 1063 4145 3,
1083 4084 1111 4132 t:
1131 4084 1209 4134 otium

117 4161 178 4224 pter
195 4172 313 4224 sequens
330 4161 352 4210 si
369 4160 503 4225 duplicem
521 4163 645 4211 constru-
679 4161 864 4222 persequimur.
890 4185 917 4194 -
940 4160 1027 4224 taturi]
1051 4158 1153 4209 Eadem
1170 4156 1209 4209 el-

117 4233 235 4283 etionem
247 4234 363 4284 miscuit:
383 4235 419 4285 usi
431 4236 567 4299 superstes
579 4234 643 4284 mihi
682 4232 743 4297 lipsi
759 4247 784 4283 v.
804 4232 976 4293 substantivi,
995 4245 1048 4297 qua
1065 4232 1166 4283 Ennius
1182 4233 1209 4282 in
