2934 4884
650 303 779 355 Honesti
797 303 966 357 clamauit

627 789 985 852 cmu-

434 959 505 1022 Non
526 956 634 1035 vides,
658 967 780 1044 quanto
802 979 935 1025 moveas
957 959 1095 1045 periclo,

432 1077 573 1166 Pyrrhe,
598 1078 753 1146 Gaetulae
775 1077 898 1146 catulos
919 1077 1078 1145 leaenae?

433 1201 522 1267 Dura
543 1209 617 1287 post
637 1197 746 1286 paullo
768 1199 873 1292 fugies
894 1199 1034 1266 inaudax

560 1319 687 1387 Proelia
709 1329 833 1407 raptor,
870 1389 873 1394 ,

435 1478 516 1544 Cum
536 1497 596 1564 per
617 1476 782 1543 obstantes
805 1476 958 1543 iuvenum
980 1486 1126 1543 catervas
1324 1479 1343 1539 5

329 1673 383 1724 lix.
401 1673 484 1722 inser.
496 1669 565 1734 νοις.
585 1671 623 1721 Ad
632 1672 770 1734 mnam,
789 1673 866 1722 etsie
877 1671 961 1723 codd.
975 1673 1038 1723 mei.
1052 1672 1100 1736 (Art
1110 1674 1272 1737 Ptrhmeri'.)
1285 1700 1311 1710 -

297 1748 321 1870 ἑ.
343 1744 582 1870 gfflsstgssm
597 1759 617 1804 χ
635 1747 662 1796 et
682 1759 738 1796 var.
760 1744 821 1797 lect.
844 1747 901 1813 γικ.
924 1773 952 1784 -
982 1747 1007 1798 3.
1021 1749 1130 1810 paulam
1152 1744 1262 1812 Τάβνξ.
1285 1775 1312 1786 -

299 1996 352 2050 xx.
377 1997 445 2047 Aere
461 1997 599 2046 certamen
617 1995 650 2046 da
668 1995 791 2047 Nearcho
859 1995 884 2046 3.
909 2003 967 2058 post
989 1997 1092 2061 paullo]
1119 1998 1283 2062 Frequenter
1308 2001 1345 2049 stc

267 2069 466 2122 adolescentulo
476 2070 789 2132 ortuminterPyrrhum,
827 2071 908 2120 etiam
918 2068 1059 2133 Salustius,
1073 2073 1185 2134 Caesar,
1202 2073 1289 2123 Livius
1300 2086 1345 2137 pm

265 2146 322 2196 eius
347 2146 509 2206 amatorem,
534 2146 562 2194 et
582 2143 699 2208 puellam
721 2143 790 2194 illius
822 2144 911 2206 paullo
925 2149 992 2206 post.
1013 2171 1041 2182 -
1063 2145 1188 2210 iacudnc]
1211 2139 1344 2211 ἅτολιιος.

265 2232 357 2270 amore
379 2219 515 2270 incensam
537 2231 654 2282 eumque
676 2217 727 2269 sibi
744 2219 790 2268 uni
826 2219 882 2268 lloc
893 2231 964 2268 nunc
975 2217 1085 2280 quidem
1100 2211 1179 2283 ἅπαξ
1195 2216 1347 2286 λεγόμενον

264 2305 373 2344 servare
395 2307 427 2343 ac
444 2293 559 2344 retinere
577 2294 729 2357 cupientem
750 2291 790 2342 le-
826 2304 879 2340 uno
902 2290 986 2354 mado
1007 2291 1123 2342 distata
1145 2293 1273 2355 «timido,
1300 2295 1347 2344 im·

265 2366 327 2431 pide
346 2369 444 2417 narrat.
479 2371 564 2432 Prope
587 2366 697 2418 ridicule
721 2368 787 2417 HP.:
825 2363 902 2425 belli,
921 2366 1050 2428 ignavo»,
1069 2377 1138 2428 quae
1155 2368 1288 2418 maiorem
1299 2368 1347 2418 uti-

265 2442 397 2491 «Carmen
409 2439 570 2491 obscurum»
590 2441 653 2504 (quo
668 2441 789 2505 prolecto
825 2452 879 2502 qne
896 2438 996 2489 habent
1013 2440 1262 2502 reprehensionem.

264 2513 328 2564 nihil
356 2513 452 2564 clarius
475 2513 527 2575 est)
555 2517 601 2564 «et
620 2515 664 2564 vix
681 2515 788 2565 Horatio
817 2569 820 2578 ¹
857 2515 882 2562 5.
896 2526 946 2575 per
961 2512 1084 2562 metantes
1097 2515 1215 2565 twenun
1225 2514 1345 2578 murras]

264 2587 399 2650 dignum».
436 2587 560 2652 (Tempus
581 2589 714 2639 incertum
732 2592 786 2647 est;
825 2586 953 2650 Singulari
980 2586 1090 2638 artificio
1115 2589 1213 2640 retinet
1240 2589 1345 2641 leaenae

264 2661 384 2711 referunt
404 2659 445 2710 alii
469 2661 503 2711 ad
522 2674 545 2711 a.
564 2675 592 2712 u.
612 2676 635 2712 c.
654 2663 727 2724 727..
745 2661 788 2712 alii
824 2662 967 2724 imaginem
984 2660 1134 2712 catulorum
1150 2665 1290 2727 raptorem
1307 2661 1347 2712 ul-

264 2735 298 2784 ad
315 2748 340 2784 a.
360 2733 427 2796 732.)
824 2737 882 2786 tum
910 2735 997 2786 euntis
1024 2734 1157 2799 simulque
1181 2735 1288 2800 puellae
1312 2736 1345 2786 ob

297 2810 321 2858 t.
334 2810 358 2858 2.
379 2810 452 2858 «Non
463 2807 553 2868 uides,
572 2810 672 2871 quanto
683 2811 729 2858 tuo
741 2822 789 2873 pe-
824 2810 960 2871 intnrtnm,
984 2821 1067 2872 quam
1083 2809 1109 2860 ei
1125 2810 1204 2860 inlert
1220 2813 1344 2874 Pyrrhus.

263 2880 346 2931 riculo
368 2878 472 2944 puellae
489 2880 590 2930 fervide
613 2883 713 2932 amanti
732 2882 788 2933 lor·
824 2886 897 2946 grate
925 2882 1069 2933 iracundae
1096 2883 1228 2934 admiscet
1254 2886 1347 2948 imap-

263 2968 370 3006 mosum
387 2952 586 3005 adolescentem
605 2954 723 3007 adimere
740 2970 788 3007 co-
824 2969 896 3006 nem.
934 2957 990 3007 llas
1021 2962 1137 3007 comanae
1163 2961 1255 3008 autem
1287 2961 1347 3010 sunt

264 3029 352 3079 neris?
380 3028 501 3078 Proiecto
524 3043 577 3080 non
595 3031 697 3081 minore
714 3032 788 3096 peri·
823 3029 1071 3082 velutivenntorum
1080 3032 1212 3093 Pymhum
1222 3033 1347 3082 comitan-

264 3100 324 3152 culo
341 3105 453 3153 venator
469 3103 578 3155 leaenae
596 3105 716 3156 Gaetulos
728 3105 785 3168 (οᾱ.
823 3105 902 3164 hum,
922 3104 949 3153 id
966 3106 1019 3165 est,
1038 3106 1158 3168 priomm
1169 3106 1284 3156 Nearchi
1295 3119 1345 3156 una

265 3178 275 3226 t
287 3215 292 3238 ,
311 3176 356 3236 23,
376 3179 425 3239 to.)
444 3177 545 3228 catulos
563 3179 690 3229 auferat.»
711 3181 789 3230 Cete-
823 3191 886 3227 cum
898 3179 1010 3241 Pyrrho,
1023 3179 1066 3228 cui
1077 3181 1168 3229 tamen
1180 3178 1222 3230 ille
1232 3181 1345 3230 maxime

263 3263 323 3304 rum
340 3252 418 3302 vetus
436 3255 476 3302 est
497 3255 669 3317 comparatio.
704 3255 784 3317 segg.
823 3251 938 3314 larebat,
951 3255 1110 3313 amatorum,
1123 3255 1269 3317 antequam
1280 3266 1347 3320 puer

262 3325 292 3384 Ξ,
307 3325 351 3384 tt,
365 3326 392 3374 8:
410 3325 487 3375 velud
502 3327 596 3376 dorsa
606 3328 687 3390 raptis
697 3328 788 3377 catulis
822 3325 940 3376 fervidae
952 3324 1056 3390 puellae
1068 3330 1189 3378 maturus
1200 3330 1254 3378 lam
1265 3330 1344 3385 esset;

261 3398 289 3446 in
305 3398 372 3448 saltn
387 3401 495 3459 saeviat,
514 3400 549 3450 de
566 3401 630 3451 viris
646 3401 788 3464 [ortissents
822 3413 876 3449 non
892 3413 958 3450 vero
976 3402 1074 3452 «ceteri
1090 3400 1195 3463 puellae
1211 3405 1345 3454 emtores

261 3473 491 3523 etmooroanimo.
506 3474 654 3538 -moveoq
668 3476 784 3538 «magas,
822 3473 1025 3535 dissuadentes.
1059 3489 1094 3526 ne
1127 3478 1233 3539 repetat
1263 3478 1344 3526 Near-

262 3547 291 3595 ut
307 3549 428 3610 asportes
445 3561 478 3598 ex
500 3546 582 3598 lustro
599 3547 736 3599 leaenae.»
756 3576 783 3585 -
823 3548 938 3610 chum»,
961 3552 992 3598 ut
1011 3551 1100 3600 vuum
1116 3552 1158 3600 est
1173 3548 1342 3613 quibusdam.

258 3619 365 3682 Pyrrhe]
387 3620 531 3671 Verissime
553 3622 640 3684 Unger
659 3624 690 3671 V.
709 3623 738 3673 lt.
757 3635 784 3686 p.
855 3621 943 3672 6-8.
974 3623 1107 3686 turipum]
1136 3624 1225 3673 «inter
1252 3637 1345 3674 omnes

260 3692 340 3742 xlii:
370 3692 585 3755 «Bambergcrus
608 3696 634 3744 in
655 3696 740 3745 Phuni.
764 3698 783 3745 l.
823 3696 938 3746 maxime
956 3698 1158 3760 conspicuum.»
1187 3699 1218 3747 il,
1234 3696 1252 3747 l.
1266 3698 1344 3748 ahso-

259 3767 284 3814 2.
302 3777 329 3830 p.
353 3765 410 3816 324.
434 3767 663 3829 quemadmodum
685 3771 786 3819 Procu-
822 3768 890 3830 lute,
916 3771 979 3833 quia
1004 3772 1189 3834 unusquisque
1206 3770 1344 3835 suppletu-

260 3836 343 3889 leium
365 3841 467 3891 Graeco
490 3839 621 3890 vocabulo
638 3840 785 3906 'telephum
822 3853 869 3894 ros
894 3847 965 3893 erat:
996 3843 1102 3894 «lormd
1125 3845 1197 3895 inter
1219 3843 1344 3908 aequales

261 3925 287 3975 p.
307 3913 379 3973 sta,
399 3915 433 3964 ita
452 3915 480 3965 C.
500 3913 621 3978 Valgium
641 3917 733 3980 lissum
750 3917 785 3967 ah
822 3930 913 3968 suos.»
933 3944 960 3954 -
980 3918 1083 3968 Grande
1101 3924 1227 3969 emmam
1241 3916 1343 3979 --tttrl

262 3986 369 4037 Horatio
380 3988 424 4039 hic
436 3990 566 4040 nominari
578 3989 720 4041 arbitratus
733 3994 783 4041 est.
823 3992 902 4040 «Tota
920 3991 987 4042 haec
1004 3993 1134 4043 sententia
1147 3991 1279 4056 appositio
1291 3993 1343 4048 est,

261 4059 337 4117 Quod
371 4061 507 4114 confutare
536 4077 589 4115 non
620 4063 707 4114 haheo
736 4077 786 4114 ue·
822 4077 876 4115 non
893 4064 929 4115 ad
949 4066 1101 4116 Nearchum
1119 4065 1231 4129 quidem
1247 4065 1341 4120 solum

260 4142 365 4182 cesse.»
822 4138 872 4190 sed
889 4139 924 4190 od
939 4139 1107 4206 praecedens
1124 4140 1292 4192 enuntiatum
1309 4141 1344 4188 to
