2934 4884
696 363 825 414 iioaiiiii
842 362 971 414 huonon

626 519 991 582 ΕΧΝΙΗΙῙΒ
1031 523 1058 578 Ι.

743 670 927 720 Aphronii.

819 804 851 841 ax

696 911 791 962 Caaou
815 911 965 962 uoniam

646 1043 680 1080 an
697 1043 720 1081 c.
739 1043 864 1081 marran
887 1043 1013 1082 sauram.

353 1155 411 1206 «lie
435 1151 523 1219 epodo
538 1150 659 1203 secundo
685 1149 820 1202 videbaris
845 1149 910 1200 mihi
926 1151 963 1215 tp.
981 1151 1022 1202 27.
1041 1149 1109 1216 ihi.)
1132 1153 1226 1204 nescio
1250 1166 1305 1218 qua
1322 1155 1376 1206 sire

287 1237 395 1290 iuvenili
411 1236 579 1288 coniectandi
605 1234 810 1299 intemperantia
827 1234 884 1284 sive
911 1247 1056 1299 pravarum
1072 1235 1297 1288 observationum
1313 1251 1377 1288 con·

284 1323 388 1386 tagioue
407 1320 485 1371 nimis
501 1317 633 1369 subtiliter
649 1315 805 1381 ignorabilia
822 1318 933 1368 rimatus
951 1331 1027 1380 esse,
1046 1321 1077 1369 ut
1091 1321 1231 1385 postremo
1250 1333 1305 1371 non
1318 1321 1376 1385 qui-

285 1405 349 1455 dem
375 1405 440 1468 quid
465 1403 584 1467 iuppiter
607 1402 701 1452 iunoni
727 1402 755 1450 in
777 1413 888 1462 aurem,
915 1401 965 1452 sed
989 1403 1081 1454 manen
1107 1403 1171 1468 quid
1192 1405 1264 1455 inter
1288 1419 1318 1455 se
1343 1403 1375 1455 illi

284 1488 445 1538 «consortes
461 1486 557 1546 studii,
584 1486 629 1550 pia
652 1483 731 1534 turba
754 1487 870 1549 potitae»
898 1485 1049 1548 (Horat-ius,
1076 1487 1216 1550 Virgilius,
1242 1487 1373 1569 tibullus)

283 1571 418 1634 egissent,
437 1567 485 1618 tibi
500 1567 631 1618 videreris
648 1566 803 1632 intelligere.
848 1568 927 1619 Certe
953 1581 1004 1632 ego
1028 1569 1152 1620 hebetior
1169 1569 1375 1635 Virgilianornm

283 1653 433 1703 carminum
451 1652 554 1714 (Georg.
567 1651 598 1711 2,
617 1649 666 1702 ita
677 1651 766 1714 seqq.)
784 1653 811 1701 in
827 1649 871 1701 illo
889 1651 977 1715 epodo
994 1651 1094 1704 nullam
1110 1652 1227 1704 litteram
1245 1667 1372 1718 agnosco.

281 1738 369 1788 immo
384 1736 449 1787 mihi
465 1748 552 1799 nuper
568 1735 700 1800 Gruppius
717 1735 744 1784 in
761 1733 843 1795 libro,
870 1747 952 1798 quem
968 1734 1002 1784 da
1020 1733 1104 1799 elegia
1121 1737 1240 1787 Romana
1257 1739 1372 1802 scripsit,

283 1821 318 1884 (p.
338 1819 406 1882 392.)
424 1817 518 1869 Tibulli
534 1817 668 1882 quosdam
683 1830 779 1869 versus
799 1829 862 1868 cum
879 1817 988 1867 iioratio
1006 1820 1205 1882 comparavisse
1225 1819 1269 1870 vel
1287 1822 1373 1885 aptius

281 1902 316 1952 ad
332 1901 552 1967 persuadendum
567 1902 691 1960 videtur;
719 1913 782 1951 cum
801 1902 891 1950 tamen
908 1902 1012 1952 certum
1029 1902 1064 1952 sit
1080 1903 1218 1953 Horatium
1234 1905 1263 1954 in
1280 1904 1373 1969 epodis

279 1985 314 2036 ad
331 1983 425 2035 'tibulli
449 1985 567 2035 carmina
584 1985 719 2048 respicere
737 1995 790 2034 non
813 1985 950 2049 potuisse,
978 1984 1028 2035 alai
1052 1985 1079 2034 in
1096 1983 1198 2035 Tibullo
1224 1999 1320 2048 meas,
1347 1989 1373 2038 in

279 2068 387 2119 libratio
404 2070 464 2119 tuas
480 2070 634 2132 temporum
659 2068 775 2118 rationes
800 2068 983 2132 repudiemus.
1020 2067 1074 2130 Ego
1100 2067 1151 2118 hoo
1167 2081 1252 2120 unum
1275 2070 1370 2133 video,

278 2151 386 2203 Horatio
411 2150 532 2202 iambum
555 2150 706 2202 Archilochi
731 2153 793 2200 ante
818 2149 910 2200 oculos
935 2149 1034 2212 tuisse,
1063 2151 1097 2201 ad
1120 2151 1197 2202 cuins
1215 2153 1370 2218 exemplum

278 2236 350 2286 hunc
366 2248 447 2286 suum
464 2236 649 2299 componeret.
684 2232 777 2295 illurn,
804 2234 931 2297 inquam,
958 2235 985 2284 in
1009 2247 1062 2298 qno
1084 2235 1236 2286 Charonem
1265 2237 1372 2288 labrum

277 2316 433 2384 loquentem
457 2319 573 2380 induxit,
599 2318 675 2368 euius
699 2317 802 2368 initium
825 2316 873 2368 tuit
897 2307 940 2369 Οὔ
957 2307 1016 2382 *μοι
1037 2313 1073 2367 τὰ
1093 2317 1190 2385 Γύγεω
1206 2317 1260 2370 τοῦ
1278 2318 1371 2370 τολύ-

277 2399 389 2474 χρύσοο
405 2400 485 2468 μέλει
502 2396 562 2453 oet’
580 2396 638 2453 aila
648 2397 692 2451 τω
701 2415 740 2466 pa
750 2397 843 2466 ζῆλος.
879 2401 932 2451 Sed
949 2400 1041 2463 nobis,
1061 2413 1144 2465 quam
1160 2400 1232 2452 bella
1249 2416 1367 2466 quamve

276 2487 367 2538 iocosa
385 2487 463 2537 tuerit
478 2486 607 2547 imitatio,
631 2485 676 2536 vix
691 2484 822 2548 suspicari
839 2481 902 2534 iicet
911 2491 919 2546 ,
940 2497 1054 2535 eumne
1071 2485 1171 2536 exitrrm
1188 2484 1302 2549 quidem
1319 2489 1369 2536 Ar-

276 2569 400 2620 chilochii
417 2570 561 2631 carminis,
579 2567 746 2618 cuiusmodi
767 2567 862 2628 tuerit,
890 2566 1007 2618 divinare
1031 2568 1175 2632 possimus.
1211 2571 1240 2619 in
1256 2569 1327 2628 hoo,
1345 2570 1368 2619 si

275 2651 446 2705 Aristotelem
471 2656 547 2703 recte
572 2649 687 2715 intelligo
713 2651 828 2714 [Rhetor.
847 2650 875 2712 3,
895 2651 963 2714 tn),
991 2651 1039 2701 tuit
1054 2647 1153 2718 ψόγος
1176 2643 1247 2702 ἄνευ
1265 2646 1367 2723 ἀγροι-

274 2739 350 2799 κίας.
384 2736 507 2786 Horatius
521 2735 681 2784 suavitatem
691 2734 825 2797 qnaesivit
842 2735 869 2784 et
885 2732 1041 2794 ridiculum3
1060 2734 1113 2784 hoc
1124 2733 1234 2798 quidem
1246 2747 1364 2796 summa,

275 2832 338 2870 cum
363 2818 507 2869 teneratori
531 2816 659 2867 adscribit
682 2817 767 2878 haec,
797 2817 853 2878 qaia
874 2831 925 2866 eoa
946 2817 1091 2878 mahtim,
1121 2830 1185 2879 quaa
1200 2831 1276 2868 amor
1292 2831 1367 2868 mres

274 2902 361 2963 habet,
395 2903 456 2951 hoec
487 2901 554 2950 inter
578 2898 752 2949 obtioirettwt
785 2899 834 2950 sed
865 2899 916 2950 sub
950 2901 1006 2950 risu
1029 2901 1143 2964 iocoque
1173 2898 1267 2952 latere¹
1288 2903 1365 2952 amici

276 2983 390 3048 [virgilii]
409 2984 559 3034 irrisionem
576 2996 625 3034 cur
641 2983 800 3048 suspicer-a»
820 3009 848 3020 -
866 2983 963 3034 Marius
980 2983 1130 3034 Victorinus
1146 2997 1173 3047 p.
1194 2984 1251 3035 488.
1266 2985 1363 3036 (taisiz

274 3069 318 3118 Ex
343 3069 455 3119 trinietro
479 3081 554 3118 verrat
577 3065 684 3116 iambico
707 3067 814 3128 modum
838 3065 1017 3128 octoapllebtan
1032 3067 1191 3118 Archilochus
1214 3075 1365 3119 coemuntur

275 3157 329 3205 est:
346 3157 375 3202 et
391 3153 489 3202 Beatam
505 3148 566 3212 ilie,
585 3151 631 3214 qui
647 3148 742 3214 procul
759 3150 880 3214 negotiis.

339 3235 523 3286 Amicissimus
548 3233 668 3284 iialmius
692 3233 819 3283 indicavit
839 3233 905 3284 mihi
928 3232 1018 3286 locum
1039 3235 1129 3298 utique
1146 3235 1313 3300 persimilem
1330 3249 1361 3286 ex

272 3319 458 3383 Aristophanis
480 3313 592 3381 Νήσοις
608 3319 651 3367 Fr.
669 3315 726 3367 344.
746 3315 859 3367 Dindori
873 3319 901 3368 P.
921 3318 963 3368 Se.
981 3329 1041 3382 pag.
1062 3317 1118 3368 titi.
1146 3317 1256 3380 (comio.
1276 3321 1359 3384 Frgm.

272 3401 331 3452 Vol.
344 3404 375 3452 ii.
388 3414 415 3466 p.
430 3401 523 3463 littei,
542 3412 624 3464 quem
635 3399 790 3450 exscribere
807 3400 896 3450 iuvat:
911 3391 947 3449 Ὦ
962 3397 1042 3471 μῶρε
1057 3394 1153 3472 μῶρε,
1171 3399 1265 3452 ταῦτα
1280 3399 1359 3452 πάντ’

272 3483 304 3535 ἐν
319 3479 381 3555 τῇδ’
398 3477 458 3546 ἔνι,
485 3481 582 3533 Ολκετν
600 3480 655 3548 μὲν
676 3481 708 3533 ἐν
728 3475 806 3553 ἀγρῷ
823 3478 929 3532 τοῦτον
945 3481 976 3532 ἐν
993 3481 1032 3550 τῷ
1050 3481 1138 3552 γηδίῳ
1153 3477 1360 3552 Ἅπαλλαγέύτα

272 3561 332 3617 τῶν
348 3569 410 3617 κατ’
427 3561 538 3639 ἀγορὰν
555 3561 751 3636 πραγμάτων,
778 3564 963 3630 Κεκτημένον
979 3562 1128 3638 ζευγάριον
1146 3567 1256 3617 οἰκεῖον
1276 3565 1359 3630 βοοῖν

264 3643 371 3700 ’Enete'
396 3643 516 3700 ἀκούειν
547 3646 713 3720 προβατίων
737 3647 952 3716 βληχωμένων,
990 3647 1101 3722 Τρύγύς
1131 3665 1162 3701 τε
1192 3647 1297 3716 φωνὴν
1319 3651 1359 3712 εἰς

271 3727 395 3800 λλκάνην
419 3727 608 3798 occeptum,
627 3725 712 3798 ”opp
737 3729 769 3782 δὲ
785 3728 925 3804 Χρῆσύαι
942 3731 1094 3796 σπινιύίοις
1111 3748 1141 3784 ra
1161 3735 1212 3784 καὶ
1228 3733 1356 3796 κίχλαις,

271 3815 330 3868 Καὶ
345 3812 388 3882 μὴ
406 3816 566 3887 περιμένειν
582 3811 614 3880 ἐξ
631 3809 742 3888 ἀγορᾶς
759 3813 877 3879 ἰχθύδια
894 3818 1013 3888 Τριταῖοι
1030 3816 1210 3884 πολυτίμητοι
1230 3817 1356 3880 βεβασα-

270 3902 395 3966 νισμένα
408 3893 468 3950 ’iix'
487 3897 672 3962 ἰχθυοπώλου
689 3900 764 3972 χειρὶ
781 3898 1024 3973 παρανομωτάτῃ.
1058 3901 1107 3950 Vir
1123 3905 1213 3954 umen
1229 3903 1353 3962 adducor,

271 3985 302 4033 ut
316 3983 359 4034 vel
376 3983 545 4048 Archilochi,
571 3983 803 4049 quemadmodum
819 3985 894 4035 ratus
911 3985 954 4036 ast
969 3985 1171 4048 Lachmannus,
1197 3985 1241 4038 vel
1258 3984 1354 4038 Comici

270 4067 446 4120 imitationem
464 4067 585 4121 consulto
601 4070 751 4134 quaesitam
770 4069 796 4118 in
813 4069 865 4118 hoc
881 4067 974 4134 Epodo
990 4080 1143 4132 agnoscam.

739 4235 884 4248 ...—-....
