2934 4884
282 356 345 421 556
667 355 796 405 uonaru
815 328 985 405 clamauit

278 499 399 559 primum¹
418 510 499 560 qnam
517 497 625 547 Romani
644 494 851 560 reportaverint,
870 508 904 544 ex
920 508 974 557 qno
990 493 1120 545 Hannibal
1138 495 1164 543 in
1176 493 1279 544 ltaliam
1291 496 1374 544 venit.

282 581 361 644 Atqui
373 582 476 631 constat
487 593 519 629 ex
530 580 658 639 historiis,
672 580 726 628 iam
737 592 762 628 a.
776 592 803 628 n.
817 592 840 627 c.
853 577 911 628 489.
925 579 953 626 et
963 577 1070 628 dnobus
1080 577 1257 641 sequentibus
1270 580 1376 627 Poenos

281 678 296 712 a
314 666 348 715 44.
368 663 477 714 Claudio
494 662 616 713 Marcello
633 666 757 726 praetore
774 660 846 726 apud
869 660 962 711 Nolam
979 662 1060 711 inisse
1077 661 1240 725 profligatos.
1276 662 1375 711 Clades

280 748 350 812 apud
380 749 527 800 Metaurum
552 746 648 795 accidit
664 758 688 795 a.
707 759 733 795 u.
753 760 777 795 c.
796 744 852 795 4447.
888 744 1027 797 Marcellus
1043 746 1128 809 prima
1145 746 1255 795 victoria
1273 744 1375 794 Nolana

280 831 372 882 docuit
388 829 562 882 Hannibalem
580 830 648 879 vinci
666 842 759 893 posse,
778 842 865 892 eaque
883 842 928 879 res
946 829 1082 888 Romanis,
1102 828 1136 877 de
1152 842 1183 877 re
1194 828 1373 879 sommaiere

281 916 333 964 iam
359 912 577 977 desperantibus,
609 914 726 962 animum
751 911 874 962 reddidit.
912 914 1005 974 ltaque
1030 912 1147 961 historici
1171 910 1231 961 dies
1255 910 1373 961 Nolanos

279 997 369 1049 multis
394 995 517 1047 lendibus
543 994 755 1046 celebraverunt.
795 996 850 1046 tiv.
873 996 918 1055 88,
946 996 988 1044 46.
1010 994 1096 1045 Valer.
1119 996 1187 1045 Nax.
1206 996 1235 1055 4,
1263 996 1288 1045 o.
1325 999 1372 1046 At-

279 1094 332 1145 que
355 1083 403 1131 ista
426 1081 533 1130 victoria
557 1079 655 1131 Nolana
676 1082 730 1129 tam
754 1078 851 1129 crebro
868 1080 897 1128 et
918 1082 993 1140 grato
1010 1079 1129 1129 omnium
1145 1091 1273 1129 sermone
1291 1093 1372 1130 usur·

278 1164 406 1229 pabutur‚
437 1167 467 1214 nt
491 1163 687 1227 propemodum
714 1176 758 1213 res
783 1164 809 1212 in
834 1160 1009 1225 proverbium
1033 1160 1136 1212 abierit.
1172 1164 1229 1213 Cic.
1252 1163 1327 1213 Brut.
1345 1163 1368 1211 8.

279 1248 432 1310 llieronym.
452 1248 500 1311 Ep.
519 1247 560 1296 7.»
594 1248 643 1297 ΗΡ.

343 1331 453 1391 Verum¹
472 1332 502 1381 ut
517 1343 587 1393 qnae
604 1330 720 1379 historici
737 1332 800 1379 sunt
814 1330 966 1393 argumenti
986 1331 1013 1379 in
1030 1329 1082 1379 hac
1098 1330 1270 1380 adnotatione
1281 1331 1369 1379 omnia

279 1414 472 1475 concedamus,
491 1414 582 1478 quidni
600 1414 737 1474 Horatius,
755 1412 820 1463 dum
838 1412 963 1464 Claudios
979 1414 1100 1464 Nerones
1116 1414 1244 1477 patricios
1255 1415 1369 1463 summis

278 1497 402 1549 laudibus
419 1497 531 1558 extollit,
550 1499 584 1549 ll.
604 1496 746 1547 Claudium
762 1496 916 1547 llarcellnm
932 1497 1067 1563 plebeium
1084 1497 1266 1561 praeteriens,
1289 1510 1369 1561 prae·

278 1580 379 1632 claram
404 1580 475 1633 illam
500 1582 638 1632 victoriam
660 1595 675 1631 a
699 1582 728 1631 C.
749 1579 859 1631 Claudio
881 1583 987 1631 Nerone
1010 1595 1044 1631 ex
1066 1578 1234 1631 llasdrubalc
1257 1579 1369 1632 relatam

278 1666 395 1730 primam
417 1664 461 1715 tali
481 1666 588 1715 nomine
608 1677 673 1715 vere
691 1665 799 1728 dignam
815 1678 913 1716 vocare
930 1666 1066 1729 potuerit?
1099 1664 1176 1728 Apud
1192 1667 1305 1729 poetam
1321 1678 1369 1713 au-

278 1750 333 1799 tem
350 1747 464 1811 lyricum
480 1750 507 1798 in
524 1748 709 1799 huiuscemodi
727 1747 857 1813 exemplis
874 1748 1087 1812 exantiqnitate,
1105 1761 1159 1798 non
1170 1762 1205 1799 ex
1214 1750 1367 1812 praesentia

277 1833 395 1896 repetitis
412 1832 529 1883 historici
546 1834 682 1896 scriptoris
697 1833 898 1884 accurationem
918 1844 1027 1895 semper
1047 1832 1185 1895 requirere
1206 1846 1307 1883 sanum
1328 1833 1369 1881 in-

277 1917 424 1980 terpretem
441 1914 533 1977 valde,
552 1918 657 1981 opinor,
677 1917 800 1967 dedecet.

579 2206 947 2265 EXCUBSUS
984 2208 1047 2263 ΙΙΙ.

704 2358 743 2406 An
760 2368 802 2406 vv.
820 2354 848 2407 64
855 2354 926 2406 -64,

341 2468 415 2530 lianc
431 2478 568 2543 stropham
585 2476 619 2528 ab
637 2478 750 2529 llolman
766 2476 948 2540 Peerlkampio
964 2490 1019 2527 non
1037 2474 1221 2526 addubitatam
1238 2490 1289 2541 pro
1300 2475 1364 2527 sirh-

276 2561 355 2612 ditlva
366 2562 460 2612 habuit
470 2563 525 2612 iam
536 2562 565 2612 C.
579 2563 608 2612 L.
621 2563 728 2622 struve,
743 2562 878 2626 professor
888 2562 1124 2623 Reglomontanns,
1137 2561 1164 2609 in
1175 2559 1363 2623 scriptiuncula

276 2645 357 2695 add.
376 2648 404 2696 L.
424 2644 595 2695 lllauseninm
617 2646 689 2695 4836.
709 2646 802 2695 missa:
829 2644 864 2694 ah
889 2644 974 2695 otioso
1000 2645 1073 2694 enim
1098 2643 1279 2694 Grammatico
1305 2656 1364 2694 eam

276 2726 434 2779 inculcatam
451 2742 526 2789 esse,
549 2730 594 2791 qui
611 2729 692 2778 animi
710 2742 790 2778 causa
807 2730 847 2779 sic
863 2728 970 2791 Hydrae
989 2732 1016 2779 et
1031 2725 1170 2797 Σπαρτῶν
1186 2727 1293 2779 tabulas
1309 2731 1363 2777 tra-

275 2816 347 2861 ctare
364 2810 485 2861 voluerit.
517 2811 608 2871 (Nemo
621 2814 711 2861 numm
722 2812 840 2862 atrocius
857 2812 883 2862 in
894 2812 946 2862 hoc
958 2824 1066 2862 carmen
1078 2813 1214 2875 grassatus
1225 2814 1270 2862 est
1283 2824 1362 2875 quam

274 2896 367 2945 Nartin
383 2896 422 2943 De
438 2894 534 2954 aliquot
549 2895 649 2943 Horatii
665 2894 823 2945 Concinitur
835 2897 943 2960 (Posen.
962 2894 1044 2958 4844.)
1062 2908 1089 2958 p.
1110 2895 1144 2944 xi
1164 2908 1217 2958 sq„
1247 2897 1295 2960 qni
1312 2909 1362 2945 non

275 2977 361 3027 solum
375 2990 437 3027 cum
448 2976 631 3041 Peerlkampio
645 2990 737 3028 versus
749 2978 773 3028 8.
786 2978 811 3028 8.
825 2977 848 3028 4.
862 2978 887 3029 8.
901 2978 988 3028 ieta.
1002 2977 1091 3029 44-48.
1104 2979 1205 3039 reid,
1218 2979 1362 3030 sedetiam

274 3074 316 3109 vv.
335 3060 423 3111 49-36.
442 3060 531 3111 65-68.
551 3060 694 3111 eliciendos
712 3061 824 3124 censet.)

339 3144 407 3194 Sane
433 3144 548 3195 notabile
574 3148 616 3196 est
640 3158 734 3195 versus
759 3148 821 3195 ante
847 3146 974 3195 criticum
999 3144 1157 3197 Leidensem
1177 3147 1243 3197 hnic
1259 3148 1303 3199 vel
1327 3146 1361 3197 illi

273 3230 427 3292 suspectos,
447 3230 535 3279 Carm.
550 3229 579 3289 3,
598 3229 642 3290 44,
662 3230 717 3279 44-8.
731 3229 761 3289 4,
780 3228 809 3289 4,
828 3229 927 3289 48-44,
946 3228 1051 3290 itidem,
1068 3229 1173 3287 athos.
1188 3230 1359 3293 mythologici

273 3325 333 3363 esse
351 3314 499 3375 argumenti
518 3316 545 3363 et
566 3316 622 3364 sine
640 3326 737 3376 magno
758 3312 907 3362 carminum
923 3312 1083 3363 detrimento
1099 3310 1183 3361 deleri
1202 3324 1295 3376 posse.
1329 3317 1360 3363 44

272 3409 337 3445 vero
362 3398 477 3448 invicem
500 3411 561 3448 sese
583 3396 743 3457 detendunt,
770 3409 833 3446 cum
854 3395 1038 3446 demonstrent
1060 3396 1161 3447 Horatii
1185 3409 1294 3447 morem
1311 3396 1359 3460 (alii

272 3478 363 3529 dicent
378 3481 478 3543 vitium)
497 3480 590 3541 luisse.
616 3480 854 3531 Alexandrinorum
870 3492 954 3543 prope
971 3480 1023 3529 ritu
1038 3481 1065 3529 in
1082 3477 1142 3529 talia
1159 3480 1297 3531 interdum
1313 3494 1357 3530 ea-

272 3563 409 3626 spatiandi.
430 3564 482 3615 Cir.
502 3565 582 3615 etiam
600 3565 792 3615 Wuestemann
810 3562 844 3611 ad
864 3563 954 3612 llorat.
973 3564 1025 3613 Sat.
1045 3562 1073 3621 2,
1092 3563 1120 3623 4,
1139 3562 1180 3612 88.
