2934 4884
478 362 538 411 hta.
558 362 575 410 i.
612 364 641 409 (1.
661 362 760 412 XXXV.

324 519 518 604 Quicunque
541 516 678 605 Bithyna
699 516 830 583 incessit

367 637 575 724 Carpathium
596 639 731 727 pelagus
754 640 872 704 carina.

280 800 323 861 Te
344 798 452 861 Dacus
474 818 589 883 asper.
615 809 646 861 tc
668 797 794 883 profugi
819 796 959 884 Scythae

282 916 451 1004 Urbesque
472 928 652 1005 gentesque
675 928 707 983 et
728 918 854 983 Latium
877 918 966 983 seror
1161 920 1197 984 to

325 1040 514 1125 Regumque
537 1050 656 1104 matres
678 1038 891 1103 barbarorum
914 1050 946 1103 et

365 1159 522 1245 Purpurei
543 1170 691 1225 metuunt
711 1160 855 1248 tyranni,

104 1398 192 1443 terum
203 1394 366 1442 udmninom
377 1393 494 1452 aequom
501 1390 633 1453 generalis
670 1405 734 1442 suas
757 1392 912 1443 solitudines
935 1394 1061 1459 (Steppen)
1085 1395 1193 1456 abeunt,

103 1471 142 1516 est
154 1468 290 1517 sententia
302 1478 390 1529 neque
402 1478 466 1514 vero
478 1464 531 1514 ulio
543 1467 631 1528 paeto,
671 1480 704 1515 er
721 1468 807 1528 gentis
824 1480 889 1517 suae
907 1480 982 1518 more
999 1469 1097 1521 nuliam
1110 1472 1136 1519 in
1149 1469 1192 1519 taii

103 1543 131 1588 ut
159 1538 280 1590 nonnulii
312 1538 469 1598 voluerunt,
503 1538 633 1601 significat
670 1540 730 1603 iuga
754 1542 924 1603 ignominiam
948 1556 1008 1593 esse
1030 1546 1192 1607 reputantes.

102 1616 219 1677 priscam
241 1615 387 1665 Antiatium
404 1626 418 1661 a
436 1614 550 1663 Fortuna
569 1626 633 1676 pro-
670 1614 717 1663 Aiii
743 1620 920 1679 provocantes
946 1617 978 1665 ad
1008 1616 1145 1669 Platonem
1169 1620 1193 1669 in

103 1694 234 1739 tectorum
253 1689 402 1753 potentiam
417 1686 632 1737 maritimnmvei
670 1690 784 1739 Lachete
803 1703 828 1753 p.
849 1690 905 1740 tsi.
925 1694 954 1741 A.
979 1696 1127 1755 exponunt:
1153 1694 1194 1742 «in

103 1766 182 1813 etiarn
201 1765 380 1813 Fortunarum
396 1762 540 1812 Antiatium
557 1761 632 1811 aedh
669 1761 793 1825 fugiendo
810 1764 963 1826 iaculantes,
983 1766 1097 1828 ideoque
1110 1766 1194 1815 hosti-

102 1840 182 1887 situm
191 1838 227 1887 ad
236 1850 323 1886 mare.
337 1835 501 1899 (santulus,
514 1837 537 1895 t,
547 1836 571 1884 3:
583 1837 633 1884 Seu
668 1835 720 1885 hus
731 1837 920 1897 formidolosn·;
940 1852 992 1902 qua
1004 1840 1193 1903 significatione

101 1910 630 1971 macerieicuedinuntrasponsasororen
669 1913 791 1961 Lucanus
816 1912 853 1973 (6,
878 1914 929 1974 50.)
954 1913 988 1963 de
1008 1914 1111 1965 Parthis
1128 1928 1194 1966 usus

102 1987 181 2036 Hm
191 1986 333 2034 maantam
345 1998 396 2045 pac
405 1984 629 2045 Mandat-sti.
668 1988 710 2034 est
718 1984 850 2034 adiectivo
863 1988 953 2049 resapi.
973 1988 1072 2037 Rursus
1084 1987 1125 2037 aiii
1138 1990 1194 2039 iun-

102 2060 159 2110 roii.
173 2060 267 2123 Nihhy
280 2060 329 2108 689
345 2060 449 2121 Vrappio
460 2059 490 2108 11.
503 2071 528 2121 p.
543 2059 611 2121 235.)
667 2062 746 2121 mant:
766 2060 872 2119 Scythae
891 2062 958 2121 (gen.
978 2062 1043 2123 sing.
1064 2074 1112 2125 pro
1130 2062 1194 2123 Sep-

131 2137 156 2185 7.
174 2134 297 2197 Bithyna]
315 2135 373 2182 Non
394 2134 455 2195 qnia
479 2146 512 2181 ex
533 2146 565 2181 ea
584 2146 631 2181 re·
666 2134 778 2195 thorum)
795 2132 868 2181 urbes
878 2138 1023 2195 pontesque,
1045 2134 1115 2182 haud
1134 2148 1193 2184 me·

101 2211 176 2272 pone
199 2208 303 2259 inuitae
326 2220 432 2258 merces
451 2209 563 2257 Romam
581 2206 631 2255 ad·
667 2219 758 2255 mores
767 2206 879 2267 Scythas
897 2218 950 2256 non
963 2207 1087 2256 hahuisse
1101 2207 1190 2257 urbes.

101 2283 284 2343 vehebantur,
304 2282 353 2333 sed
371 2283 444 2331 navis
461 2282 519 2345 ipsa
534 2280 630 2330 dicitur
668 2306 696 2314 —
716 2279 876 2341 Scytharum
891 2278 1005 2329 formam
1019 2278 1192 2343 hahitumque

102 2361 256 2407 consancta
268 2370 301 2405 ex
313 2356 451 2417 Bithynico
462 2354 546 2417 iigno;
566 2366 628 2404 nam
667 2354 804 2417 montedo
822 2354 1001 2417 expresserint
1019 2354 1134 2403 artifices
1146 2367 1192 2403 an·

101 2433 243 2481 materiem
269 2434 360 2494 aptam
384 2430 419 2479 ad
441 2442 524 2479 naves
546 2428 629 2478 iabri-
667 2429 745 2491 tiqui,
763 2426 824 2477 vide
842 2429 868 2477 in
886 2428 1005 2477 Gerhard
1026 2430 1128 2491 Vaseop.
1149 2428 1190 2478 iii.

101 2506 201 2555 caudas
212 2504 383 2569 praebebant
395 2503 477 2554 stivae
489 2502 627 2564 Bithyniae
666 2504 694 2552 T.
722 2502 829 2552 CLXVI.

101 2582 127 2628 et
148 2581 236 2629 Ponti.
265 2605 293 2613 -
316 2578 421 2641 morant]
444 2578 536 2627 Omnis
556 2578 628 2626 enim
699 2576 739 2625 40,
778 2576 860 2638 Urbes]
885 2578 995 2625 Pausan.
1020 2574 1052 2637 i,
1080 2576 1129 2636 30,
1157 2576 1189 2625 e:

102 2658 179 2702 nauta
201 2654 302 2702 tinctus
321 2655 470 2715 ventosque
488 2651 523 2700 ad
539 2650 629 2699 certa·
665 2647 809 2721 Πίνδαρος
833 2647 886 2715 τὴν
912 2646 1009 2715 Τύχην
1031 2650 1079 2699 soi
1105 2652 1191 2719 φερέ-

100 2726 630 2787 mensecumineundumandacterpro-
665 2724 749 2774 πολιν
772 2720 953 2773 ἀνεκάλεσεν.
978 2751 1006 2761 -
1031 2726 1132 2775 Latium
1151 2726 1192 2788 fe-

100 2804 185 2850 rocat.
221 2800 299 2849 ond.
317 2801 424 2849 Metam.
444 2801 472 2859 i,
491 2798 551 2849 tat:
571 2798 629 2847 Fiu-
665 2802 727 2864 ror]
752 2801 937 2860 «animosum,
965 2798 1138 2859 bellicosum,
1166 2800 1191 2848 in

99 2875 178 2923 stitus
193 2874 288 2937 iqrrotir
304 2875 456 2923 msutmnm
471 2874 583 2921 carinae.
664 2887 717 2937 quo
735 2873 809 2923 orbis
825 2876 959 2923 terrarum
971 2876 1061 2936 caput,
1080 2874 1190 2923 Roma.»

129 2950 154 2998 8.
190 2948 366 3011 Ουφυιδὲυυι]
389 2962 404 2997 a
426 2948 558 3010 Carpatho
586 2946 625 3009 (h.
697 2949 738 2997 tt.
758 2950 797 2997 ts.
826 2950 967 3010 Regiumque
990 2948 1091 3011 matres]
1118 2946 1190 3011 apud

99 3022 254 3086 &atr-pomo)
270 3022 356 3072 insula
373 3024 443 3073 inter
458 3021 581 3071 Rhodum
600 3022 627 3070 et
664 3023 775 3072 Asianos
787 3023 930 3085 praecipue
943 3021 1098 3082 honoratae,
1115 3024 1143 3071 ut
1154 3022 1192 3071 n·-

99 3096 221 3155 Cretam3
246 3098 328 3147 etiam
345 3098 439 3146 Graeci
456 3092 627 3167 Καρπάδιον
664 3096 760 3145 demus
777 3096 899 3144 Atossam
917 3096 943 3143 iu
953 3094 1079 3157 Aeschyli
1090 3097 1188 3145 Persis.

99 3170 232 3237 πέλαγος.
663 3172 719 3219 liae
741 3170 819 3232 igitur
839 3170 934 3217 timent
950 3168 1021 3229 titiis,
1051 3182 1084 3217 na
1101 3181 1117 3216 a
1135 3170 1190 3218 Ro-

48 3290 55 3298 „
128 3247 153 3295 9.
173 3246 241 3295 Daci
261 3248 327 3294 tunc
349 3246 479 3307 temporis
498 3244 627 3294 incursio-
664 3244 750 3293 manis
775 3254 858 3304 regno
884 3240 1039 3304 spolientur.
1080 3242 1190 3304 Propria

99 3319 177 3369 nihns
195 3332 297 3369 vexare
316 3316 441 3369 solebant
455 3320 557 3369 vicinas
573 3319 627 3368 im·
661 3316 786 3367 videlicet
803 3315 992 3378 significatione
1012 3314 1115 3376 accipio
1132 3328 1191 3363 mn

98 3395 164 3457 pen’i
181 3394 296 3444 itomani
318 3393 450 3455 regiones.
491 3396 577 3456 Atque
599 3392 626 3442 in
663 3397 721 3453 tres,
735 3404 788 3441 nou
803 3402 866 3440 cum
881 3388 937 3438 aliis
950 3388 1110 3447 «matronas,
1124 3399 1191 3436 cou-

98 3470 131 3518 u.
144 3468 252 3517 Antonii
264 3468 345 3517 sociis
362 3467 475 3517 inerant.
493 3468 564 3530 virg.
577 3468 624 3515 Ge.
663 3468 770 3529 iuges.»
809 3464 861 3514 Cir.
888 3460 1009 3512 indicum
1035 3460 1065 3509 C.
1089 3462 1118 3522 5,
1142 3459 1188 3509 28:

98 3543 122 3601 2,
133 3541 196 3592 ist:
214 3541 266 3590 Aut
276 3542 409 3590 coniurato
420 3536 565 3590 mendam
572 3541 628 3589 Du-
662 3542 710 3590 Per
723 3540 860 3603 fenestram
870 3536 984 3586 manahat
993 3539 1077 3583 mater
1087 3534 1191 3583 sisarae

98 3614 272 3665 anchistro.
288 3614 329 3663 Ad
342 3616 435 3675 omos,
447 3628 510 3678 pop.
525 3617 625 3673 Germ,
664 3620 687 3664 et
710 3616 740 3663 de
764 3612 899 3662 camerato
924 3608 1090 3671 loquebatur:
1119 3608 1191 3658 tour

98 3690 399 3754 Dmtcsqnodammodo
406 3691 540 3754 pertinere
547 3688 627 3738 docet
663 3693 782 3737 moratur
796 3686 896 3750 repredi
913 3696 1005 3734 marrata
1018 3680 1089 3732 eius?
1106 3683 1191 3745 (δυυνυ

98 3766 120 3814 t.
133 3766 238 3815 Grimm
256 3764 342 3813 aaut.
355 3764 380 3812 ri.
393 3765 417 3812 δ.
431 3764 489 3825 Spr.
504 3765 523 3813 1.
537 3776 564 3827 p,
578 3763 626 3812 ⁴92
663 3764 830 3812 tardaverunt
851 3761 926 3823 pean
951 3758 1136 3821 quadripartite
1157 3756 1190 3806 tt-

98 3840 169 3903 sqq.)
198 3865 228 3875 -
245 3836 363 3900 prosnpi]
390 3837 438 3886 0d.
465 3838 496 3897 3,
522 3837 569 3898 hi,
595 3837 624 3885 s:
663 3836 748 3885 tima»
770 3832 1122 3896 -Purpurs-tprannqot
1136 3828 1190 3897 τὴν

99 3914 257 3975 θαυμαίνω
265 3912 418 3973 --8υνδιυσ,
431 3913 545 3974 Quorum
551 3912 628 3973 plun-
664 3907 829 3981 πορφυρίδα
846 3902 1026 3969 ἐνδεδυκότες
1038 3920 1091 3956 non
1103 3906 1189 3957 semei

98 3993 154 4037 stra
168 4000 252 4050 cupas
266 3986 430 4035 ritetrahunt
440 3987 533 4035 manos.
559 3986 628 4035 Dicit
664 3985 698 4035 de
716 3984 836 4047 tyrannis
854 3980 896 4031 vel
914 3981 1045 4045 primariis
1062 3980 1125 4030 viris
1137 3981 1190 4027 Lu-

100 4058 168 4122 τοὺς
197 4055 315 4121 Σκύθας
346 4056 551 4124 πλανωμένους
578 4058 626 4110 ἐπὶ
664 4060 766 4108 cianus.
781 4056 855 4121 (nial.
869 4057 948 4105 mort.
965 4053 990 4115 i,
1009 4054 1033 4105 i.
1053 4056 1102 4103 vit.
1117 4053 1187 4101 auct.

100 4130 156 4182 τῶν
173 4129 296 4197 ἁμαξῶν
313 4134 626 4197 Lucian.icar.t6.‚qni
664 4133 715 4193 42.)
742 4133 812 4195 virg.
832 4133 877 4181 Ge.
896 4131 926 4192 2,
953 4128 1015 4183 i95:
1044 4128 1118 4177 ittam
1138 4140 1189 4176 non

101 4208 331 4271 appropinquante
348 4208 425 4257 hoste
443 4210 469 4257 in
482 4208 627 4257 immensas
659 4207 747 4267 popatt
772 4206 867 4269 fasces,
893 4218 943 4254 non
961 4213 1081 4265 purpura
1100 4212 1189 4261 rapiare
