2934 4884
249 321 312 384 aia
634 321 762 370 noniru
780 321 948 370 cinuiuim

630 853 950 920 cmm

418 1031 593 1115 Angustam
616 1025 719 1092 amice
742 1023 932 1110 pauperiem
953 1024 1019 1110 pati

416 1147 580 1215 Robustus
603 1146 668 1214 aori
692 1143 805 1210 militia
825 1165 910 1231 puer

461 1267 633 1334 Condiscat
654 1276 687 1332 et
707 1263 842 1332 Parthos
863 1265 988 1332 feroces

316 1467 348 1516 11.
367 1466 450 1516 lascr.
463 1463 532 1528 volg.
551 1466 589 1514 Ad
602 1464 693 1526 pubem
709 1466 857 1514 Romanam.
873 1490 901 1500 -
913 1465 952 1513 Ad
967 1465 1061 1514 crocos
1077 1466 1126 1515 BT.
1146 1491 1173 1501 -
1194 1463 1234 1514 Ad
1242 1467 1311 1514 orni-

282 1553 323 1588 ooa
332 1540 483 1603 poenaliter
491 1541 517 1588 S.
531 1565 558 1574 -
573 1541 611 1588 De
621 1540 774 1588 institutione
785 1540 820 1586 od
830 1538 924 1586 amicos
933 1538 1044 1600 bootae
1055 1552 1071 1588 c
1083 1539 1119 1601 (et
1129 1537 1148 1587 b
1160 1539 1187 1588 in
1197 1541 1306 1601 ωτι).

287 1641 313 1650 -
334 1614 357 1662 l.
376 1615 452 1662 omui
469 1614 500 1662 Li
517 1615 545 1661 et
562 1627 594 1662 en
612 1611 717 1662 duobus
735 1611 873 1662 Pulmanui
890 1610 974 1661 Bentl.
993 1613 1057 1672 liei,
1077 1612 1187 1675 Cruquii
1204 1615 1232 1662 et
1247 1615 1311 1663 Pot-

282 1688 350 1738 tierii
368 1699 463 1738 omnes
480 1687 568 1736 nauco.
590 1713 617 1723 -
636 1687 659 1736 3.
677 1687 769 1750 [acca
784 1688 812 1736 B.

283 1865 314 1914 ll.
345 1863 401 1914 lloc
427 1875 535 1926 quoque
561 1863 678 1914 carmine
703 1877 777 1928 yvo-
792 1860 796 1919 Ι
812 1863 863 1912 att.
877 1863 905 1923 6,
919 1863 947 1922 4,
960 1862 996 1925 3,)
1007 1862 1139 1914 atenim
1152 1863 1221 1925 ser-re
1231 1863 1342 1925 olmeto.

199 1983 203 1990 .
250 1933 340 2004 μικῷ,
364 1949 428 1986 vere
451 1937 582 1996 liomano,
610 1937 777 1986 iuventutem
812 1936 947 1988 Weber-us
974 1951 1053 1988 meus
1080 1951 1197 2001 eumque
1230 1942 1344 1989 secutiis

252 2012 287 2062 ad
304 2010 445 2062 imitandas
463 2011 595 2060 maiorum
609 2012 720 2060 virtutes
733 2025 778 2060 ex·
813 2010 919 2060 liibker
929 2013 969 2062 sic
984 2010 1131 2075 explicant:
1151 2009 1293 2074 «φιλικῶς
1309 2013 1344 2062 ad

252 2086 381 2136 hortatur.
418 2085 506 2135 laima
524 2085 602 2147 igitur
621 2083 680 2135 loco
701 2099 778 2135 com-
813 2084 925 2134 modum
957 2085 1070 2135 heroum
1102 2085 1208 2136 illorum
1231 2085 1345 2149 frugalis

193 2155 197 2168 '
252 2160 361 2210 mendat
377 2157 646 2222 virtutemhellicam,
666 2161 779 2224 qualio-
814 2159 884 2218 aevi,
921 2160 967 2222 qui
990 2162 1176 2224 paupertatem
1200 2161 1344 2224 tamquam

252 2237 307 2284 stes
325 2234 480 2293 devincant,
498 2235 611 2298 patriam
627 2236 778 2286 custodiant
814 2245 904 2282 caram
912 2233 1008 2284 domus
1017 2235 1168 2284 consortem
1177 2233 1344 2285 habehant.-

252 2311 395 2374 spretaque
412 2306 511 2372 volgari
528 2307 777 2360 ambitionaveram
814 2307 870 2366 Qua
891 2308 982 2356 tamen
1001 2307 1104 2356 ratione
1124 2305 1260 2370 aliquanto
1284 2307 1346 2373 plus

253 2383 364 2447 gloriam
392 2382 442 2434 sihi
471 2385 580 2446 parent;
610 2383 721 2446 deinde,
748 2387 779 2434 ut
814 2381 841 2429 in
857 2381 994 2429 notionem
1010 2393 1036 2429 u.
1055 2382 1136 2430 amice
1152 2381 1242 2431 inferri
1265 2381 1345 2431 vide-

253 2457 381 2520 pietatem
392 2469 454 2520 erga
468 2456 534 2507 deos
545 2457 709 2508 immortales
721 2459 779 2508 iun-
814 2457 871 2514 tur.
890 2466 972 2517 quam
998 2465 1031 2503 ao
1057 2455 1207 2517 exprimere
1233 2455 1346 2505 volebat

254 2532 325 2580 ctam
351 2542 460 2594 semper
485 2542 547 2580 cum
573 2531 625 2581 lide
647 2532 778 2584 adversus
813 2529 901 2591 potit-
936 2525 986 2577 Alii
1002 2528 1094 2588 Mlti,
1113 2541 1231 2590 quocum
1248 2530 1346 2579 conle-

253 2604 377 2653 homines
402 2601 506 2664 colant,
540 2605 651 2667 suadet,
690 2611 778 2657 certas
814 2605 876 2652 runt
893 2602 941 2652 0d.
960 2602 985 2662 t,
1002 2603 1045 2662 Ἠ,
1062 2602 1087 2650 7.
1107 2603 1134 2650 et
1150 2602 1198 2651 0d.
1217 2603 1344 2662 i,37,t:

254 2675 349 2727 sceleri
365 2690 466 2740 poenas
483 2679 628 2729 destinatas
646 2694 779 2732 essomo—
814 2677 922 2736 sonum
949 2677 1015 2726 item
1025 2675 1109 2739 Epod·
1131 2675 1220 2736 l3,3:
1250 2678 1346 2739 rapia-

253 2761 330 2799 nens.
366 2750 408 2798 Sic
434 2750 501 2801 duas
525 2754 684 2816 praecipuas
708 2756 778 2804 vitae
814 2763 884 2812 mia,
923 2750 1010 2811 miei,
1046 2750 1206 2799 Occasionem
1233 2751 1266 2799 de
1296 2753 1344 2800 dte.

255 2821 337 2874 civilis
349 2827 439 2886 partes
451 2822 549 2873 extollit
561 2829 640 2889 atque
653 2841 781 2878 exerceri·
815 2826 916 2874 Veram
933 2823 984 2874 lioc
1001 2823 1111 2886 quidem
1122 2823 1182 2874 loco
1193 2825 1347 2874 amicornm

260 2898 308 2948 das
326 2897 509 2958 commendat,
535 2901 660 2952 virtutem
681 2905 708 2952 et
725 2904 781 2966 pie·
816 2897 956 2963 appellatio
980 2910 1076 2961 parum
1101 2900 1162 2961 apta
1191 2899 1247 2958 est,
1284 2912 1347 2948 cuni

217 3033 221 3038 ,
257 2973 347 3022 tatem.
384 2971 431 3035 (De
460 2975 534 3022 recle
565 2974 780 3028 administrandis
817 2971 893 3021 onia
914 2971 1021 3022 efficere
1045 2974 1194 3034 nequeant,
1221 2973 1252 3021 ut
1270 2974 1347 3022 iuve-

256 3044 602 3110 muneiilruspubllcisnon
615 3048 738 3112 loquitur,
753 3055 782 3103 ut
818 3059 866 3096 aes
891 3046 1001 3096 Romani
1026 3047 1212 3109 paupertatem
1242 3045 1348 3096 fortiter

257 3117 380 3170 Liihiiero
388 3121 538 3182 visumest;
555 3124 779 3175 nummii-ti.
818 3120 873 3183 pati
889 3120 1001 3169 discant·

257 3207 372 3257 apravo
389 3207 471 3245 aurae
488 3196 722 3260 popularisstudio
736 3199 783 3248 de·
851 3195 876 3243 2.
905 3195 961 3242 oet
983 3193 1090 3257 mittio]
1117 3193 1208 3243 «Acris
1235 3191 1347 3242 militiae

256 3267 427 3332 hortaturi·
437 3270 638 3334 Suspicatusest
647 3285 782 3323 nonnemo
819 3281 869 3318 usu
895 3270 975 3329 atque
1001 3267 1189 3316 exercitatione
1214 3266 1288 3317 lianc
1308 3265 1348 3316 in-

257 3342 309 3392 hoc
326 3356 435 3393 carmen
452 3345 478 3393 in
496 3342 638 3402 Liberalia,
668 3345 781 3406 quodie
818 3342 892 3392 boris
917 3340 1101 3402 tolerantiam,
1127 3342 1155 3390 in
1177 3354 1230 3405 qua
1246 3354 1348 3406 saepe—

256 3417 332 3479 pueii
344 3419 434 3480 togam
444 3417 546 3467 virilem
555 3415 705 3479 sumebant,
719 3422 784 3469 scri-
819 3428 932 3465 numero
949 3415 1018 3463 vitae
1036 3415 1185 3465 commodis
1196 3415 1346 3466 carendum

257 3493 332 3553 ptum
349 3504 427 3552 esse,
455 3491 504 3541 sed
525 3491 603 3542 huius
624 3492 663 3540 rei
681 3491 782 3544 nullum
820 3492 869 3548 est,
888 3487 1025 3538 condiscat
1034 3501 1104 3553 puer
1114 3487 1270 3538 robustus.-
1304 3491 1347 3538 Sic

255 3575 366 3625 prorsus
400 3566 426 3614 in
460 3579 493 3613 eo
529 3565 599 3615 inest
631 3565 780 3628 vestigium.
819 3564 892 3613 onim
908 3563 1002 3625 lungo,
1022 3576 1076 3611 non
1096 3575 1173 3612 vero:
1202 3561 1348 3613 «robustas

258 3636 442 3698 compositum
467 3637 574 3687 videtur
590 3651 614 3687 a.
635 3651 660 3687 u.
681 3653 703 3688 o.
723 3640 780 3689 726.
819 3638 903 3687 iactus
916 3634 1099 3686 acrimilitia.»
1128 3635 1217 3698 Eurip.
1239 3636 1345 3698 Fragm.

818 3710 891 3760 illex.
906 3712 953 3759 lt:
979 3710 1070 3760 Πενία
1079 3708 1111 3760 δὲ
1121 3705 1265 3774 δύστηνον
1276 3711 1346 3774 μέν,

289 3785 313 3833 t.
332 3783 419 3847 amice]
436 3785 543 3847 proprie
561 3787 663 3835 «amico
676 3788 701 3836 in
722 3800 783 3837 earn
818 3779 880 3835 ἀλλ’
919 3778 1001 3848 ὅμως
1042 3787 1139 3855 τρέφει
1177 3781 1347 3844 Μοχθοῦντ·

257 3859 374 3918 animo»,
410 3858 436 3908 id
462 3861 514 3920 est,
551 3860 654 3909 «animo
681 3873 780 3924 aequo,
818 3853 926 3925 cipetra
948 3861 1101 3910 τέκνακαὶ
1124 3856 1294 3930 δραστήρια
1319 3885 1345 3896 -

255 3933 397 3994 patienter,
416 3933 473 3984 sine
486 3947 568 3998 prava
580 3935 780 3998 repugnantia»,
815 3936 887 3999 puer]
906 3935 984 3997 Apud
1002 3936 1134 3985 Romanos
1151 3937 1225 3982 aetas
1246 3932 1346 3983 milita-

256 4017 307 4054 usu
332 4007 444 4058 fortasse
471 4010 561 4068 unico,
594 4009 644 4059 sed
672 4021 782 4059 acoom-
818 4010 854 4059 ris
879 4009 956 4058 xvii.
980 4009 1074 4058 aetatis
1099 4020 1169 4057 anno
1192 4005 1345 4069 incipiebat.

257 4079 365 4128 madata
390 4081 425 4130 ad
442 4085 603 4134 Graecorum
626 4075 782 4148 ἀγαπητῶς
818 4083 865 4146 (Cl.
891 4082 954 4134 Geli.
974 4085 1005 4132 ll.
1030 4084 1060 4132 Α.
1084 4083 1127 4143 40,
1151 4081 1193 4131 28.
1221 4082 1277 4131 Ην.
1299 4081 1346 4135 tl.

255 4151 369 4221 φέρειν,
392 4159 420 4204 et
436 4157 470 4204 ad
487 4157 639 4207 Latinorum
663 4159 725 4219 (Cic.
745 4158 780 4207 ad
818 4160 845 4208 tt
867 4159 929 4218 oet.)
