2934 4884
481 371 540 422 tin.
561 371 578 420 Ι.
615 372 644 420 C.
664 371 772 422 xxviii,

298 527 429 592 Tartara
451 525 649 593 Panthoiden
670 527 786 594 iterum
809 528 894 595 Orco

124 648 327 722 hemissum,
351 646 508 734 quamvis,
532 645 637 735 clipeo
658 648 794 714 Troiana
816 647 916 714 refixo

294 771 454 856 Tempora
475 777 624 845 testatus,
647 767 725 834 nihii
746 769 829 835 ultra

121 933 248 996 Nervus
269 937 368 1015 atque
389 937 497 994 cutem
518 925 612 992 morti
633 937 840 994 concesserat
861 937 965 1002 atrae,

293 1046 404 1114 iudice
426 1058 458 1112 te
481 1068 545 1113 non
567 1046 719 1114 sordidus
741 1060 853 1116 auctor

145 1238 186 1290 ti.
204 1237 239 1302 tc]
255 1249 297 1286 me
310 1236 407 1286 Nescio
424 1237 484 1299 quis
500 1235 572 1299 apud
589 1235 820 1299 cuninghamium.

83 1411 122 1456 tur
138 1419 170 1455 ιιι
187 1409 261 1455 ter-ra
272 1405 392 1462 amotus,
410 1399 540 1452 ablatus.»
558 1399 609 1466 (tt-
645 1405 756 1453 Pausan.
775 1404 806 1464 2,
831 1403 871 1453 ti.
896 1403 968 1468 mog.
989 1406 1073 1456 butri,
1092 1405 1121 1467 8,
1140 1410 1163 1456 5.

84 1485 165 1530 uram
182 1479 432 1543 interpretationem
446 1480 555 1527 secutus
567 1480 608 1526 est
644 1477 730 1528 schol,
754 1478 789 1528 ad
809 1479 888 1542 Soph.
913 1479 1006 1530 Electr.
1030 1481 1070 1531 62.
1091 1482 1164 1531 Ovid.

83 1555 199 1614 tibter,
219 1567 274 1603 non
292 1553 356 1602 satis
372 1549 513 1601 attendens
527 1543 608 1601 ἀντί-
643 1553 704 1602 hiet.
724 1553 770 1614 tt,
797 1553 853 1602 ⁴63.
881 1581 907 1590 -
926 1555 1017 1604 iterum
1034 1555 1098 1604 Orco
1115 1557 1166 1606 De-

83 1631 175 1691 econ,
201 1628 269 1690 (etsi)
288 1627 399 1676 conviva
423 1623 536 1675 deorum
553 1627 605 1674 cet.
642 1627 753 1691 numm]
773 1629 845 1678 eEtst
863 1627 1091 1695 παλιγγενεσίαν,
1113 1645 1165 1696 με-

83 1707 171 1756 tosus
198 1717 235 1753 ex
257 1703 359 1752 ratione
382 1703 437 1750 est:
464 1699 605 1759 Tithonus,
642 1699 847 1765 τεμψύχωσιν,
872 1715 953 1768 quam
971 1705 1099 1766 docebat,
1123 1705 1165 1756 itte

84 1782 127 1830 etsi
148 1782 175 1829 in
198 1776 307 1828 melum
330 1775 365 1824 ab
382 1777 482 1824 Aurora
504 1777 606 1838 raptus,
643 1775 724 1826 modo
743 1779 852 1829 testatus
869 1781 941 1839 erat,
965 1783 1055 1831 tanim
1077 1781 1166 1831 denuo

84 1857 167 1904 tamen
179 1853 301 1915 denique
312 1847 422 1909 occidit,
439 1850 500 1912 qnia
512 1849 607 1897 coniux
643 1851 710 1900 mori
728 1852 752 1900 ei
771 1864 882 1903 necesse
901 1853 947 1904 tuit
964 1869 1088 1920 nuncque
1103 1869 1165 1906 eum

83 1926 308 1978 immortalitatem
331 1925 356 1974 ei
381 1937 398 1972 a
422 1924 484 1973 love
508 1921 608 1986 pacisci
643 1925 740 1974 retinet
750 1927 842 1987 Oreus,
855 1927 935 1978 hodie
947 1941 1079 1994 nusquam
1091 1943 1166 1980 com-

85 2001 159 2052 ohtita
177 2001 258 2061 erat.)
643 2002 749 2061 paret.»
778 2001 816 2050 De
841 2004 1038 2054 constructione
1057 2005 1089 2054 ot.
1111 2007 1163 2054 Set.

111 2077 135 2125 e.
160 2075 255 2138 Minor]
273 2073 370 2135 Odyss.
394 2086 425 2132 r,
449 2071 512 2120 tm:
538 2065 607 2132 Διὸς
642 2073 668 2132 t,
692 2075 723 2134 e,
748 2072 788 2124 te.
812 2072 894 2124 Plaut.
920 2077 994 2140 Cupt.
1015 2077 1044 2137 3,
1065 2080 1094 2137 t,
1119 2079 1163 2128 ii:

82 2148 208 2217 μεγάλου
228 2142 382 2218 ὀαρισιής,
407 2147 452 2210 qui
474 2145 607 2196 admissus
644 2149 750 2208 Quando
768 2175 783 2185 -
802 2175 817 2186 -
835 2153 859 2198 to
876 2152 952 2200 morti
971 2153 1070 2200 misero.
1093 2153 1162 2214 Vtrg.

83 2228 188 2275 secretis
200 2225 273 2273 iovis
285 2219 422 2285 colloquiis
433 2219 467 2269 ab
480 2233 512 2269 eo
524 2219 605 2282 teges,
643 2224 709 2270 hen.
728 2222 759 2282 2,
783 2222 846 2272 398:
869 2224 959 2273 medios
981 2225 1101 2275 Dareum
1122 2229 1166 2276 de-

84 2313 145 2363 onas
161 2297 292 2350 cratibus
303 2297 393 2356 daret,
412 2295 561 2358 acceperat.
577 2321 604 2330 -·
641 2297 763 2346 mittimus
780 2297 851 2346 Orco.

84 2373 226 2437 tobimque]
251 2373 283 2421 ut
306 2371 377 2434 virg.
401 2373 467 2420 Aen.
487 2371 515 2428 t,
541 2369 604 2418 stt:
676 2370 715 2420 tt.
737 2369 776 2420 ⁴3.
794 2370 856 2420 nihii
871 2371 1012 2437 ceracii]
1026 2365 1180 2438 «corporis‘

85 2450 126 2498 sia
141 2450 296 2499 te-Poutus
310 2445 390 2494 tuba.
643 2443 780 2494 dumtaxat
811 2447 948 2497 exuvias„
988 2447 1165 2519 Περιφρασις

113 2523 151 2574 io.
171 2524 214 2572 tt.
235 2521 354 2586 Tartaro]
371 2517 605 2569 hectocenonde
643 2519 693 2569 ista
718 2532 770 2569 non
797 2523 851 2570 tam
878 2521 975 2572 ironica
999 2521 1040 2573 vet
1064 2523 1164 2572 comica

85 2597 270 2649 damnatorum
281 2595 362 2654 sede,
375 2593 425 2645 sed
436 2593 470 2644 de
481 2595 606 2643 unbeiso
642 2596 697 2652 est,
716 2596 745 2644 ut
756 2595 853 2658 opinati
866 2598 926 2646 sunt
937 2597 1094 2662 interpretes
1106 2600 1166 2662 qui-

84 2675 160 2733 0rco,
178 2675 207 2722 et
225 2673 265 2721 sic
282 2671 335 2720 iam
346 2669 448 2718 Graeci.
474 2669 605 2731 Theognis
643 2667 720 2728 dem,
740 2682 821 2732 quam
838 2671 967 2734 signifieat
978 2675 1164 2737 Pythagoram,

86 2748 156 2797 ⁴036:
174 2739 250 2795 ὅταν
266 2738 357 2794 αἰτόν
374 2738 491 2808 (θνητὸν
504 2735 605 2812 ἄνδρα)
642 2743 778 2807 Euphorbi
794 2757 856 2794 eum
868 2745 983 2810 clipeum
995 2749 1164 2808 monstraret,

84 2814 133 2892 ἔχῃ
149 2818 302 2892 Τάρταρος
317 2813 437 2888 ἤερόεις.
453 2845 480 2854 -
492 2819 608 2867 Prothoi·
643 2817 806 2879 affirmasse,
820 2833 858 2880 se,
872 2821 951 2872 animi
965 2821 1166 2873 immortafitatis

85 2897 139 2960 dm]
168 2895 244 2947 iliad.
275 2907 314 2954 u,
342 2893 408 2942 808:
439 2889 607 2958 Πανθοίδης
643 2895 760 2953 certum,
782 2907 879 2960 corpus
897 2897 974 2947 morti
992 2896 1165 2949 libentissime

86 2965 253 3042 Βέᾳορβος,
279 2963 315 3031 ὃς
335 2962 450 3034 ἡλικίην
466 2967 606 3018 ἐκέκαστο
644 2970 824 3029 concessisse,
852 2983 914 3020 cum
938 2971 993 3035 ipse
1017 2986 1049 3022 ex
1072 2972 1120 3022 atio
1139 2975 1164 3023 in

79 3038 172 3110 Ἐγχεί
184 3045 214 3095 15
231 3039 379 3115 ἱπποσύνῃ
395 3057 427 3092 τε
444 3037 606 3092 addiscite
643 3041 722 3092 aliam
740 3042 852 3092 termam
870 3045 1028 3097 transiturus
1040 3051 1120 3098 esset.
1137 3075 1163 3084 -

86 3119 315 3189 καρπαλίμοισιν.
337 3116 491 3170 Attenelao
501 3117 607 3168 occisus
643 3117 739 3166 Nereos
754 3121 829 3178 etque
845 3121 932 3183 ouon]
950 3121 1085 3171 lmmerito
1097 3123 1164 3172 haec

88 3199 137 3254 est,
158 3198 304 3261 propterea
327 3194 403 3255 Argis
427 3191 528 3256 clipeus
549 3193 607 3242 eius
644 3192 768 3240 anescio
791 3204 844 3255 quo
865 3194 1002 3256 tamquam
1019 3195 1097 3244 nimis
1115 3195 1165 3244 hu-

87 3268 182 3320 dimtus
208 3270 303 3319 iunoni
329 3267 380 3330 [vet
404 3267 551 3328 Minervae,
577 3270 608 3316 ut
644 3265 715 3318 milia
743 3267 824 3329 atque
852 3265 955 3318 abiecta
983 3271 1045 3318 sunt
1072 3281 1166 3332 repre-

88 3345 119 3393 ait
133 3345 263 3394 tinuimus
280 3341 608 3404 maurimontem
643 3342 737 3392 hensa.
774 3336 813 3391 Τὸ
837 3338 928 3412 δέρμα
951 3337 1039 3392 τοῦτο
1059 3343 1109 3392 καὶ
1129 3337 1166 3392 τὰ

88 3424 171 3480 ymter
187 3418 330 3470 historiam
347 3415 455 3479 namet).
488 3417 560 3476 lam,
577 3419 608 3466 ut
644 3409 719 3466 ὀστᾶ
735 3412 847 3478 καὶτὰς
858 3413 983 3486 σάρκας,
1000 3413 1053 3480 τῆς
1064 3413 1166 3480 ψυχῆς

89 3499 186 3544 veteres
211 3492 417 3552 fabulabantur,
443 3493 607 3555 Pythagoras
643 3487 787 3551 zimara
807 3491 856 3540 καὶ
876 3485 965 3559 ῥάκια
985 3485 1096 3556 ἀσθενῆ
1116 3493 1166 3542 καὶ

89 3567 232 3618 affirmabat
249 3581 280 3618 se
300 3566 405 3617 Troiani
422 3565 485 3616 belli
501 3569 608 3630 tempo-
644 3562 780 3639 τρόχινα,
819 3559 1005 3636 ἀπορῥίπτειν
1037 3559 1165 3630 ἄσμενον

89 3641 155 3694 ribus
177 3643 260 3693 tuisse
281 3640 469 3705 Euphorbum,
495 3644 553 3692 tum
574 3656 607 3691 ex
642 3641 740 3693 suadet
755 3642 884 3693 Maximus
900 3643 962 3705 Tyr.
982 3641 1025 3701 43,
1044 3642 1068 3692 5.

89 3716 139 3767 otiis
154 3719 180 3768 in
197 3716 248 3767 etia
265 3718 395 3778 migrasse
406 3729 533 3780 corpora,
550 3719 608 3767 ton-
677 3716 716 3768 rt,
751 3717 833 3766 ludos
850 3717 880 3781 te]
898 3717 1165 3779 Quihrchytamhoc

88 3791 144 3842 dem
161 3793 342 3855 Pythagoram
359 3789 467 3840 iactum.
503 3791 552 3841 Cui
567 3793 607 3842 rai
643 3794 739 3842 nautae
757 3792 846 3842 dicere
864 3794 996 3852 statuunt,
1023 3791 1164 3856 explicent:

88 3871 113 3914 ut
129 3865 208 3917 tidem
226 3867 343 3926 iaceret,
363 3863 479 3927 clipeum
497 3865 524 3916 in
540 3868 608 3918 tem-
645 3867 747 3916 uindice
770 3867 869 3930 pariter
886 3870 913 3916 ct
935 3869 962 3917 tc
983 3869 1010 3918 et
1031 3867 1163 3925 omnibus,

88 3939 126 4002 pto
142 3941 211 3992 inter
226 3939 278 3990 aba
294 3932 473 4004 ἀναθήματα
487 3941 604 4001 ethium,
643 3942 689 4004 qui
706 3941 740 3992 de
758 3942 905 4006 Pythagora
925 3955 1044 4006 unquam
1061 3943 1165 3993 inaudi-

88 4029 172 4075 soum,
186 4029 250 4066 cum
262 4015 422 4079 Euphorbus
433 4016 606 4075 esset,iuisse
643 4017 764 4066 verunt.»
795 4017 980 4068 coniecturum
997 4018 1078 4068 Iudice
1093 4029 1163 4066 men

90 4091 270 4151 contendebat,
290 4091 396 4153 hocque
410 4090 497 4154 ipsum
509 4103 606 4140 nomen
643 4090 714 4140 tenio
731 4094 868 4154 receptam
886 4092 1019 4144 nominem
1037 4093 1089 4140 iam
1101 4101 1165 4152 pro·

90 4164 239 4230 inscriptum
256 4164 342 4228 clipeo
360 4177 422 4214 mox
438 4166 533 4229 νοω,
557 4165 607 4216 de·
643 4165 767 4216 batumm
786 4180 846 4216 esse
864 4168 978 4219 confido.
1001 4195 1027 4202 -
1046 4179 1095 4216 oon
1112 4174 1165 4213 ser·

89 4241 181 4299 tracto,
203 4254 238 4291 eo
262 4241 402 4304 repertum
423 4253 483 4292 esse
509 4240 604 4290 ierunt.
642 4240 722 4302 Mar]
740 4241 782 4290 Sic
799 4242 885 4294 Livius
902 4243 947 4300 30.
967 4241 1006 4292 tu.
1026 4238 1163 4301 Polybium
