<?xml version="1.0" encoding="UTF-8"?>
<!DOCTYPE html PUBLIC "-//W3C//DTD XHTML 1.0 Transitional//EN"
    "http://www.w3.org/TR/xhtml1/DTD/xhtml1-transitional.dtd">
<html xmlns="http://www.w3.org/1999/xhtml" xml:lang="en" lang="en">
 <head>
  <title>
</title>
<meta http-equiv="Content-Type" content="text/html;charset=utf-8" />
  <meta name='ocr-system' content='tesseract 3.04.00' />
  <meta name='ocr-capabilities' content='ocr_page ocr_carea ocr_par ocr_line ocrx_word'/>
</head>
<body>
  <div class='ocr_page' id='page_1' title='image "./qhoratiusflaccu04baitgoog/qhoratiusflaccu04baitgoog_0356.png"; bbox 0 0 2934 4884; ppageno 0'>
   <div class='ocr_carea' id='block_1_1' title="bbox 659 386 978 438">
    <p class='ocr_par' dir='ltr' id='par_1_1' title="bbox 659 386 978 438">
     <span class='ocr_line' id='line_1_1' title="bbox 659 386 978 438; baseline 0 0"><span class='ocrx_word' id='word_1_1' title='bbox 659 388 788 438; x_wconf 70' lang='lat' dir='ltr'><strong>conatu</strong></span> <span class='ocrx_word' id='word_1_2' title='bbox 807 386 978 438; x_wconf 75' lang='lat' dir='ltr'><strong>cautinum</strong></span> 
     </span>
    </p>
   </div>
   <div class='ocr_carea' id='block_1_2' title="bbox 447 515 1101 871">
    <p class='ocr_par' dir='ltr' id='par_1_2' title="bbox 447 515 1101 871">
     <span class='ocr_line' id='line_1_2' title="bbox 447 515 1101 628; baseline -0.012 -16"><span class='ocrx_word' id='word_1_3' title='bbox 447 545 553 612; x_wconf 90' lang='lat' dir='ltr'><strong>Stettis</strong></span> <span class='ocrx_word' id='word_1_4' title='bbox 575 543 732 609; x_wconf 85' lang='lat' dir='ltr'>honorem</span> <span class='ocrx_word' id='word_1_5' title='bbox 756 552 906 628; x_wconf 86' lang='lat' dir='ltr'><strong>tectaque</strong></span> <span class='ocrx_word' id='word_1_6' title='bbox 928 539 1061 605; x_wconf 81' lang='lat' dir='ltr'><strong>Penthei</strong></span> <span class='ocrx_word' id='word_1_7' title='bbox 1095 515 1101 524; x_wconf 38' lang='lat'><strong>¹</strong></span> 
     </span>
     <span class='ocr_line' id='line_1_3' title="bbox 486 662 932 736; baseline -0.011 -4"><span class='ocrx_word' id='word_1_8' title='bbox 486 667 628 732; x_wconf 78' lang='lat' dir='ltr'>Disiecta</span> <span class='ocrx_word' id='word_1_9' title='bbox 649 684 713 729; x_wconf 94' lang='lat' dir='ltr'><strong>non</strong></span> <span class='ocrx_word' id='word_1_10' title='bbox 736 662 800 730; x_wconf 89' lang='lat' dir='ltr'><strong>teni</strong></span> <span class='ocrx_word' id='word_1_11' title='bbox 823 662 932 736; x_wconf 89' lang='lat' dir='ltr'><strong>ruina,</strong></span> 
     </span>
     <span class='ocr_line' id='line_1_4' title="bbox 532 783 1043 871; baseline -0.014 -18"><span class='ocrx_word' id='word_1_12' title='bbox 532 786 662 854; x_wconf 86' lang='lat' dir='ltr'><strong>Thracis</strong></span> <span class='ocrx_word' id='word_1_13' title='bbox 685 797 717 851; x_wconf 93' lang='lat' dir='ltr'><strong>et</strong></span> <span class='ocrx_word' id='word_1_14' title='bbox 739 784 871 850; x_wconf 87' lang='lat' dir='ltr'><strong>exitium</strong></span> <span class='ocrx_word' id='word_1_15' title='bbox 892 783 1043 871; x_wconf 81' lang='lat' dir='ltr'><strong>Lycurgi.</strong></span> 
     </span>
    </p>
   </div>
   <div class='ocr_carea' id='block_1_3' title="bbox 446 939 1368 1375">
    <p class='ocr_par' dir='ltr' id='par_1_3' title="bbox 446 939 1368 1375">
     <span class='ocr_line' id='line_1_5' title="bbox 446 939 1149 1018; baseline -0.009 -7"><span class='ocrx_word' id='word_1_16' title='bbox 446 948 492 1012; x_wconf 89' lang='lat' dir='ltr'><strong>Tu</strong></span> <span class='ocrx_word' id='word_1_17' title='bbox 515 944 617 1010; x_wconf 80' lang='lat' dir='ltr'><strong>[tectis</strong></span> <span class='ocrx_word' id='word_1_18' title='bbox 640 963 767 1018; x_wconf 89' lang='lat' dir='ltr'><strong>amnes,</strong></span> <span class='ocrx_word' id='word_1_19' title='bbox 791 951 826 1006; x_wconf 93' lang='lat' dir='ltr'><strong>tu</strong></span> <span class='ocrx_word' id='word_1_20' title='bbox 847 961 937 1007; x_wconf 89' lang='lat' dir='ltr'><strong>mare</strong></span> <span class='ocrx_word' id='word_1_21' title='bbox 959 939 1149 1016; x_wconf 86' lang='lat' dir='ltr'><strong>barbarum,</strong></span> 
     </span>
     <span class='ocr_line' id='line_1_6' title="bbox 453 1061 981 1152; baseline -0.008 -20"><span class='ocrx_word' id='word_1_22' title='bbox 453 1069 498 1132; x_wconf 88' lang='lat' dir='ltr'><strong>Tu</strong></span> <span class='ocrx_word' id='word_1_23' title='bbox 521 1065 678 1152; x_wconf 85' lang='lat' dir='ltr'><strong>separatis</strong></span> <span class='ocrx_word' id='word_1_24' title='bbox 701 1061 820 1130; x_wconf 90' lang='lat' dir='ltr'><strong>uvidus</strong></span> <span class='ocrx_word' id='word_1_25' title='bbox 843 1064 876 1128; x_wconf 92' lang='lat' dir='ltr'><strong>in</strong></span> <span class='ocrx_word' id='word_1_26' title='bbox 897 1063 981 1151; x_wconf 83' lang='lat' dir='ltr'><strong>iugis</strong></span> 
     </span>
     <span class='ocr_line' id='line_1_7' title="bbox 489 1185 907 1272; baseline -0.005 -19"><span class='ocrx_word' id='word_1_27' title='bbox 489 1185 581 1253; x_wconf 91' lang='lat' dir='ltr'><strong>Nodo</strong></span> <span class='ocrx_word' id='word_1_28' title='bbox 604 1193 739 1252; x_wconf 77' lang='lat' dir='ltr'><strong>coerces</strong></span> <span class='ocrx_word' id='word_1_29' title='bbox 760 1185 907 1272; x_wconf 85' lang='lat' dir='ltr'><strong>viperino</strong></span> 
     </span>
     <span class='ocr_line' id='line_1_8' title="bbox 534 1305 1368 1375; baseline -0.005 -1"><span class='ocrx_word' id='word_1_30' title='bbox 534 1307 735 1375; x_wconf 85' lang='lat' dir='ltr'><strong>Bistonidum</strong></span> <span class='ocrx_word' id='word_1_31' title='bbox 757 1307 828 1372; x_wconf 90' lang='lat' dir='ltr'><strong>sine</strong></span> <span class='ocrx_word' id='word_1_32' title='bbox 850 1305 963 1372; x_wconf 75' lang='lat' dir='ltr'><strong>[raude</strong></span> <span class='ocrx_word' id='word_1_33' title='bbox 985 1306 1107 1373; x_wconf 89' lang='lat' dir='ltr'><strong>crines:</strong></span> <span class='ocrx_word' id='word_1_34' title='bbox 1325 1307 1368 1370; x_wconf 75' lang='lat'><strong>20</strong></span> 
     </span>
    </p>
   </div>
   <div class='ocr_carea' id='block_1_4' title="bbox 343 1489 545 1551">
    <p class='ocr_par' dir='ltr' id='par_1_4' title="bbox 343 1489 545 1551">
     <span class='ocr_line' id='line_1_9' title="bbox 343 1489 545 1551; baseline -0.015 -11"><span class='ocrx_word' id='word_1_35' title='bbox 343 1489 382 1540; x_wconf 91' lang='grc'><strong>44.</strong></span> <span class='ocrx_word' id='word_1_36' title='bbox 398 1489 502 1551; x_wconf 78' lang='lat' dir='ltr'><strong>pontici</strong></span> <span class='ocrx_word' id='word_1_37' title='bbox 518 1489 545 1537; x_wconf 84' lang='lat' dir='ltr'><strong>T.</strong></span> 
     </span>
    </p>
   </div>
   <div class='ocr_carea' id='block_1_5' title="bbox 272 1620 1370 3706">
    <p class='ocr_par' dir='ltr' id='par_1_5' title="bbox 272 1620 1370 2660">
     <span class='ocr_line' id='line_1_10' title="bbox 274 1620 1365 1700; baseline -0.005 -20"><span class='ocrx_word' id='word_1_38' title='bbox 274 1623 487 1700; x_wconf 80' lang='grc' dir='ltr'><em>ἀστερόφοιτον</em></span> <span class='ocrx_word' id='word_1_39' title='bbox 517 1625 686 1691; x_wconf 75' lang='grc' dir='ltr'><em>ἐπιχθονίης</em></span> <span class='ocrx_word' id='word_1_40' title='bbox 710 1620 800 1694; x_wconf 76' lang='grc' dir='ltr'><em>Ἀριά-</em></span> <span class='ocrx_word' id='word_1_41' title='bbox 837 1627 894 1689; x_wconf 89' lang='lat' dir='ltr'><strong>ipse</strong></span> <span class='ocrx_word' id='word_1_42' title='bbox 911 1637 990 1675; x_wconf 89' lang='lat' dir='ltr'><strong>crura</strong></span> <span class='ocrx_word' id='word_1_43' title='bbox 1008 1623 1074 1674; x_wconf 85' lang='lat' dir='ltr'><strong>talce</strong></span> <span class='ocrx_word' id='word_1_44' title='bbox 1091 1625 1247 1688; x_wconf 82' lang='lat' dir='ltr'><strong>amputavit.</strong></span> <span class='ocrx_word' id='word_1_45' title='bbox 1283 1626 1365 1688; x_wconf 81' lang='lat' dir='ltr'><strong>Prop.</strong></span> 
     </span>
     <span class='ocr_line' id='line_1_11' title="bbox 274 1695 1369 1771; baseline -0.005 -18"><span class='ocrx_word' id='word_1_46' title='bbox 274 1702 356 1770; x_wconf 72' lang='grc' dir='ltr'><strong>4οης,</strong></span> <span class='ocrx_word' id='word_1_47' title='bbox 369 1698 539 1771; x_wconf 78' lang='grc' dir='ltr'><em>Σύνδρομον</em></span> <span class='ocrx_word' id='word_1_48' title='bbox 549 1695 684 1758; x_wconf 72' lang='grc' dir='ltr'><em>Ἠελίοιο,</em></span> <span class='ocrx_word' id='word_1_49' title='bbox 697 1701 802 1764; x_wconf 79' lang='grc' dir='ltr'><em>ουνέμ·</em></span> <span class='ocrx_word' id='word_1_50' title='bbox 837 1699 868 1759; x_wconf 85' lang='grc'><strong>3,</strong></span> <span class='ocrx_word' id='word_1_51' title='bbox 879 1700 924 1759; x_wconf 83' lang='grc'><strong>47,</strong></span> <span class='ocrx_word' id='word_1_52' title='bbox 937 1697 985 1748; x_wconf 77' lang='lat'><strong>2³:</strong></span> <span class='ocrx_word' id='word_1_53' title='bbox 1007 1699 1177 1760; x_wconf 74' lang='lat' dir='ltr'><strong>Vesmmmque</strong></span> <span class='ocrx_word' id='word_1_54' title='bbox 1183 1712 1252 1748; x_wconf 82' lang='grc'><strong>0000</strong></span> <span class='ocrx_word' id='word_1_55' title='bbox 1259 1699 1369 1760; x_wconf 73' lang='grc'><strong>0000444-</strong></span> 
     </span>
     <span class='ocr_line' id='line_1_12' title="bbox 275 1771 1369 1848; baseline -0.007 -18"><span class='ocrx_word' id='word_1_56' title='bbox 275 1791 366 1848; x_wconf 79' lang='grc' dir='ltr'><em>πορον</em></span> <span class='ocrx_word' id='word_1_57' title='bbox 389 1771 570 1846; x_wconf 75' lang='grc' dir='ltr'><strong>Ἡριγενειης.</strong></span> <span class='ocrx_word' id='word_1_58' title='bbox 606 1774 659 1824; x_wconf 85' lang='lat' dir='ltr'><strong>Cir.</strong></span> <span class='ocrx_word' id='word_1_59' title='bbox 683 1773 801 1825; x_wconf 88' lang='lat' dir='ltr'><strong>eundem</strong></span> <span class='ocrx_word' id='word_1_60' title='bbox 837 1771 1369 1837; x_wconf 69' lang='lat' dir='ltr'><strong>quminuttetumerprentdicamt.ntiter</strong></span> 
     </span>
     <span class='ocr_line' id='line_1_13' title="bbox 275 1847 1369 1914; baseline -0.005 -10"><span class='ocrx_word' id='word_1_61' title='bbox 275 1853 331 1904; x_wconf 89' lang='lat' dir='ltr'>Lib.</span> <span class='ocrx_word' id='word_1_62' title='bbox 356 1852 397 1903; x_wconf 85' lang='grc'><strong>48.</strong></span> <span class='ocrx_word' id='word_1_63' title='bbox 418 1854 484 1901; x_wconf 81' lang='lat' dir='ltr'><strong>extr.</strong></span> <span class='ocrx_word' id='word_1_64' title='bbox 514 1877 541 1886; x_wconf 93' lang='lat'><em>-</em></span> <span class='ocrx_word' id='word_1_65' title='bbox 566 1850 693 1914; x_wconf 77' lang='lat' dir='ltr'><strong>honorem]</strong></span> <span class='ocrx_word' id='word_1_66' title='bbox 720 1862 801 1898; x_wconf 91' lang='lat' dir='ltr'><strong>orna·</strong></span> <span class='ocrx_word' id='word_1_67' title='bbox 837 1848 1107 1910; x_wconf 47' lang='lat' dir='ltr'><strong>saeuientem.</strong></span> <span class='ocrx_word' id='word_1_68' title='bbox 1126 1847 1173 1897; x_wconf 87' lang='lat' dir='ltr'><strong>ubi</strong></span> <span class='ocrx_word' id='word_1_69' title='bbox 1189 1849 1281 1911; x_wconf 73' lang='lat' dir='ltr'><strong>rupim</strong></span> <span class='ocrx_word' id='word_1_70' title='bbox 1296 1847 1369 1898; x_wconf 66' lang='lat' dir='ltr'><strong>ebori</strong></span> 
     </span>
     <span class='ocr_line' id='line_1_14' title="bbox 274 1921 1369 1988; baseline -0.007 -10"><span class='ocrx_word' id='word_1_71' title='bbox 274 1929 408 1984; x_wconf 83' lang='lat' dir='ltr'><strong>mentum.</strong></span> <span class='ocrx_word' id='word_1_72' title='bbox 441 1927 471 1974; x_wconf 92' lang='lat' dir='ltr'><strong>ut</strong></span> <span class='ocrx_word' id='word_1_73' title='bbox 495 1925 566 1986; x_wconf 79' lang='lat' dir='ltr'><strong>Virg.</strong></span> <span class='ocrx_word' id='word_1_74' title='bbox 592 1927 658 1973; x_wconf 83' lang='lat' dir='ltr'><strong>Aen.</strong></span> <span class='ocrx_word' id='word_1_75' title='bbox 685 1925 714 1984; x_wconf 85' lang='lat'><strong>7,</strong></span> <span class='ocrx_word' id='word_1_76' title='bbox 742 1925 799 1974; x_wconf 80' lang='lat' dir='ltr'><strong>ute.</strong></span> <span class='ocrx_word' id='word_1_77' title='bbox 838 1921 981 1973; x_wconf 83' lang='lat' dir='ltr'><strong>exclamat:</strong></span> <span class='ocrx_word' id='word_1_78' title='bbox 998 1925 1096 1988; x_wconf 74' lang='lat' dir='ltr'><strong>[muto</strong></span> <span class='ocrx_word' id='word_1_79' title='bbox 1111 1922 1313 1984; x_wconf 73' lang='lat' dir='ltr'><strong>rapidusquutta</strong></span> <span class='ocrx_word' id='word_1_80' title='bbox 1328 1923 1369 1970; x_wconf 80' lang='lat' dir='ltr'><strong>le·</strong></span> 
     </span>
     <span class='ocr_line' id='line_1_15' title="bbox 273 1997 1369 2065; baseline -0.005 -14"><span class='ocrx_word' id='word_1_81' title='bbox 273 2002 358 2065; x_wconf 77' lang='lat' dir='ltr'><strong>reptes</strong></span> <span class='ocrx_word' id='word_1_82' title='bbox 381 2001 457 2050; x_wconf 78' lang='lat' dir='ltr'><strong>tonos</strong></span> <span class='ocrx_word' id='word_1_83' title='bbox 480 1999 514 2048; x_wconf 92' lang='lat' dir='ltr'><strong>de</strong></span> <span class='ocrx_word' id='word_1_84' title='bbox 535 1997 677 2060; x_wconf 81' lang='lat' dir='ltr'>chlamyde</span> <span class='ocrx_word' id='word_1_85' title='bbox 698 2011 802 2062; x_wconf 89' lang='lat' dir='ltr'><strong>purpu-</strong></span> <span class='ocrx_word' id='word_1_86' title='bbox 836 1999 1008 2060; x_wconf 72' lang='lat' dir='ltr'><strong>morutium</strong></span> <span class='ocrx_word' id='word_1_87' title='bbox 1022 1997 1369 2060; x_wconf 77' lang='lat' dir='ltr'><strong>Pompineumpueiuteene·</strong></span> 
     </span>
     <span class='ocr_line' id='line_1_16' title="bbox 275 2070 1370 2135; baseline -0.004 -9"><span class='ocrx_word' id='word_1_88' title='bbox 275 2090 330 2128; x_wconf 84' lang='lat' dir='ltr'><strong>rea.</strong></span> <span class='ocrx_word' id='word_1_89' title='bbox 380 2076 473 2125; x_wconf 74' lang='lat' dir='ltr'><strong>Avien.</strong></span> <span class='ocrx_word' id='word_1_90' title='bbox 500 2075 571 2124; x_wconf 77' lang='lat' dir='ltr'><strong>Aret.</strong></span> <span class='ocrx_word' id='word_1_91' title='bbox 600 2072 661 2121; x_wconf 76' lang='grc'><strong>494)</strong></span> <span class='ocrx_word' id='word_1_92' title='bbox 699 2072 800 2133; x_wconf 77' lang='lat' dir='ltr'><strong>Aspice,</strong></span> <span class='ocrx_word' id='word_1_93' title='bbox 836 2087 892 2122; x_wconf 84' lang='lat' dir='ltr'><strong>mur</strong></span> <span class='ocrx_word' id='word_1_94' title='bbox 908 2074 1035 2135; x_wconf 76' lang='lat' dir='ltr'><strong>irreptare</strong></span> <span class='ocrx_word' id='word_1_95' title='bbox 1050 2074 1175 2135; x_wconf 72' lang='lat' dir='ltr'><strong>incuruo.</strong></span> <span class='ocrx_word' id='word_1_96' title='bbox 1195 2070 1250 2122; x_wconf 81' lang='lat' dir='ltr'><strong>Cir.</strong></span> <span class='ocrx_word' id='word_1_97' title='bbox 1268 2071 1370 2134; x_wconf 71' lang='grc'><strong>4404.)-</strong></span> 
     </span>
     <span class='ocr_line' id='line_1_17' title="bbox 273 2146 1363 2212; baseline -0.004 -12"><span class='ocrx_word' id='word_1_98' title='bbox 273 2164 319 2200; x_wconf 79' lang='lat' dir='ltr'><strong>ceu</strong></span> <span class='ocrx_word' id='word_1_99' title='bbox 340 2150 424 2200; x_wconf 73' lang='lat' dir='ltr'><strong>raditis</strong></span> <span class='ocrx_word' id='word_1_100' title='bbox 442 2149 522 2198; x_wconf 81' lang='lat' dir='ltr'><strong>vibret</strong></span> <span class='ocrx_word' id='word_1_101' title='bbox 546 2147 593 2196; x_wconf 74' lang='lat' dir='ltr'><strong>tur</strong></span> <span class='ocrx_word' id='word_1_102' title='bbox 612 2147 708 2196; x_wconf 84' lang='lat' dir='ltr'><strong>Gnosio</strong></span> <span class='ocrx_word' id='word_1_103' title='bbox 724 2149 802 2211; x_wconf 78' lang='lat' dir='ltr'><strong>flum-</strong></span> <span class='ocrx_word' id='word_1_104' title='bbox 837 2161 919 2210; x_wconf 79' lang='lat' dir='ltr'><strong>curgo</strong></span> <span class='ocrx_word' id='word_1_105' title='bbox 932 2147 1054 2212; x_wconf 89' lang='lat' dir='ltr'><strong>Sophoct.</strong></span> <span class='ocrx_word' id='word_1_106' title='bbox 1073 2147 1159 2209; x_wconf 78' lang='lat' dir='ltr'><strong>Antig.</strong></span> <span class='ocrx_word' id='word_1_107' title='bbox 1173 2146 1230 2196; x_wconf 80' lang='grc'><strong>94444.</strong></span> <span class='ocrx_word' id='word_1_108' title='bbox 1250 2147 1363 2209; x_wconf 74' lang='lat' dir='ltr'><strong>Longin.</strong></span> 
     </span>
     <span class='ocr_line' id='line_1_18' title="bbox 273 2216 1369 2290; baseline -0.004 -15"><span class='ocrx_word' id='word_1_109' title='bbox 273 2227 335 2276; x_wconf 69' lang='lat' dir='ltr'><strong>mu:</strong></span> <span class='ocrx_word' id='word_1_110' title='bbox 363 2225 431 2274; x_wconf 85' lang='lat' dir='ltr'><strong>Haec</strong></span> <span class='ocrx_word' id='word_1_111' title='bbox 448 2224 575 2286; x_wconf 75' lang='grc'><strong>00004040</strong></span> <span class='ocrx_word' id='word_1_112' title='bbox 595 2222 687 2272; x_wconf 82' lang='lat' dir='ltr'><strong>Boeoti</strong></span> <span class='ocrx_word' id='word_1_113' title='bbox 709 2235 802 2271; x_wconf 72' lang='grc'><strong>40000-</strong></span> <span class='ocrx_word' id='word_1_114' title='bbox 837 2224 862 2271; x_wconf 91' lang='lat' dir='ltr'><strong>S.</strong></span> <span class='ocrx_word' id='word_1_115' title='bbox 883 2222 922 2271; x_wconf 81' lang='lat' dir='ltr'><strong>ts.</strong></span> <span class='ocrx_word' id='word_1_116' title='bbox 941 2236 967 2285; x_wconf 86' lang='lat' dir='ltr'><strong>p.</strong></span> <span class='ocrx_word' id='word_1_117' title='bbox 988 2223 1028 2272; x_wconf 72' lang='grc'><strong>64.</strong></span> <span class='ocrx_word' id='word_1_118' title='bbox 1046 2222 1108 2271; x_wconf 90' lang='lat' dir='ltr'><strong>W.:</strong></span> <span class='ocrx_word' id='word_1_119' title='bbox 1135 2216 1222 2290; x_wconf 65' lang='grc' dir='ltr'><em>Παρὰ</em></span> <span class='ocrx_word' id='word_1_120' title='bbox 1239 2220 1296 2286; x_wconf 75' lang='grc' dir='ltr'><strong>μὲν</strong></span> <span class='ocrx_word' id='word_1_121' title='bbox 1315 2219 1369 2271; x_wconf 78' lang='grc' dir='ltr'><strong>Αἰ-</strong></span> 
     </span>
     <span class='ocr_line' id='line_1_19' title="bbox 272 2291 1370 2366; baseline -0.001 -17"><span class='ocrx_word' id='word_1_122' title='bbox 272 2305 383 2350; x_wconf 83' lang='lat' dir='ltr'><strong>menium</strong></span> <span class='ocrx_word' id='word_1_123' title='bbox 406 2299 485 2362; x_wconf 69' lang='grc'><strong>[04904</strong></span> <span class='ocrx_word' id='word_1_124' title='bbox 509 2297 617 2358; x_wconf 77' lang='lat' dir='ltr'><strong>umoris,</strong></span> <span class='ocrx_word' id='word_1_125' title='bbox 640 2297 707 2346; x_wconf 81' lang='lat' dir='ltr'><strong>ilaec</strong></span> <span class='ocrx_word' id='word_1_126' title='bbox 723 2297 802 2345; x_wconf 78' lang='lat' dir='ltr'><strong>Ariu-</strong></span> <span class='ocrx_word' id='word_1_127' title='bbox 838 2293 935 2362; x_wconf 82' lang='grc' dir='ltr'><strong><em>σχύλῳ</em></strong></span> <span class='ocrx_word' id='word_1_128' title='bbox 945 2292 1115 2366; x_wconf 67' lang='grc' dir='ltr'><em>παραδόξως</em></span> <span class='ocrx_word' id='word_1_129' title='bbox 1123 2291 1159 2344; x_wconf 78' lang='grc' dir='ltr'><strong>τὰ</strong></span> <span class='ocrx_word' id='word_1_130' title='bbox 1173 2291 1226 2346; x_wconf 79' lang='grc' dir='ltr'><strong>τοῦ</strong></span> <span class='ocrx_word' id='word_1_131' title='bbox 1235 2292 1370 2366; x_wconf 73' lang='grc' dir='ltr'><strong>Λυκούρ-</strong></span> 
     </span>
     <span class='ocr_line' id='line_1_20' title="bbox 273 2366 1370 2436; baseline -0.003 -12"><span class='ocrx_word' id='word_1_132' title='bbox 273 2375 348 2424; x_wconf 81' lang='lat' dir='ltr'><strong>docet</strong></span> <span class='ocrx_word' id='word_1_133' title='bbox 375 2374 465 2435; x_wconf 82' lang='lat' dir='ltr'><strong>eapitis</strong></span> <span class='ocrx_word' id='word_1_134' title='bbox 492 2377 597 2422; x_wconf 85' lang='lat' dir='ltr'><strong>testatur</strong></span> <span class='ocrx_word' id='word_1_135' title='bbox 624 2372 750 2422; x_wconf 76' lang='lat' dir='ltr'><em>honorem.</em></span> <span class='ocrx_word' id='word_1_136' title='bbox 772 2397 799 2407; x_wconf 91' lang='lat'><em>-</em></span> <span class='ocrx_word' id='word_1_137' title='bbox 837 2385 891 2436; x_wconf 84' lang='lat' dir='ltr'><strong>you</strong></span> <span class='ocrx_word' id='word_1_138' title='bbox 918 2369 1054 2430; x_wconf 69' lang='lat' dir='ltr'><strong>doctiora</strong></span> <span class='ocrx_word' id='word_1_139' title='bbox 1080 2366 1156 2420; x_wconf 78' lang='grc' dir='ltr'><strong>κατὰ</strong></span> <span class='ocrx_word' id='word_1_140' title='bbox 1177 2366 1233 2436; x_wconf 74' lang='grc' dir='ltr'><strong>τὴν</strong></span> <span class='ocrx_word' id='word_1_141' title='bbox 1258 2369 1370 2432; x_wconf 75' lang='grc' dir='ltr'><strong><em>ἐπιφά-</em></strong></span> 
     </span>
     <span class='ocr_line' id='line_1_21' title="bbox 273 2442 1368 2515; baseline -0.002 -17"><span class='ocrx_word' id='word_1_142' title='bbox 273 2449 384 2513; x_wconf 76' lang='lat' dir='ltr'><strong>Pertinet]</strong></span> <span class='ocrx_word' id='word_1_143' title='bbox 407 2448 478 2512; x_wconf 79' lang='lat' dir='ltr'><strong>regis</strong></span> <span class='ocrx_word' id='word_1_144' title='bbox 495 2447 660 2506; x_wconf 81' lang='lat' dir='ltr'><strong>Thebarum,</strong></span> <span class='ocrx_word' id='word_1_145' title='bbox 681 2447 725 2508; x_wconf 89' lang='lat' dir='ltr'><strong>qui</strong></span> <span class='ocrx_word' id='word_1_146' title='bbox 737 2447 803 2496; x_wconf 85' lang='lat' dir='ltr'><strong>Bec-</strong></span> <span class='ocrx_word' id='word_1_147' title='bbox 838 2460 916 2495; x_wconf 78' lang='grc' dir='ltr'>νειαν</span> <span class='ocrx_word' id='word_1_148' title='bbox 933 2443 985 2497; x_wconf 78' lang='grc' dir='ltr'><strong>τοῦ</strong></span> <span class='ocrx_word' id='word_1_149' title='bbox 1002 2442 1147 2495; x_wconf 80' lang='grc' dir='ltr'><strong><em>Διονύσου</em></strong></span> <span class='ocrx_word' id='word_1_150' title='bbox 1167 2445 1368 2515; x_wconf 70' lang='grc' dir='ltr'><strong>θεοφορεῖτω,</strong></span> 
     </span>
     <span class='ocr_line' id='line_1_22' title="bbox 273 2513 1370 2587; baseline -0.004 -13"><span class='ocrx_word' id='word_1_151' title='bbox 273 2524 317 2574; x_wconf 85' lang='lat' dir='ltr'><strong>chi</strong></span> <span class='ocrx_word' id='word_1_152' title='bbox 340 2535 440 2572; x_wconf 92' lang='lat' dir='ltr'><strong>numen</strong></span> <span class='ocrx_word' id='word_1_153' title='bbox 465 2533 610 2583; x_wconf 81' lang='lat' dir='ltr'><strong>agnoscere</strong></span> <span class='ocrx_word' id='word_1_154' title='bbox 629 2533 692 2570; x_wconf 92' lang='lat' dir='ltr'><strong>cum</strong></span> <span class='ocrx_word' id='word_1_155' title='bbox 710 2519 800 2580; x_wconf 79' lang='lat' dir='ltr'><strong>nollet,</strong></span> <span class='ocrx_word' id='word_1_156' title='bbox 835 2513 991 2587; x_wconf 63' lang='grc' dir='ltr'><strong>’4409000ιᾷ</strong></span> <span class='ocrx_word' id='word_1_157' title='bbox 1022 2516 1058 2586; x_wconf 80' lang='grc' dir='ltr'><strong>δὴ</strong></span> <span class='ocrx_word' id='word_1_158' title='bbox 1092 2517 1193 2585; x_wconf 76' lang='grc' dir='ltr'><strong><em>δῶμα,</em></strong></span> <span class='ocrx_word' id='word_1_159' title='bbox 1227 2519 1370 2581; x_wconf 76' lang='grc' dir='ltr'><strong>βακχεύει</strong></span> 
     </span>
     <span class='ocr_line' id='line_1_23' title="bbox 274 2593 1298 2660; baseline -0.003 -13"><span class='ocrx_word' id='word_1_160' title='bbox 274 2596 309 2647; x_wconf 89' lang='lat' dir='ltr'><strong>ab</strong></span> <span class='ocrx_word' id='word_1_161' title='bbox 332 2609 365 2644; x_wconf 88' lang='lat' dir='ltr'><strong>eo</strong></span> <span class='ocrx_word' id='word_1_162' title='bbox 388 2595 466 2643; x_wconf 77' lang='lat' dir='ltr'><strong>exitio</strong></span> <span class='ocrx_word' id='word_1_163' title='bbox 490 2593 567 2643; x_wconf 87' lang='lat' dir='ltr'><strong>datus</strong></span> <span class='ocrx_word' id='word_1_164' title='bbox 589 2595 638 2643; x_wconf 85' lang='lat' dir='ltr'><strong>est.</strong></span> <span class='ocrx_word' id='word_1_165' title='bbox 670 2594 722 2644; x_wconf 87' lang='lat' dir='ltr'><strong>Cir.</strong></span> <span class='ocrx_word' id='word_1_166' title='bbox 748 2595 802 2644; x_wconf 85' lang='lat' dir='ltr'><strong>Eu·</strong></span> <span class='ocrx_word' id='word_1_167' title='bbox 839 2597 935 2660; x_wconf 80' lang='grc' dir='ltr'><em>στέγη,</em></span> <span class='ocrx_word' id='word_1_168' title='bbox 970 2594 1049 2645; x_wconf 82' lang='grc'><strong>44044).</strong></span> <span class='ocrx_word' id='word_1_169' title='bbox 1068 2593 1122 2644; x_wconf 88' lang='lat' dir='ltr'><strong>Pat.</strong></span> <span class='ocrx_word' id='word_1_170' title='bbox 1144 2597 1174 2644; x_wconf 91' lang='lat' dir='ltr'><strong>lt.</strong></span> <span class='ocrx_word' id='word_1_171' title='bbox 1193 2609 1220 2660; x_wconf 79' lang='lat' dir='ltr'><strong>p,</strong></span> <span class='ocrx_word' id='word_1_172' title='bbox 1239 2596 1298 2645; x_wconf 80' lang='grc'><strong>6443.</strong></span> 
     </span>
    </p>

    <p class='ocr_par' dir='ltr' id='par_1_6' title="bbox 274 2665 1370 3706">
     <span class='ocr_line' id='line_1_24' title="bbox 274 2665 1369 2735; baseline 0.003 -16"><span class='ocrx_word' id='word_1_173' title='bbox 274 2669 366 2735; x_wconf 90' lang='lat' dir='ltr'><strong>ripidis</strong></span> <span class='ocrx_word' id='word_1_174' title='bbox 383 2669 517 2728; x_wconf 75' lang='lat' dir='ltr'>Bacchas,</span> <span class='ocrx_word' id='word_1_175' title='bbox 536 2667 698 2717; x_wconf 70' lang='lat' dir='ltr'><strong>obtudat:</strong></span> <span class='ocrx_word' id='word_1_176' title='bbox 720 2665 803 2732; x_wconf 84' lang='grc' dir='ltr'>(Βάκ-</span> <span class='ocrx_word' id='word_1_177' title='bbox 872 2670 912 2719; x_wconf 81' lang='lat' dir='ltr'><strong>u.</strong></span> <span class='ocrx_word' id='word_1_178' title='bbox 940 2669 1035 2733; x_wconf 80' lang='lat' dir='ltr'><strong>omues]</strong></span> <span class='ocrx_word' id='word_1_179' title='bbox 1061 2670 1198 2720; x_wconf 84' lang='lat' dir='ltr'><strong>Bacchum</strong></span> <span class='ocrx_word' id='word_1_180' title='bbox 1220 2669 1369 2735; x_wconf 79' lang='lat' dir='ltr'>Hydaspen</span> 
     </span>
     <span class='ocr_line' id='line_1_25' title="bbox 274 2735 1369 2809; baseline -0.001 -14"><span class='ocrx_word' id='word_1_181' title='bbox 274 2745 352 2806; x_wconf 81' lang='grc' dir='ltr'><em>κιος)</em></span> <span class='ocrx_word' id='word_1_182' title='bbox 382 2739 495 2806; x_wconf 79' lang='grc' dir='ltr'><em>Δώμοτ’</em></span> <span class='ocrx_word' id='word_1_183' title='bbox 525 2735 643 2809; x_wconf 45' lang='lat' dir='ltr'><strong>idoneior</strong></span> <span class='ocrx_word' id='word_1_184' title='bbox 671 2741 799 2808; x_wconf 77' lang='grc' dir='ltr'><strong><em>χαμᾶζε·</em></strong></span> <span class='ocrx_word' id='word_1_185' title='bbox 839 2746 866 2794; x_wconf 85' lang='lat' dir='ltr'><strong>et</strong></span> <span class='ocrx_word' id='word_1_186' title='bbox 883 2744 1010 2794; x_wconf 84' lang='lat' dir='ltr'><strong>Orontem</strong></span> <span class='ocrx_word' id='word_1_187' title='bbox 1028 2743 1122 2806; x_wconf 83' lang='lat' dir='ltr'><strong>thyrso</strong></span> <span class='ocrx_word' id='word_1_188' title='bbox 1134 2757 1183 2794; x_wconf 84' lang='lat' dir='ltr'><strong>suo</strong></span> <span class='ocrx_word' id='word_1_189' title='bbox 1195 2746 1281 2794; x_wconf 86' lang='lat' dir='ltr'><strong>tactos</strong></span> <span class='ocrx_word' id='word_1_190' title='bbox 1293 2746 1369 2794; x_wconf 88' lang='lat' dir='ltr'><strong>sicco</strong></span> 
     </span>
     <span class='ocr_line' id='line_1_26' title="bbox 274 2811 1368 2887; baseline -0.003 -16"><span class='ocrx_word' id='word_1_191' title='bbox 274 2814 507 2887; x_wconf 74' lang='grc' dir='ltr'><em>συντεθράνωται</em></span> <span class='ocrx_word' id='word_1_192' title='bbox 525 2813 546 2863; x_wconf 69' lang='grc' dir='ltr'><em>ὅ</em></span> <span class='ocrx_word' id='word_1_193' title='bbox 564 2811 650 2864; x_wconf 81' lang='grc' dir='ltr'><strong>ἅπαν.</strong></span> <span class='ocrx_word' id='word_1_194' title='bbox 679 2819 801 2867; x_wconf 87' lang='lat' dir='ltr'><strong>Nonnum</strong></span> <span class='ocrx_word' id='word_1_195' title='bbox 840 2817 909 2882; x_wconf 87' lang='lat' dir='ltr'><strong>pede</strong></span> <span class='ocrx_word' id='word_1_196' title='bbox 926 2818 1055 2868; x_wconf 76' lang='lat' dir='ltr'><strong>transisse</strong></span> <span class='ocrx_word' id='word_1_197' title='bbox 1070 2819 1158 2881; x_wconf 83' lang='lat' dir='ltr'><strong>prisca</strong></span> <span class='ocrx_word' id='word_1_198' title='bbox 1170 2818 1287 2868; x_wconf 86' lang='lat' dir='ltr'><strong>narratio</strong></span> <span class='ocrx_word' id='word_1_199' title='bbox 1299 2822 1368 2868; x_wconf 88' lang='lat' dir='ltr'><strong>erat.</strong></span> 
     </span>
     <span class='ocr_line' id='line_1_27' title="bbox 275 2888 1367 2958; baseline -0.001 -14"><span class='ocrx_word' id='word_1_200' title='bbox 275 2893 323 2954; x_wconf 87' lang='grc'><strong>46,</strong></span> <span class='ocrx_word' id='word_1_201' title='bbox 342 2891 399 2940; x_wconf 71' lang='lat'><strong>209.</strong></span> <span class='ocrx_word' id='word_1_202' title='bbox 433 2889 510 2950; x_wconf 87' lang='lat' dir='ltr'><strong>Quod</strong></span> <span class='ocrx_word' id='word_1_203' title='bbox 522 2888 630 2939; x_wconf 89' lang='lat' dir='ltr'><strong>tulmine</strong></span> <span class='ocrx_word' id='word_1_204' title='bbox 642 2891 724 2941; x_wconf 89' lang='lat' dir='ltr'><strong>ictum</strong></span> <span class='ocrx_word' id='word_1_205' title='bbox 736 2893 803 2942; x_wconf 87' lang='lat' dir='ltr'><strong>Pen-</strong></span> <span class='ocrx_word' id='word_1_206' title='bbox 839 2895 923 2942; x_wconf 86' lang='lat' dir='ltr'><strong>Nonn.</strong></span> <span class='ocrx_word' id='word_1_207' title='bbox 943 2892 988 2953; x_wconf 86' lang='grc'><strong>43,</strong></span> <span class='ocrx_word' id='word_1_208' title='bbox 1008 2892 1065 2941; x_wconf 72' lang='grc'><strong>423,</strong></span> <span class='ocrx_word' id='word_1_209' title='bbox 1086 2919 1114 2928; x_wconf 89' lang='lat'>-</span> <span class='ocrx_word' id='word_1_210' title='bbox 1132 2892 1367 2958; x_wconf 77' lang='lat' dir='ltr'><strong>muretcrtcmm]</strong></span> 
     </span>
     <span class='ocr_line' id='line_1_28' title="bbox 274 2962 1368 3023; baseline 0.001 -8"><span class='ocrx_word' id='word_1_211' title='bbox 274 2967 368 3016; x_wconf 83' lang='lat' dir='ltr'><strong>iheum</strong></span> <span class='ocrx_word' id='word_1_212' title='bbox 385 2965 449 3014; x_wconf 89' lang='lat' dir='ltr'><strong>dicit</strong></span> <span class='ocrx_word' id='word_1_213' title='bbox 460 2962 557 3023; x_wconf 77' lang='lat' dir='ltr'><strong>Sciret,</strong></span> <span class='ocrx_word' id='word_1_214' title='bbox 570 2963 676 3014; x_wconf 89' lang='lat' dir='ltr'><strong>videtur</strong></span> <span class='ocrx_word' id='word_1_215' title='bbox 687 2978 720 3014; x_wconf 84' lang='lat' dir='ltr'><strong>ex</strong></span> <span class='ocrx_word' id='word_1_216' title='bbox 732 2965 801 3015; x_wconf 90' lang='lat' dir='ltr'><strong>mate</strong></span> <span class='ocrx_word' id='word_1_217' title='bbox 841 2966 1001 3016; x_wconf 79' lang='lat' dir='ltr'><strong>«indicum».</strong></span> <span class='ocrx_word' id='word_1_218' title='bbox 1020 2967 1122 3016; x_wconf 83' lang='lat' dir='ltr'><strong>Seneca</strong></span> <span class='ocrx_word' id='word_1_219' title='bbox 1140 2966 1218 3015; x_wconf 86' lang='lat' dir='ltr'><strong>itere.</strong></span> <span class='ocrx_word' id='word_1_220' title='bbox 1239 2966 1289 3016; x_wconf 83' lang='lat' dir='ltr'><strong>tur.</strong></span> <span class='ocrx_word' id='word_1_221' title='bbox 1303 2966 1368 3017; x_wconf 72' lang='lat'><strong>905:</strong></span> 
     </span>
     <span class='ocr_line' id='line_1_29' title="bbox 275 3037 1369 3103; baseline 0.002 -14"><span class='ocrx_word' id='word_1_222' title='bbox 275 3037 409 3089; x_wconf 86' lang='lat' dir='ltr'><strong>intellecto</strong></span> <span class='ocrx_word' id='word_1_223' title='bbox 444 3039 495 3088; x_wconf 90' lang='lat' dir='ltr'><strong>hoc</strong></span> <span class='ocrx_word' id='word_1_224' title='bbox 528 3037 587 3088; x_wconf 88' lang='lat' dir='ltr'><strong>loeo</strong></span> <span class='ocrx_word' id='word_1_225' title='bbox 614 3041 704 3089; x_wconf 90' lang='lat' dir='ltr'><strong>ortum</strong></span> <span class='ocrx_word' id='word_1_226' title='bbox 729 3053 800 3089; x_wconf 89' lang='lat' dir='ltr'><strong>esse.</strong></span> <span class='ocrx_word' id='word_1_227' title='bbox 838 3041 908 3090; x_wconf 75' lang='lat' dir='ltr'><strong>Adsit</strong></span> <span class='ocrx_word' id='word_1_228' title='bbox 923 3041 1034 3103; x_wconf 77' lang='lat' dir='ltr'><strong>Lpeurpi</strong></span> <span class='ocrx_word' id='word_1_229' title='bbox 1050 3040 1159 3089; x_wconf 83' lang='lat' dir='ltr'><strong>domitor</strong></span> <span class='ocrx_word' id='word_1_230' title='bbox 1179 3045 1203 3089; x_wconf 83' lang='lat' dir='ltr'><strong>et</strong></span> <span class='ocrx_word' id='word_1_231' title='bbox 1217 3039 1292 3091; x_wconf 75' lang='lat' dir='ltr'><strong>nitri</strong></span> <span class='ocrx_word' id='word_1_232' title='bbox 1306 3055 1369 3090; x_wconf 75' lang='lat' dir='ltr'><strong>enu-</strong></span> 
     </span>
     <span class='ocr_line' id='line_1_30' title="bbox 274 3111 1370 3178; baseline 0.002 -14"><span class='ocrx_word' id='word_1_233' title='bbox 274 3112 353 3176; x_wconf 76' lang='lat' dir='ltr'><strong>Apud</strong></span> <span class='ocrx_word' id='word_1_234' title='bbox 363 3111 518 3176; x_wconf 87' lang='lat' dir='ltr'><strong>Euripidem</strong></span> <span class='ocrx_word' id='word_1_235' title='bbox 530 3113 615 3174; x_wconf 84' lang='lat' dir='ltr'><strong>enim,</strong></span> <span class='ocrx_word' id='word_1_236' title='bbox 631 3113 802 3163; x_wconf 78' lang='lat' dir='ltr'><strong>Theocritum</strong></span> <span class='ocrx_word' id='word_1_237' title='bbox 839 3116 883 3164; x_wconf 82' lang='lat' dir='ltr'><strong>rte.</strong></span> <span class='ocrx_word' id='word_1_238' title='bbox 913 3116 951 3164; x_wconf 81' lang='lat' dir='ltr'><strong>Ex</strong></span> <span class='ocrx_word' id='word_1_239' title='bbox 967 3128 993 3164; x_wconf 81' lang='lat' dir='ltr'><strong>r.</strong></span> <span class='ocrx_word' id='word_1_240' title='bbox 1011 3115 1090 3178; x_wconf 70' lang='lat' dir='ltr'><strong>uectis</strong></span> <span class='ocrx_word' id='word_1_241' title='bbox 1107 3113 1283 3164; x_wconf 86' lang='lat' dir='ltr'><strong>eliciendum:</strong></span> <span class='ocrx_word' id='word_1_242' title='bbox 1310 3129 1370 3166; x_wconf 81' lang='lat' dir='ltr'><strong>«se-</strong></span> 
     </span>
     <span class='ocr_line' id='line_1_31' title="bbox 275 3185 1368 3254; baseline 0.002 -16"><span class='ocrx_word' id='word_1_243' title='bbox 275 3187 313 3238; x_wconf 92' lang='lat' dir='ltr'><strong>td.</strong></span> <span class='ocrx_word' id='word_1_244' title='bbox 333 3188 373 3237; x_wconf 77' lang='grc'><strong>46.</strong></span> <span class='ocrx_word' id='word_1_245' title='bbox 396 3185 516 3249; x_wconf 87' lang='lat' dir='ltr'><strong>aliosque</strong></span> <span class='ocrx_word' id='word_1_246' title='bbox 538 3186 571 3236; x_wconf 81' lang='lat' dir='ltr'><strong>ab</strong></span> <span class='ocrx_word' id='word_1_247' title='bbox 593 3189 681 3250; x_wconf 76' lang='lat' dir='ltr'><strong>Agave</strong></span> <span class='ocrx_word' id='word_1_248' title='bbox 704 3192 800 3249; x_wconf 80' lang='lat' dir='ltr'><strong>matre,</strong></span> <span class='ocrx_word' id='word_1_249' title='bbox 839 3191 900 3251; x_wconf 82' lang='lat' dir='ltr'><strong>das,</strong></span> <span class='ocrx_word' id='word_1_250' title='bbox 920 3189 1091 3254; x_wconf 87' lang='lat' dir='ltr'><strong>tranquittum</strong></span> <span class='ocrx_word' id='word_1_251' title='bbox 1107 3189 1224 3240; x_wconf 83' lang='lat' dir='ltr'><strong>reddis.»</strong></span> <span class='ocrx_word' id='word_1_252' title='bbox 1260 3190 1368 3252; x_wconf 80' lang='lat' dir='ltr'><strong>(Bacchi</strong></span> 
     </span>
     <span class='ocr_line' id='line_1_32' title="bbox 274 3261 1369 3330; baseline -0.001 -17"><span class='ocrx_word' id='word_1_253' title='bbox 274 3264 357 3313; x_wconf 89' lang='lat' dir='ltr'><strong>Inone</strong></span> <span class='ocrx_word' id='word_1_254' title='bbox 376 3264 403 3312; x_wconf 88' lang='lat' dir='ltr'><strong>et</strong></span> <span class='ocrx_word' id='word_1_255' title='bbox 416 3265 537 3313; x_wconf 75' lang='lat' dir='ltr'><strong>Autonoe</strong></span> <span class='ocrx_word' id='word_1_256' title='bbox 550 3261 710 3326; x_wconf 82' lang='lat' dir='ltr'><strong>discerpitur</strong></span> <span class='ocrx_word' id='word_1_257' title='bbox 720 3261 764 3312; x_wconf 88' lang='lat' dir='ltr'><strong>vet</strong></span> <span class='ocrx_word' id='word_1_258' title='bbox 776 3264 803 3312; x_wconf 91' lang='lat' dir='ltr'><strong>in</strong></span> <span class='ocrx_word' id='word_1_259' title='bbox 839 3265 1005 3330; x_wconf 88' lang='lat' dir='ltr'><strong>triumphum</strong></span> <span class='ocrx_word' id='word_1_260' title='bbox 1023 3264 1143 3314; x_wconf 87' lang='lat' dir='ltr'><strong>indicum</strong></span> <span class='ocrx_word' id='word_1_261' title='bbox 1159 3264 1221 3313; x_wconf 77' lang='lat' dir='ltr'><strong>nida</strong></span> <span class='ocrx_word' id='word_1_262' title='bbox 1238 3263 1266 3312; x_wconf 91' lang='lat' dir='ltr'><strong>in</strong></span> <span class='ocrx_word' id='word_1_263' title='bbox 1280 3263 1369 3328; x_wconf 77' lang='lat' dir='ltr'><strong>zoega</strong></span> 
     </span>
     <span class='ocr_line' id='line_1_33' title="bbox 275 3337 1367 3402; baseline 0 -15"><span class='ocrx_word' id='word_1_264' title='bbox 275 3337 436 3387; x_wconf 79' lang='lat' dir='ltr'><strong>Cithaerone</strong></span> <span class='ocrx_word' id='word_1_265' title='bbox 468 3339 558 3386; x_wconf 90' lang='lat' dir='ltr'><strong>monte</strong></span> <span class='ocrx_word' id='word_1_266' title='bbox 589 3337 696 3399; x_wconf 83' lang='lat' dir='ltr'><strong>(Strabo</strong></span> <span class='ocrx_word' id='word_1_267' title='bbox 725 3339 749 3387; x_wconf 85' lang='lat'><strong>9.</strong></span> <span class='ocrx_word' id='word_1_268' title='bbox 774 3351 800 3402; x_wconf 75' lang='lat' dir='ltr'><strong>p,</strong></span> <span class='ocrx_word' id='word_1_269' title='bbox 838 3341 912 3390; x_wconf 81' lang='lat' dir='ltr'><strong>Bassi</strong></span> <span class='ocrx_word' id='word_1_270' title='bbox 927 3339 1010 3389; x_wconf 80' lang='lat' dir='ltr'><strong>ritieut&#39;</strong></span> <span class='ocrx_word' id='word_1_271' title='bbox 1030 3341 1050 3389; x_wconf 92' lang='lat' dir='ltr'><strong>l.</strong></span> <span class='ocrx_word' id='word_1_272' title='bbox 1076 3353 1103 3402; x_wconf 89' lang='lat' dir='ltr'><strong>p.</strong></span> <span class='ocrx_word' id='word_1_273' title='bbox 1127 3339 1169 3388; x_wconf 78' lang='lat'><strong>25.</strong></span> <span class='ocrx_word' id='word_1_274' title='bbox 1187 3339 1251 3388; x_wconf 88' lang='lat' dir='ltr'><strong>item</strong></span> <span class='ocrx_word' id='word_1_275' title='bbox 1269 3351 1297 3402; x_wconf 92' lang='lat' dir='ltr'><strong>p.</strong></span> <span class='ocrx_word' id='word_1_276' title='bbox 1314 3338 1367 3402; x_wconf 92' lang='grc'><strong>44.)</strong></span> 
     </span>
     <span class='ocr_line' id='line_1_34' title="bbox 274 3409 1368 3476; baseline 0.001 -14"><span class='ocrx_word' id='word_1_277' title='bbox 274 3411 332 3462; x_wconf 83' lang='grc'><strong>408.</strong></span> <span class='ocrx_word' id='word_1_278' title='bbox 344 3414 375 3463; x_wconf 92' lang='grc' dir='ltr'><strong>Ι).</strong></span> <span class='ocrx_word' id='word_1_279' title='bbox 386 3414 413 3462; x_wconf 92' lang='lat' dir='ltr'><strong>et</strong></span> <span class='ocrx_word' id='word_1_280' title='bbox 425 3412 555 3475; x_wconf 91' lang='lat' dir='ltr'><strong>imprimis</strong></span> <span class='ocrx_word' id='word_1_281' title='bbox 567 3409 688 3461; x_wconf 87' lang='lat' dir='ltr'><strong>Phitostr.</strong></span> <span class='ocrx_word' id='word_1_282' title='bbox 701 3413 801 3474; x_wconf 78' lang='lat' dir='ltr'><strong>tmagg.</strong></span> <span class='ocrx_word' id='word_1_283' title='bbox 872 3414 913 3464; x_wconf 85' lang='grc'><strong>48.</strong></span> <span class='ocrx_word' id='word_1_284' title='bbox 944 3414 984 3462; x_wconf 82' lang='lat' dir='ltr'><strong>te.</strong></span> <span class='ocrx_word' id='word_1_285' title='bbox 1014 3413 1148 3476; x_wconf 60' lang='grc'><strong>00004040)</strong></span> <span class='ocrx_word' id='word_1_286' title='bbox 1174 3413 1306 3462; x_wconf 79' lang='lat' dir='ltr'><strong>«remotis</strong></span> <span class='ocrx_word' id='word_1_287' title='bbox 1336 3427 1368 3463; x_wconf 89' lang='lat' dir='ltr'><strong>ac</strong></span> 
     </span>
     <span class='ocr_line' id='line_1_35' title="bbox 276 3484 1366 3551; baseline 0.002 -17"><span class='ocrx_word' id='word_1_288' title='bbox 276 3487 306 3548; x_wconf 89' lang='lat' dir='ltr'><strong>t,</strong></span> <span class='ocrx_word' id='word_1_289' title='bbox 326 3487 376 3549; x_wconf 87' lang='grc'><strong>48.)</strong></span> <span class='ocrx_word' id='word_1_290' title='bbox 398 3485 441 3536; x_wconf 84' lang='lat' dir='ltr'><strong>vet</strong></span> <span class='ocrx_word' id='word_1_291' title='bbox 462 3487 488 3535; x_wconf 87' lang='lat' dir='ltr'><strong>tn</strong></span> <span class='ocrx_word' id='word_1_292' title='bbox 506 3489 647 3537; x_wconf 89' lang='lat' dir='ltr'><strong>Parnasso.</strong></span> <span class='ocrx_word' id='word_1_293' title='bbox 667 3484 801 3550; x_wconf 73' lang='lat' dir='ltr'><strong>(Aeschyt.</strong></span> <span class='ocrx_word' id='word_1_294' title='bbox 839 3487 988 3538; x_wconf 80' lang='lat' dir='ltr'><strong>solitariis.»</strong></span> <span class='ocrx_word' id='word_1_295' title='bbox 1008 3513 1036 3524; x_wconf 93' lang='lat'><strong>·-</strong></span> <span class='ocrx_word' id='word_1_296' title='bbox 1054 3487 1151 3551; x_wconf 78' lang='lat' dir='ltr'><strong>wtdiu]</strong></span> <span class='ocrx_word' id='word_1_297' title='bbox 1170 3487 1224 3537; x_wconf 88' lang='lat' dir='ltr'><strong>Cir.</strong></span> <span class='ocrx_word' id='word_1_298' title='bbox 1243 3486 1319 3536; x_wconf 76' lang='lat' dir='ltr'><strong>Stoi).</strong></span> <span class='ocrx_word' id='word_1_299' title='bbox 1338 3489 1366 3539; x_wconf 84' lang='lat' dir='ltr'><strong>T.</strong></span> 
     </span>
     <span class='ocr_line' id='line_1_36' title="bbox 275 3555 1368 3627; baseline -0.001 -17"><span class='ocrx_word' id='word_1_300' title='bbox 275 3561 387 3611; x_wconf 87' lang='lat' dir='ltr'><strong>Eumen.</strong></span> <span class='ocrx_word' id='word_1_301' title='bbox 407 3560 458 3623; x_wconf 78' lang='grc'><strong>44.)</strong></span> <span class='ocrx_word' id='word_1_302' title='bbox 476 3561 569 3610; x_wconf 84' lang='lat' dir='ltr'><strong>Totam</strong></span> <span class='ocrx_word' id='word_1_303' title='bbox 587 3558 703 3610; x_wconf 88' lang='lat' dir='ltr'><strong>tabulam</strong></span> <span class='ocrx_word' id='word_1_304' title='bbox 724 3574 803 3624; x_wconf 79' lang='lat' dir='ltr'><strong>egre·</strong></span> <span class='ocrx_word' id='word_1_305' title='bbox 839 3564 867 3622; x_wconf 82' lang='lat'><strong>5,</strong></span> <span class='ocrx_word' id='word_1_306' title='bbox 888 3563 950 3612; x_wconf 76' lang='lat' dir='ltr'><strong>toz:</strong></span> <span class='ocrx_word' id='word_1_307' title='bbox 980 3555 1070 3627; x_wconf 79' lang='grc' dir='ltr'><strong><em>ἡνίκα</em></strong></span> <span class='ocrx_word' id='word_1_308' title='bbox 1093 3567 1155 3624; x_wconf 80' lang='grc' dir='ltr'><em>τοῖς</em></span> <span class='ocrx_word' id='word_1_309' title='bbox 1181 3556 1283 3624; x_wconf 77' lang='grc' dir='ltr'><em>πότοις</em></span> <span class='ocrx_word' id='word_1_310' title='bbox 1308 3555 1368 3610; x_wconf 76' lang='grc' dir='ltr'><strong>ὑπὸ</strong></span> 
     </span>
     <span class='ocr_line' id='line_1_37' title="bbox 276 3629 1365 3706; baseline 0.002 -22"><span class='ocrx_word' id='word_1_311' title='bbox 276 3635 317 3697; x_wconf 77' lang='lat' dir='ltr'><strong>gie</strong></span> <span class='ocrx_word' id='word_1_312' title='bbox 336 3637 459 3698; x_wconf 84' lang='lat' dir='ltr'><strong>exposuit</strong></span> <span class='ocrx_word' id='word_1_313' title='bbox 475 3635 504 3684; x_wconf 94' lang='lat'><strong>0.</strong></span> <span class='ocrx_word' id='word_1_314' title='bbox 523 3635 602 3684; x_wconf 88' lang='lat' dir='ltr'><strong>tahn:</strong></span> <span class='ocrx_word' id='word_1_315' title='bbox 619 3635 739 3685; x_wconf 68' lang='lat' dir='ltr'><strong>mucce</strong></span> <span class='ocrx_word' id='word_1_316' title='bbox 751 3635 804 3683; x_wconf 80' lang='grc'><strong>0044</strong></span> <span class='ocrx_word' id='word_1_317' title='bbox 838 3634 890 3686; x_wconf 80' lang='grc' dir='ltr'><strong>τοῦ</strong></span> <span class='ocrx_word' id='word_1_318' title='bbox 902 3634 984 3686; x_wconf 77' lang='grc' dir='ltr'><em>οἴνου</em></span> <span class='ocrx_word' id='word_1_319' title='bbox 996 3632 1139 3706; x_wconf 54' lang='lat' dir='ltr'><strong>oporto&amp;</strong></span> <span class='ocrx_word' id='word_1_320' title='bbox 1153 3629 1172 3701; x_wconf 82' lang='grc' dir='ltr'><em>ἦ</em></span> <span class='ocrx_word' id='word_1_321' title='bbox 1185 3629 1282 3700; x_wconf 81' lang='grc' dir='ltr'><strong>ψυχή.</strong></span> <span class='ocrx_word' id='word_1_322' title='bbox 1296 3635 1365 3686; x_wconf 89' lang='lat' dir='ltr'><strong>ibid.</strong></span> 
     </span>
    </p>
   </div>
   <div class='ocr_carea' id='block_1_6' title="bbox 276 3702 1434 3781">
    <p class='ocr_par' dir='ltr' id='par_1_7' title="bbox 276 3702 1434 3781">
     <span class='ocr_line' id='line_1_38' title="bbox 276 3702 1434 3781; baseline 0.002 -23"><span class='ocrx_word' id='word_1_323' title='bbox 276 3709 316 3758; x_wconf 84' lang='lat' dir='ltr'><strong>die</strong></span> <span class='ocrx_word' id='word_1_324' title='bbox 342 3709 488 3758; x_wconf 79' lang='lat' dir='ltr'><strong>Muiouden.</strong></span> <span class='ocrx_word' id='word_1_325' title='bbox 522 3709 590 3768; x_wconf 77' lang='grc'><strong>44404,</strong></span> <span class='ocrx_word' id='word_1_326' title='bbox 626 3707 697 3759; x_wconf 87' lang='grc'><strong>4844.</strong></span> <span class='ocrx_word' id='word_1_327' title='bbox 740 3710 802 3759; x_wconf 87' lang='lat' dir='ltr'><strong>Eius</strong></span> <span class='ocrx_word' id='word_1_328' title='bbox 840 3713 896 3760; x_wconf 76' lang='grc'><strong>440.</strong></span> <span class='ocrx_word' id='word_1_329' title='bbox 929 3725 962 3760; x_wconf 83' lang='lat' dir='ltr'><strong>ex</strong></span> <span class='ocrx_word' id='word_1_330' title='bbox 991 3709 1138 3761; x_wconf 84' lang='lat' dir='ltr'><strong>Heraclito:</strong></span> <span class='ocrx_word' id='word_1_331' title='bbox 1167 3702 1244 3781; x_wconf 76' lang='grc' dir='ltr'><strong>ἀνὴρ</strong></span> <span class='ocrx_word' id='word_1_332' title='bbox 1274 3703 1368 3780; x_wconf 77' lang='grc' dir='ltr'><em>ὑγρὴν</em></span> <span class='ocrx_word' id='word_1_333' title='bbox 1433 3730 1434 3741; x_wconf 52' lang='lat'>¹</span> 
     </span>
    </p>
   </div>
   <div class='ocr_carea' id='block_1_7' title="bbox 277 3779 1366 3850">
    <p class='ocr_par' dir='ltr' id='par_1_8' title="bbox 277 3779 1366 3850">
     <span class='ocr_line' id='line_1_39' title="bbox 277 3779 1366 3850; baseline 0.001 -16"><span class='ocrx_word' id='word_1_334' title='bbox 277 3783 386 3834; x_wconf 82' lang='lat' dir='ltr'><strong>exitium</strong></span> <span class='ocrx_word' id='word_1_335' title='bbox 403 3798 430 3833; x_wconf 84' lang='lat' dir='ltr'><strong>v.</strong></span> <span class='ocrx_word' id='word_1_336' title='bbox 443 3782 523 3834; x_wconf 82' lang='lat' dir='ltr'><strong>Mittin</strong></span> <span class='ocrx_word' id='word_1_337' title='bbox 536 3783 592 3834; x_wconf 85' lang='lat' dir='ltr'><strong>Gai.</strong></span> <span class='ocrx_word' id='word_1_338' title='bbox 604 3785 681 3844; x_wconf 69' lang='lat' dir='ltr'><strong>mett.</strong></span> <span class='ocrx_word' id='word_1_339' title='bbox 696 3785 723 3834; x_wconf 86' lang='lat' dir='ltr'><strong>T.</strong></span> <span class='ocrx_word' id='word_1_340' title='bbox 738 3786 800 3834; x_wconf 89' lang='lat' dir='ltr'><strong>Lttt.</strong></span> <span class='ocrx_word' id='word_1_341' title='bbox 839 3783 893 3850; x_wconf 74' lang='grc' dir='ltr'><strong>τὴν</strong></span> <span class='ocrx_word' id='word_1_342' title='bbox 909 3781 1013 3849; x_wconf 75' lang='grc' dir='ltr'>ψυχὴν</span> <span class='ocrx_word' id='word_1_343' title='bbox 1032 3779 1125 3845; x_wconf 78' lang='grc' dir='ltr'>ἔχων,</span> <span class='ocrx_word' id='word_1_344' title='bbox 1149 3784 1239 3835; x_wconf 77' lang='lat' dir='ltr'><strong>«bene</strong></span> <span class='ocrx_word' id='word_1_345' title='bbox 1255 3787 1366 3848; x_wconf 71' lang='lat' dir='ltr'><strong>potusv</strong></span> 
     </span>
    </p>
   </div>
   <div class='ocr_carea' id='block_1_8' title="bbox 309 3850 1433 3930">
    <p class='ocr_par' dir='ltr' id='par_1_9' title="bbox 309 3850 1433 3930">
     <span class='ocr_line' id='line_1_40' title="bbox 309 3850 1433 3930; baseline -0.003 -20"><span class='ocrx_word' id='word_1_346' title='bbox 309 3861 350 3910; x_wconf 87' lang='grc'><strong>46.</strong></span> <span class='ocrx_word' id='word_1_347' title='bbox 380 3862 523 3924; x_wconf 65' lang='lat' dir='ltr'><strong>cumque,</strong></span> <span class='ocrx_word' id='word_1_348' title='bbox 556 3859 710 3911; x_wconf 83' lang='lat' dir='ltr'><strong>Edouorum</strong></span> <span class='ocrx_word' id='word_1_349' title='bbox 739 3874 801 3921; x_wconf 82' lang='lat' dir='ltr'><strong>rex,</strong></span> <span class='ocrx_word' id='word_1_350' title='bbox 839 3856 1366 3930; x_wconf 70' lang='grc' dir='ltr'><strong>Εο440.Ε4.346;μέθῃδὲβρεχθείς.-</strong></span> <span class='ocrx_word' id='word_1_351' title='bbox 1432 3850 1433 3865; x_wconf 69' lang='grc'>’</span> 
     </span>
    </p>
   </div>
   <div class='ocr_carea' id='block_1_9' title="bbox 276 3932 1368 4220">
    <p class='ocr_par' dir='ltr' id='par_1_10' title="bbox 276 3932 1368 4220">
     <span class='ocr_line' id='line_1_41' title="bbox 276 3932 1366 4000; baseline -0.005 -13"><span class='ocrx_word' id='word_1_352' title='bbox 276 3934 312 3987; x_wconf 83' lang='grc'><strong>04)</strong></span> <span class='ocrx_word' id='word_1_353' title='bbox 336 3933 426 4000; x_wconf 88' lang='lat' dir='ltr'><strong>putsas</strong></span> <span class='ocrx_word' id='word_1_354' title='bbox 448 3947 511 3986; x_wconf 87' lang='lat' dir='ltr'><strong>cum</strong></span> <span class='ocrx_word' id='word_1_355' title='bbox 532 3933 629 3986; x_wconf 86' lang='lat' dir='ltr'><strong>Libero</strong></span> <span class='ocrx_word' id='word_1_356' title='bbox 651 3935 802 3986; x_wconf 79' lang='lat' dir='ltr'><strong>Boeotiasa</strong></span> <span class='ocrx_word' id='word_1_357' title='bbox 839 3933 945 3996; x_wconf 72' lang='lat' dir='ltr'><strong>coerces]</strong></span> <span class='ocrx_word' id='word_1_358' title='bbox 957 3933 997 3982; x_wconf 80' lang='lat' dir='ltr'><strong>Ad</strong></span> <span class='ocrx_word' id='word_1_359' title='bbox 1006 3947 1031 3982; x_wconf 85' lang='lat' dir='ltr'><strong>v.</strong></span> <span class='ocrx_word' id='word_1_360' title='bbox 1043 3947 1121 3984; x_wconf 92' lang='lat' dir='ltr'><strong>usum</strong></span> <span class='ocrx_word' id='word_1_361' title='bbox 1131 3932 1177 3983; x_wconf 84' lang='lat' dir='ltr'><strong>cir.</strong></span> <span class='ocrx_word' id='word_1_362' title='bbox 1186 3933 1330 3984; x_wconf 73' lang='lat' dir='ltr'><strong>Ovidttet.</strong></span> <span class='ocrx_word' id='word_1_363' title='bbox 1344 3937 1366 3989; x_wconf 89' lang='grc'><strong>4,</strong></span> 
     </span>
     <span class='ocr_line' id='line_1_42' title="bbox 276 4007 1368 4070; baseline -0.002 -12"><span class='ocrx_word' id='word_1_364' title='bbox 276 4011 339 4059; x_wconf 92' lang='lat' dir='ltr'><strong>love</strong></span> <span class='ocrx_word' id='word_1_365' title='bbox 365 4011 537 4069; x_wconf 83' lang='lat' dir='ltr'><strong>excaecatus,</strong></span> <span class='ocrx_word' id='word_1_366' title='bbox 569 4007 643 4058; x_wconf 92' lang='lat' dir='ltr'><strong>ttiad.</strong></span> <span class='ocrx_word' id='word_1_367' title='bbox 670 4012 697 4070; x_wconf 86' lang='grc' dir='ltr'><strong>ζ,</strong></span> <span class='ocrx_word' id='word_1_368' title='bbox 728 4009 801 4068; x_wconf 84' lang='grc'><strong>430.;</strong></span> <span class='ocrx_word' id='word_1_369' title='bbox 839 4008 903 4059; x_wconf 78' lang='lat' dir='ltr'><strong>tn:</strong></span> <span class='ocrx_word' id='word_1_370' title='bbox 926 4008 991 4057; x_wconf 82' lang='lat' dir='ltr'><strong>Vitta</strong></span> <span class='ocrx_word' id='word_1_371' title='bbox 1007 4008 1136 4058; x_wconf 68' lang='lat' dir='ltr'><strong>coercebat</strong></span> <span class='ocrx_word' id='word_1_372' title='bbox 1147 4008 1368 4070; x_wconf 75' lang='lat' dir='ltr'><strong>positoesioetepe</strong></span> 
     </span>
     <span class='ocr_line' id='line_1_43' title="bbox 278 4081 1367 4144; baseline -0.002 -12"><span class='ocrx_word' id='word_1_373' title='bbox 278 4083 307 4132; x_wconf 90' lang='lat' dir='ltr'><strong>ut</strong></span> <span class='ocrx_word' id='word_1_374' title='bbox 329 4081 371 4133; x_wconf 81' lang='lat' dir='ltr'><strong>atii</strong></span> <span class='ocrx_word' id='word_1_375' title='bbox 393 4084 493 4144; x_wconf 87' lang='lat' dir='ltr'><strong>terunt,</strong></span> <span class='ocrx_word' id='word_1_376' title='bbox 520 4082 555 4133; x_wconf 90' lang='lat' dir='ltr'><strong>oh</strong></span> <span class='ocrx_word' id='word_1_377' title='bbox 578 4084 644 4133; x_wconf 88' lang='lat' dir='ltr'><strong>vites</strong></span> <span class='ocrx_word' id='word_1_378' title='bbox 667 4083 802 4132; x_wconf 85' lang='lat' dir='ltr'><strong>excisasa</strong></span> <span class='ocrx_word' id='word_1_379' title='bbox 838 4081 951 4144; x_wconf 86' lang='lat' dir='ltr'><strong>cupittos.</strong></span> <span class='ocrx_word' id='word_1_380' title='bbox 969 4084 1050 4133; x_wconf 76' lang='lat' dir='ltr'><strong>timu.</strong></span> <span class='ocrx_word' id='word_1_381' title='bbox 1066 4110 1093 4118; x_wconf 87' lang='lat'><em>-</em></span> <span class='ocrx_word' id='word_1_382' title='bbox 1111 4081 1234 4132; x_wconf 77' lang='lat' dir='ltr'><strong>«Ludens</strong></span> <span class='ocrx_word' id='word_1_383' title='bbox 1248 4081 1367 4131; x_wconf 87' lang='lat' dir='ltr'><strong>crinibus</strong></span> 
     </span>
     <span class='ocr_line' id='line_1_44' title="bbox 276 4156 1366 4220; baseline 0 -15"><span class='ocrx_word' id='word_1_384' title='bbox 276 4156 382 4206; x_wconf 84' lang='lat' dir='ltr'><strong>Baccho</strong></span> <span class='ocrx_word' id='word_1_385' title='bbox 404 4159 430 4207; x_wconf 90' lang='lat' dir='ltr'><strong>in</strong></span> <span class='ocrx_word' id='word_1_386' title='bbox 452 4158 570 4208; x_wconf 89' lang='lat' dir='ltr'><strong>turorem</strong></span> <span class='ocrx_word' id='word_1_387' title='bbox 588 4158 677 4216; x_wconf 79' lang='lat' dir='ltr'><strong>actae,</strong></span> <span class='ocrx_word' id='word_1_388' title='bbox 704 4169 758 4220; x_wconf 87' lang='lat' dir='ltr'><strong>quo</strong></span> <span class='ocrx_word' id='word_1_389' title='bbox 776 4159 804 4206; x_wconf 89' lang='lat' dir='ltr'><strong>et</strong></span> <span class='ocrx_word' id='word_1_390' title='bbox 838 4157 1366 4219; x_wconf 75' lang='lat' dir='ltr'><strong>Bistonidien,t&#39;tireciemmliaccharum.</strong></span> 
     </span>
    </p>
   </div>
   <div class='ocr_carea' id='block_1_10' title="bbox 277 4229 1429 4317">
    <p class='ocr_par' dir='ltr' id='par_1_11' title="bbox 277 4229 1429 4317">
     <span class='ocr_line' id='line_1_45' title="bbox 277 4229 1429 4317; baseline 0.001 -40"><span class='ocrx_word' id='word_1_391' title='bbox 277 4229 425 4291; x_wconf 83' lang='lat' dir='ltr'><strong>Dryantem</strong></span> <span class='ocrx_word' id='word_1_392' title='bbox 445 4230 528 4282; x_wconf 87' lang='lat' dir='ltr'><strong>titium</strong></span> <span class='ocrx_word' id='word_1_393' title='bbox 549 4231 680 4282; x_wconf 85' lang='lat' dir='ltr'><strong>interiecit</strong></span> <span class='ocrx_word' id='word_1_394' title='bbox 700 4231 727 4280; x_wconf 89' lang='lat' dir='ltr'><strong>et</strong></span> <span class='ocrx_word' id='word_1_395' title='bbox 751 4230 803 4280; x_wconf 91' lang='lat' dir='ltr'><strong>sibi</strong></span> <span class='ocrx_word' id='word_1_396' title='bbox 839 4229 960 4295; x_wconf 86' lang='lat' dir='ltr'><strong>implicas</strong></span> <span class='ocrx_word' id='word_1_397' title='bbox 983 4245 1032 4296; x_wconf 88' lang='lat' dir='ltr'><strong>pro</strong></span> <span class='ocrx_word' id='word_1_398' title='bbox 1054 4231 1269 4295; x_wconf 71' lang='lat' dir='ltr'><strong>nudissimum,</strong></span> <span class='ocrx_word' id='word_1_399' title='bbox 1296 4243 1366 4295; x_wconf 80' lang='lat' dir='ltr'><strong>quae</strong></span> <span class='ocrx_word' id='word_1_400' title='bbox 1428 4286 1429 4317; x_wconf 27' lang='grc' dir='ltr'><strong>ἶ</strong></span> 
     </span>
    </p>
   </div>
   <div class='ocr_carea' id='block_1_11' title="bbox 0 0 1473 4884">
    <p class='ocr_par' dir='ltr' id='par_1_12' title="bbox 0 0 1473 4884">
     <span class='ocr_line' id='line_1_46' title="bbox 0 0 1473 4884; baseline 0 0"><span class='ocrx_word' id='word_1_401' title='bbox 0 0 1473 4884; x_wconf 95' lang='lat' dir='ltr'><strong> </strong></span> 
     </span>
    </p>
   </div>
  </div>
 </body>
</html>
