2934 4884
512 351 614 401 linita.
650 351 748 403 cnuti.
768 353 797 402 v.

325 507 450 572 Pavore
473 525 604 571 somnos
627 504 780 574 auferam.

286 627 347 692 Vos
362 626 455 692 turba
474 627 603 693 vicatim
618 625 691 693 binc
709 637 743 694 et
757 627 831 694 hinc
848 629 934 694 saxis
951 639 1064 718 petens

325 745 507 814 Contundet
530 748 712 814 obscoenas
735 769 838 827 anus3

282 867 358 932 Post
380 867 541 956 insepulta
562 868 713 938 membra
735 869 885 938 different
906 871 972 959 lupi
1166 947 1170 956 ‚

328 989 367 1054 lit
387 990 573 1076 Esquilinae
594 991 703 1069 alites;
1139 994 1201 1058 t00

280 1111 393 1198 Neque
414 1110 477 1177 hoc
498 1121 649 1199 parentes
670 1111 735 1178 heu
757 1111 834 1180 mihi
857 1113 1048 1200 superstites

326 1229 480 1318 Effugerit
500 1233 730 1320 spectaculum.

143 1409 220 1546 ⁸¹38(
239 1408 381 1544 Constcupdat
396 1409 514 1461 οὸωθηω
523 1410 553 1460 Β.
569 1438 596 1447 -
617 1411 672 1462 too.
690 1410 845 1473 Esquilinas
862 1412 887 1461 l·'.
904 1437 931 1450 ·-
950 1412 1007 1462 tot.
1028 1413 1167 1477 Emporion

212 1495 265 1533 uon
327 1522 333 1532 .

109 1647 192 1691 sonam
206 1642 357 1704 aeneaque
369 1647 475 1704 pectora
488 1641 637 1704 poenislm·
673 1642 816 1701 tiroururs.
848 1643 946 1693 Contra
965 1645 1054 1695 nostra
1067 1644 1199 1708 scriptura

108 1716 422 1778 plicatetoariomeritos
436 1716 638 1778 formidinepul-
675 1719 716 1765 est
736 1717 762 1765 in
781 1717 864 1767 Fastis
881 1715 991 1781 Capitol.
1011 1718 1054 1768 ed.
1073 1719 1162 1768 Baiter
1171 1732 1197 1783 p.

109 1794 176 1838 sont.
198 1817 225 1825 -
247 1790 495 1854 inquietionem]
518 1793 636 1841 aterrore
674 1803 753 1839 cour,
791 1791 917 1840 Ceterum
935 1794 997 1843 nota
1014 1793 1128 1855 hiatum,
1147 1791 1201 1842 eol-

109 1861 303 1927 palpitantibus
316 1865 459 1914 inhaerens
477 1865 639 1928 eaqueassi-
673 1860 725 1912 lato
742 1863 862 1914 Bentleio
880 1864 913 1912 ad
931 1865 978 1914 Od.
992 1865 1022 1926 3,
1043 1864 1086 1926 il.
1106 1868 1146 1917 it.
1170 1869 1200 1916 in

109 1937 164 1987 due
182 1950 297 1998 vexans,
324 1940 354 1987 ut
369 1937 511 1988 incubus.»
539 1967 566 1974 -
596 1939 637 1987 oi-
674 1936 781 1986 nomine
801 1938 909 2000 proprio
927 1939 1016 1988 minus
1033 1937 1143 1990 licenter
1154 1953 1201 1990 ne·

109 2011 196 2075 caten]
216 2025 281 2075 «per
297 2025 392 2062 omnes
408 2011 484 2062 urbis
502 2013 574 2063 vicos
596 2013 637 2062 in·
673 2008 753 2072 glexit
775 2008 913 2061 elisionem
936 2025 1017 2074 quam
1035 2012 1082 2062 0d.
1102 2013 1132 2073 t,
1150 2013 1198 2074 28,

109 2088 204 2136 secuta
221 2083 353 2148 lapidibus
370 2099 418 2136 vos
435 2086 557 2136 obruet.»
587 2088 637 2136 La·
672 2082 714 2133 at.
733 2084 760 2133 iu
778 2097 820 2134 vv.
840 2085 918 2144 copiti
934 2085 1070 2135 inhumato.
1102 2086 1199 2149 (Ratio-

108 2159 321 2230 pidationumlin
339 2159 396 2208 toro
408 2160 479 2210 baud
490 2173 551 2209 raro
563 2173 638 2210 men-
673 2169 736 2206 nem
757 2155 897 2207 elisionum
915 2159 1115 2208 timotianorum
1130 2161 1199 2224 opti-

108 2235 146 2283 tio
163 2233 195 2282 lit
215 2231 286 2296 apud
308 2233 474 2282 Ciceronem.
497 2261 523 2268 -
541 2234 598 2282 bine
614 2240 638 2283 et
672 2243 716 2280 me
727 2229 903 2294 explicavitL.
914 2233 980 2296 Jeep
991 2233 1016 2282 in
1025 2231 1113 2283 libello
1123 2234 1200 2284 sebo-

108 2307 176 2370 biae]
200 2306 254 2357 Cir.
277 2306 354 2356 Hand
376 2308 453 2357 Tura.
476 2309 635 2371 111.p.87.,
673 2302 941 2369 lastieoGuelpberb.
957 2306 1040 2369 tsstt.)
1066 2335 1092 2343 -
1120 2308 1200 2370 uiua]

110 2383 158 2445 qui
177 2381 344 2430 demonstrat
355 2381 476 2430 usitatius
488 2382 558 2445 apud
570 2387 637 2446 poe-
674 2379 839 2442 «accipitres,
857 2377 985 2440 roburea,
998 2379 1087 2441 milvi,
1106 2381 1151 2444 qui
1163 2381 1200 2432 ibi

109 2459 151 2506 tas
174 2455 258 2505 tuisse
279 2455 338 2504 bine
353 2459 428 2514 atoue
444 2456 513 2512 bium
541 2456 598 2505 bine
614 2460 638 2505 at
673 2465 814 2502 servorum
831 2455 857 2503 et
869 2451 1052 2504 maleficorum
1070 2452 1199 2518 supplicio

108 2531 167 2578 triac
184 2528 262 2577 atiert
283 2542 314 2578 ex
336 2527 453 2579 Martiale
472 2530 518 2589 to,
544 2529 585 2578 83.
607 2557 634 2565 -
673 2527 831 2577 attentorum
862 2527 993 2577 cadavera
1027 2527 1199 2592 semisepulta

109 2603 256 2666 mecoenas]
284 2602 498 2652 «abominandas
525 2606 637 2667 propter
674 2601 829 2650 devorant.»
848 2600 900 2651 Cir.
920 2601 973 2650 Sat.
987 2600 1054 2660 i,8,
1068 2601 1154 2664 8sqq.
1171 2629 1198 2640 -

109 2677 213 2729 illicitas
230 2678 302 2727 artes
320 2677 454 2738 magicas,
474 2689 541 2739 quas
558 2689 637 2726 erer—
673 2673 733 2737 beu]
768 2677 848 2738 iunge
873 2675 921 2724 beu
952 2675 1092 2737 superstites
1124 2675 1198 2735 milri,

109 2753 216 2807 ceusu
243 2748 375 2813 simulque
403 2750 574 2813 cogitandum
602 2750 636 2800 de
674 2753 786 2810 non,ut
796 2748 850 2799 volt
862 2749 947 2800 Hand.
961 2751 1035 2800 Tura.
1049 2749 1091 2799 111.
1104 2761 1131 2813 p.
1145 2749 1198 2809 69„

110 2826 191 2876 ioedo
213 2824 309 2874 barum
325 2822 475 2874 vetularum
492 2837 539 2873 ore
556 2827 637 2888 atque
673 2823 721 2872 beu
741 2824 809 2872 miii.
831 2851 859 2860 —
882 2823 1007 2888 prperit
1022 2823 1200 2885 manasen]

108 2899 214 2950 babitu.
250 2899 292 2947 Sic
311 2899 402 2948 Furiae
425 2897 549 2948 tribuitur
568 2899 640 2962 frons
675 2897 742 2946 «boc
764 2896 859 2947 saltem
881 2898 975 2949 solutio
998 2897 1099 2948 luctum
1121 2911 1200 2950 suum

109 2976 233 3025 obscoeno
256 2971 328 3036 apud
351 2972 421 3033 virg.
440 2974 505 3021 Aen.
524 2973 555 3030 t,
579 2971 636 3022 itt.
674 2968 773 3019 lenient
790 2973 870 3033 atque
888 2972 1065 3023 allevabunt.»
1080 2999 1107 3008 -
1122 2975 1200 3022 Sum·

144 3048 250 3097 setus.
274 3045 403 3109 different]
422 3045 637 3106 «dilacerabant,
675 3055 718 3091 ma
731 3055 793 3092 eum
806 3047 863 3092 arte
874 3045 991 3095 incertos
1003 3059 1051 3095 noa
1067 3046 1200 3096 dimittere

110 3124 268 3184 discerpent
294 3133 326 3169 ac
352 3119 544 3183 dissipabunt·
584 3120 637 3170 Cir.
674 3115 781 3165 videtur
809 3118 905 3179 poe'ta,
935 3120 1024 3166 utrum
1050 3118 1201 3181 diffugerint

110 3194 197 3260 Epod.
216 3195 261 3255 to,
280 3195 309 3244 6:
328 3194 480 3255 Fructosque
496 3194 639 3256 remosdtf-
675 3203 755 3254 sagae
772 3193 833 3253 post
849 3191 925 3253 pueri
941 3190 1024 3251 diras,
1051 3205 1085 3240 an
1102 3193 1201 3243 erude-

108 3273 186 3335 [ενοι.
210 3271 268 3319 iam
293 3268 393 3318 Ennius
417 3268 444 3318 in
467 3268 640 3318 Andromeda
675 3263 735 3314 liter
752 3266 863 3314 necatus
879 3265 927 3322 sit;
945 3265 1132 3314 vemmtamen
1149 3266 1201 3315 boo

109 3357 173 3408 pag.
184 3342 225 3392 37.
238 3342 321 3392 Boibe
334 3344 361 3391 P.
372 3343 464 3392 Scen:
483 3343 541 3392 Alto
550 3344 641 3406 fluetus
676 3339 764 3402 ipsum
790 3339 854 3388 satis
880 3336 949 3388 clare
974 3337 1112 3400 significat.
1146 3340 1201 3389 De·

110 3419 209 3481 differt,
229 3417 341 3478 donarat
361 3415 506 3464 visceratim
517 3415 637 3465 membro.
676 3413 785 3476 scriptio
809 3414 899 3461 autem
923 3412 996 3461 neeis
1018 3412 1099 3476 ipsius
1122 3411 1201 3462 nimis

112 3490 196 3542 Plaut.
216 3492 294 3540 Cure.
313 3488 343 3549 i,
363 3487 392 3550 l,
410 3489 457 3539 20:
476 3489 530 3538 mm
545 3503 591 3553 epo
610 3489 640 3538 Te
676 3487 780 3549 ingrata
793 3499 824 3535 ao
837 3484 914 3535 ioeda
932 3484 1036 3546 luisset,
1055 3487 1084 3534 ut
1101 3487 1123 3535 si
1136 3499 1201 3548 pue-

110 3565 220 3628 (maor,
245 3569 273 3612 ot
289 3564 328 3612 bie
347 3563 469 3626 semeae
484 3563 640 3626 (notdtotim
676 3575 718 3612 ros
733 3574 821 3611 eoram
839 3561 931 3623 popolo
947 3561 1036 3612 Medea
1052 3561 1199 3618 tnaeidorea

112 3639 250 3702 differant!
275 3663 303 3674 -
325 3636 479 3701 Esquilinae]
504 3639 533 3686 ln
557 3637 640 3686 Fastis
677 3637 757 3699 atque
776 3635 909 3685 comicum
926 3635 1005 3685 totius
1023 3634 1147 3685 carminis
1158 3647 1202 3683 co-

112 3713 199 3762 verrii
226 3709 311 3761 Flacci
339 3723 366 3774 p.
392 3713 434 3761 at.
461 3710 587 3761 scribitur
613 3721 640 3760 m
677 3708 762 3760 iorem
780 3709 960 3760 obscurasset.
