2934 4884
487 366 546 415 ΗΒ.
566 366 607 415 ΙΙΙ.
643 366 673 415 C.
692 366 758 415 viii.

257 522 342 587 blittc
365 520 476 587 civiles
498 540 597 607 super
619 520 700 586 urbe
722 542 834 587 curas:

258 642 386 709 Occidit
405 642 484 707 Daci
508 641 668 707 Cotisonis
692 663 828 729 agmen,

256 763 370 830 Medus
392 763 527 829 infestus
548 763 610 829 sibi
634 762 793 829 luctuosis

429 883 572 950 Dissidet
594 884 711 959 armiS,

150 1046 187 1095 ll.
206 1046 287 1095 ciuilis
303 1046 331 1095 Β.
354 1072 381 1081 -
401 1045 441 1094 ts.
461 1045 630 1095 «Torrentius
647 1048 781 1095 memorat
797 1043 880 1095 niulto
898 1044 989 1110 plures
1006 1050 1033 1096 et
1049 1047 1141 1098 melio-

117 1133 160 1169 res
176 1133 208 1168 ex
225 1121 281 1169 suis
299 1118 400 1168 bebere
419 1120 564 1179 culmontis,
593 1118 665 1181 quod
682 1119 724 1167 vix
744 1118 872 1168 credibile
899 1122 966 1170 est.»
995 1122 1086 1170 Burro.
1109 1149 1136 1159 -

117 1194 157 1242 lii.
185 1195 279 1256 infestis
303 1194 349 1241 sibi
375 1194 491 1242 luctuosis
517 1194 571 1257 (sic)
591 1195 627 1253 Τ,
657 1193 752 1256 inlutis
776 1193 822 1242 eibi
846 1194 973 1244 luctuosae
989 1208 1051 1245 rum
1070 1197 1135 1246 Cod.

117 1266 230 1318 Galeano
249 1267 335 1331 (nobis
352 1265 380 1332 ξ)
398 1269 427 1317 N.
448 1268 546 1318 Heinsii
565 1268 633 1317 coni.
652 1266 775 1317 firmante
793 1267 935 1319 Bentleius.

87 1398 126 1455 te,
147 1398 206 1447 teo:
238 1398 292 1447 lom
317 1397 608 1461 conmmeatum.)
646 1398 856 1457 resintcstinas,
871 1398 1172 1451 mombadministraa-

85 1472 123 1520 Sic
150 1472 221 1521 enini
244 1470 315 1521 malo
341 1472 509 1534 interpretari
527 1483 608 1533 quam
647 1469 712 1527 das;
731 1468 889 1521 militaribus
906 1473 1065 1535 providebat
1084 1477 1172 1538 Augu·

84 1558 143 1595 enm
169 1544 331 1597 Forcollino:
359 1546 415 1595 «ad
432 1558 499 1609 quas
515 1542 608 1609 vigila-
646 1546 702 1595 stus
720 1558 782 1595 cum
800 1547 922 1610 Agrippa.

86 1618 154 1676 iura·
182 1622 233 1671 etsi
261 1622 314 1670 boo
338 1622 425 1685 ipsum
451 1634 485 1671 ex
514 1633 608 1670 samm
679 1618 718 1669 48.
747 1620 842 1669 Occidit
860 1621 928 1685 eet]
949 1624 1035 1672 «Nam
1061 1626 1168 1686 omnia,

84 1708 128 1757 per
146 1698 253 1745 noctem
270 1696 422 1745 continuato
434 1694 530 1745 ardore
542 1707 608 1745 con-
645 1704 714 1755 quae
732 1693 843 1743 adrem
865 1694 1001 1758 publicam
1026 1700 1167 1760 pertinent,

86 1771 211 1831 sequitur.
644 1766 697 1815 iam
708 1764 776 1817 laeta
794 1770 856 1818 sunt
872 1772 900 1818 et
916 1770 1000 1820 lausia
1018 1774 1169 1824 Romanis.»

110 1844 149 1892 to.
159 1844 439 1907 Clamorclirolainter
447 1856 505 1905 nos,
514 1844 605 1907 utpote
645 1864 673 1876 -
697 1842 778 1905 Daci]
804 1844 883 1904 Daci,
912 1847 958 1908 qui
983 1847 1050 1898 fines
1072 1851 1170 1899 itoma-

84 1916 122 1967 dic
139 1918 222 1978 iesto,
243 1929 324 1981 quem
343 1919 369 1968 in
381 1919 512 1971 bonorem
523 1917 606 1967 deum
643 1926 693 1965 nos
713 1917 845 1967 continuis
864 1919 1059 1971 incursionibus
1081 1936 1169 1987 popu-

84 1990 246 2043 celebrstum
258 1990 318 2041 talia
336 1992 489 2057 proludant,
508 2004 606 2055 quem·
643 1987 768 2041 labuntur
786 1990 855 2041 duca
877 2005 940 2055 rege
963 1995 1083 2057 ipsorum
1101 1999 1168 2047 coci.

84 2079 130 2129 que
142 2068 267 2130 potantes
278 2078 329 2129 per
339 2079 473 2117 summam
485 2067 604 2129 quietem
642 2076 716 2125 sono,
746 2067 859 2115 Antonio
881 2070 973 2117 eontra
996 2071 1168 2121 Octavianum

84 2142 281 2204 transigemus.»
303 2140 604 2203 Horatiussmicoquasi
642 2150 753 2201 oporam
771 2152 849 2189 suam
865 2138 986 2204 polliciti,
1009 2156 1105 2206 pamm
1127 2148 1168 2194 ta·

83 2216 189 2277 spondet
205 2214 280 2264 alors
292 2214 327 2264 ab
342 2215 393 2265 bac
405 2216 602 2279 compotatione
642 2224 704 2261 men
730 2211 826 2261 auxilio
851 2213 971 2273 luerunt,
1005 2220 1066 2280 post
1090 2232 1105 2265 a
1131 2220 1165 2269 ii.

83 2287 266 2339 altercationes
285 2292 312 2338 et
329 2289 424 2352 iurgia,
448 2302 518 2352 quae
535 2290 604 2338 inter
642 2288 739 2337 Crasso
756 2299 780 2336 a.
799 2299 825 2337 u.
844 2288 902 2339 rii.
933 2290 989 2352 (Dio
1001 2291 1028 2341 tt
1041 2330 1047 2350 ,
1060 2292 1101 2349 23,
1115 2294 1166 2353 25.)

84 2363 149 2413 bene
162 2366 243 2428 potos
258 2364 332 2414 nasci
341 2362 435 2415 solent.
456 2363 532 2425 Quod
543 2376 604 2427 pro-
641 2362 793 2425 iterumque
827 2376 842 2411 a
875 2363 1000 2426 Lentulo,
1035 2366 1166 2416 incertum

83 2439 188 2489 missum
212 2450 275 2487 cum
304 2437 448 2487 abhorreat
469 2452 485 2489 a
506 2438 603 2487 nostris
641 2448 793 2499 quounno,
813 2438 938 2501 repressi.
964 2438 1166 2491 lloclocosane

84 2513 209 2572 moribus,
224 2510 267 2561 ulii
279 2511 355 2562 aliter
367 2512 531 2575 interpretati
542 2514 604 2561 sunt
640 2510 810 2573 cogitandum
847 2511 881 2561 de
918 2513 1007 2563 Crassi
1043 2516 1163 2565 victoria.

83 2588 305 2639 accommodatius
326 2587 361 2637 ad
381 2588 449 2639 baec
471 2590 601 2650 tempora,
641 2586 741 2639 Frenke
759 2586 786 2635 F.
806 2587 836 2636 H.
856 2599 883 2649 p.
903 2587 959 2635 455.
978 2591 1006 2636 et
1023 2588 1079 2639 l58.
1104 2590 1166 2639 We-

83 2662 124 2711 sed
139 2674 238 2726 parum
255 2663 446 2712 convenienter
461 2661 496 2712 ad
507 2664 601 2725 poetae
640 2658 691 2709 ber
706 2661 793 2709 Horas
809 2673 836 2725 p.
850 2660 918 2721 itu,
937 2663 982 2724 qui
1001 2663 1049 2713 Cn.
1065 2665 1165 2713 Lentuli

84 2736 171 2786 amba:
191 2738 214 2799 t)
231 2736 601 2787 «Nosnoncurabimusbeila
640 2735 837 2799 expeditionem
870 2735 953 2785 rolert
984 2736 1020 2787 ad
1052 2753 1077 2787 a.
1106 2739 1163 2788 736.

84 2814 105 2859 et
119 2824 222 2874 pugnes
240 2823 290 2861 nec
301 2811 544 2862 sermocinabimur
560 2813 602 2862 in-
639 2808 715 2858 Estre
734 2811 796 2859 Hor.
815 2812 857 2860 Pr.
875 2823 902 2873 p.
921 2811 978 2861 228.
1014 2814 1085 2862 suet.
1108 2814 1164 2862 oct.

82 2888 117 2935 ter
132 2888 193 2935 vina
211 2885 247 2935 dc
264 2886 376 2951 strepitu
394 2888 422 2935 et
443 2886 531 2936 lurore
551 2900 602 2950 pu·
638 2883 916 2945 et.r10r.t,ie,te.
936 2888 1062 2936 Getarum
1073 2898 1166 2949 regem

83 2962 239 3020 suentium·
282 2959 306 3023 2)
333 2961 386 3009 «Nc
413 2959 522 3011 clientes
549 2960 600 3021 tui,
639 2958 793 3008 Cotisonem
813 2961 893 3008 vocet
908 2960 1016 3010 Sueton.
1044 2962 1100 3011 Oct.
1120 2962 1160 3011 63.

82 3046 188 3095 quornm
216 3048 294 3085 mens
319 3038 361 3084 est
383 3034 409 3085 in
431 3033 546 3099 querelis
569 3046 601 3083 ac
638 3033 759 3081 Etenim:
778 3032 844 3082 otios
855 3034 947 3093 Getae,
967 3035 1031 3083 Daci
1046 3036 1164 3085 lioneouis

82 3104 163 3159 litibus
181 3109 252 3169 suis,
271 3108 322 3158 boc
340 3107 435 3171 geniali
453 3109 495 3158 die
515 3110 540 3157 te
558 3120 602 3157 oc·
638 3108 705 3157 dicti.
719 3105 783 3157 Plln.
797 3106 828 3155 Η.
838 3109 868 3156 N.
882 3107 912 3168 i,
926 3110 966 3157 25.
982 3136 1009 3145 -
1030 3110 1163 3173 &ibunici

83 3186 200 3245 eupolum
234 3184 341 3232 teneant
371 3182 488 3245 mihique
515 3182 602 3231 dene·
639 3183 694 3231 Hac
711 3180 810 3240 torma,
829 3194 883 3231 non
904 3182 1034 3231 Cotbootis
1050 3184 1164 3244 (Codd.‘i

82 3260 161 3316 gent.»
187 3256 239 3319 (Sic
259 3256 424 3306 bledenbacb
440 3256 557 3307 Wakker
576 3258 603 3306 et
638 3256 787 3318 Torrentii),
803 3256 886 3304 utitur
897 3256 976 3305 etiam
989 3257 1062 3305 Suet.
1075 3258 1132 3307 Oct.
1145 3257 1162 3308 l.

83 3330 197 3392 liiblrer.)
638 3329 669 3380 l.:
691 3330 804 3379 Primum
823 3342 880 3378 eum
902 3329 1092 3391 (Octavianum)
1111 3330 1165 3380 An·
1196 3384 1201 3391 ,

109 3406 145 3454 l'i.
164 3416 241 3467 asper
251 3404 321 3467 urbe]
339 3404 465 3467 quoniam
485 3416 602 3469 praepo·
638 3405 705 3454 tonio
720 3404 773 3468 pllio
786 3416 831 3452 suo
843 3404 872 3466 (s.
885 3401 998 3466 Antyllo)
1011 3404 1165 3465 despondisse

81 3480 138 3529 situs
149 3480 212 3529 urbi
225 3482 293 3539 erut,
308 3478 418 3529 absente
432 3480 459 3527 ei
471 3480 601 3542 occupato
638 3480 740 3540 lulium,
759 3478 815 3527 doio
827 3477 948 3537 Cotboni,
967 3477 1089 3527 Gotones
1098 3480 1161 3542 rupi.

82 3553 219 3604 inoriente
237 3554 363 3615 Augusto.
387 3552 467 3602 Tacit.
487 3556 554 3602 Ann.
575 3552 599 3615 6,
639 3552 730 3603 Florus
749 3552 766 3602 l.
787 3552 820 3601 l.:
847 3552 913 3601 Doti
936 3552 1060 3601 montlieu
1076 3553 1165 3603 iubos·

82 3627 118 3675 tl:
146 3628 276 3692 sopiam
293 3626 361 3676 bellis
376 3626 488 3676 civilibus
511 3626 600 3689 (etiam
637 3632 707 3688 rent,
725 3626 846 3676 Cotisonis
856 3627 924 3689 repis
933 3626 1047 3687 imperio.
1069 3628 1161 3676 Bsnrs.

80 3706 180 3763 postea,
199 3700 246 3751 ubi
258 3699 458 3765 proculaberat
473 3699 507 3749 ab
524 3700 599 3764 urbe)
672 3703 711 3752 ⁴9.
738 3701 837 3766 Medus]
861 3701 978 3762 «Parthi,
1009 3703 1163 3766 sempiterni

81 3773 180 3826 tibiura
206 3777 390 3837 Maocoialem,
418 3775 537 3835 equestris
557 3788 600 3823 or·
638 3776 741 3840 imperii
752 3777 863 3825 Romani
875 3776 975 3834 hostes,
988 3777 1058 3826 inter
1069 3778 1165 3825 Phraa-

80 3846 147 3910 dbis,
177 3850 274 3900 cunctis
298 3851 367 3912 opud
393 3851 498 3899 Romam
526 3852 601 3910 utque
637 3852 670 3901 tis
687 3850 758 3913 regis
776 3852 803 3899 et
819 3849 941 3900 Tiridatis
958 3849 1057 3900 exsulis
1073 3852 1163 3912 partes

80 3922 174 3975 ltaliam
186 3924 385 3987 praeposuit.
402 3950 429 3960 -
448 3926 541 3987 Praep.
557 3936 600 3971 ru-
637 3926 768 3975 lniestinis
785 3938 856 3974 nunc
868 3924 1009 3974 discordiis
1021 3925 1161 3986 agitantur,

78 4000 166 4055 persio
177 4001 231 4048 iam
244 3998 314 4061 apud
327 3996 409 4047 Plaut.
423 3998 519 4048 Bacch.
535 3997 598 4047 toi:
637 3998 705 4049 adeo
731 4000 761 4048 ut
785 3999 880 4058 armis,
915 4010 985 4061 quae
1014 3996 1162 4045 contrariae

80 4071 139 4127 Orc
148 4074 270 4137 factumi
286 4074 413 4123 mandatis
428 4072 525 4135 sopor?
542 4074 596 4122 Cic.
637 4074 766 4124 lectiones
783 4074 972 4135 sumpserunt,
990 4069 1098 4121 sibimet
1112 4071 1162 4135 ipsi

80 4145 109 4194 ad
125 4150 176 4199 stt.
196 4147 241 4209 tl,
260 4148 307 4197 ii:
326 4160 401 4210 uapor
416 4148 546 4211 lopotiouc
569 4172 595 4181 -—
637 4147 727 4197 clades
745 4144 840 4196 illaturi
862 4146 939 4195 sint»
974 4143 1079 4195 Scilicet
1095 4146 1162 4195 Tiri·

79 4221 157 4271 duitas
178 4225 268 4272 autern
290 4236 367 4273 caeos
388 4223 538 4273 relemntur
563 4220 598 4270 ad
637 4222 726 4281 dates,
746 4222 791 4284 qui
808 4222 900 4270 contra
917 4220 1058 4270 Phraatem
1075 4220 1164 4270 insur-
