2934 4884
647 394 775 443 nonani
794 392 962 442 cinninuit

436 550 591 615 barbaras
615 550 745 636 Syrtes,
769 547 824 611 ubi
848 548 957 611 llaura
980 566 1110 631 semper

562 674 693 734 Aestuat
713 666 815 743 unda,

433 828 531 893 Tibur
551 830 656 913 Argeo
679 826 818 912 positum
840 823 956 890 colono

434 949 481 1013 Sit
501 968 594 1013 meae
617 946 714 1011 sedes
737 944 858 1010 utinam
880 954 1048 1019 senectae,

435 1069 482 1131 Sit
503 1066 619 1132 modus
641 1066 727 1131 lasso
751 1066 848 1131 maris
871 1064 1048 1130 civianum

557 1186 767 1273 Militiaequel

327 1389 350 1437 s.
370 1388 444 1447 urio
460 1387 527 1436 nsr.

261 1565 350 1612 stricto
366 1565 401 1611 od
417 1576 459 1613 eos
475 1575 551 1610 ormo
567 1560 695 1610 transtulit
701 1572 786 1621 popu-
822 1558 922 1621 optime
940 1556 1102 1621 explicatur,
1123 1556 1208 1621 quod,
1227 1559 1350 1620 quando·

261 1639 361 1697 tumque
383 1636 521 1685 barbarian
537 1648 569 1683 oc
590 1635 673 1697 senon
693 1632 786 1695 legibm
822 1644 928 1693 cunque
958 1632 981 1680 ei
1010 1629 1147 1695 placebat,
1182 1631 1217 1681 ibi
1246 1632 1349 1695 degere

261 1711 295 1760 od
315 1710 445 1759 οιιᾱίονοηι
465 1711 533 1757 titos
553 1721 626 1757 ιιιιιιιι
642 1708 786 1755 traductum
822 1708 928 1767 poterat
949 1705 976 1755 in
997 1704 1056 1755 villa
1081 1704 1167 1768 aliqua
1185 1707 1350 1757 Maecenatis

260 1784 408 1847 iosmmom
420 1782 568 1845 procinctos
578 1781 680 1843 redegit.
709 1780 786 1842 [Can-
821 1778 863 1828 vel
880 1778 1051 1839 aliusamici,
1071 1780 1116 1842 qui
1129 1778 1307 1830 diversorium
1320 1779 1351 1829 ll-

259 1858 400 1907 tabrorum
416 1870 474 1919 res,
499 1859 631 1919 quatenus
648 1853 683 1903 ed
699 1854 785 1903 llora-
821 1852 918 1902 benter
935 1852 959 1901 ei
970 1851 1145 1915 praebebant.
1175 1852 1223 1903 lilii
1236 1854 1351 1917 opinan-

260 1934 327 1981 tium
343 1933 477 1995 spectant,
503 1928 643 1991 diligenter
663 1927 786 1990 exposuit
821 1928 873 1986 tur,
893 1926 1030 1975 Horatium
1042 1925 1139 1976 Tibure
1157 1926 1283 1977 babuisse
1297 1930 1351 1977 ba-

260 2006 336 2056 Estrd
353 2006 415 2054 llor.
434 2006 476 2054 Pr.
495 2016 523 2067 p.
537 2002 593 2053 440.
607 2002 707 2051 Eorum
718 2004 787 2051 tam-
821 2000 980 2049 bitatlonem
995 1999 1155 2050 conductam
1177 2000 1349 2067 (liiethtopis);

259 2092 341 2143 mam
353 2079 469 2128 bostium
481 2076 661 2140 mentiospud
673 2077 785 2126 Dionem
822 2074 895 2121 certa
916 2071 1006 2122 villam
1025 2072 1189 2125 Tiburtinam
1209 2088 1350 2139 nunquam

260 2155 307 2212 54,
326 2154 367 2202 20.
385 2154 503 2216 primum
520 2152 550 2201 tit
567 2164 591 2201 a.
610 2164 636 2200 ιι.
655 2150 724 2213 iss.)
821 2145 915 2196 habuit
940 2148 1003 2209 (etsi
1028 2146 1055 2197 id
1080 2148 1160 2199 tradit
1185 2152 1263 2199 vetus
1289 2152 1351 2199 eius

292 2228 315 2276 3.
336 2226 359 2277 l.
390 2226 521 2276 Borboros
545 2224 639 2286 Syrtes]
665 2224 708 2273 Sic
730 2224 784 2271 iam
821 2220 890 2269 vitae
918 2222 1032 2283 scriptor
1056 2221 1184 2286 idemque
1209 2228 1352 2273 asseverat

259 2300 316 2351 Vol.
335 2302 391 2351 Cat.
410 2302 463 2351 Dtr.
482 2298 528 2349 53:
549 2299 669 2348 Borboro
685 2298 786 2346 &cutm
820 2291 997 2343 Walclronaer
1019 2296 1038 2344 1.
1060 2308 1087 2359 p.
1112 2296 1193 2360 aio),
1217 2296 1266 2348 sed
1286 2300 1351 2347 unt-

259 2370 786 2436 toyco,sororatterosyrtu.s1mtiiter
821 2380 879 2417 otim
903 2368 1026 2419 Sabinum
1055 2370 1119 2431 (0d.
1144 2372 1172 2431 i,
1201 2372 1246 2430 48,
1274 2370 1349 2434 44.);

259 2450 330 2511 virg.
347 2451 413 2499 Aen.
432 2447 461 2507 4,
481 2447 525 2498 44;
549 2448 675 2508 totosptto
693 2446 784 2506 syrtis.
822 2443 897 2492 cuius
914 2442 1023 2505 quidem
1041 2445 1205 2494 mentionem
1225 2444 1267 2494 hic
1286 2445 1351 2495 ideo

259 2522 546 2585 Pomp.lielo2,7,t:
566 2521 785 2583 Syrtissinmim-
822 2530 875 2567 non
902 2516 976 2577 iacit,
1007 2518 1068 2581 quia
1093 2520 1204 2582 propter
1227 2520 1351 2583 poeticas

256 2600 374 2657 petuosos
397 2601 420 2645 et
441 2600 527 2644 uoco.
562 2594 626 2644 Plin.
651 2596 683 2644 H.
705 2596 736 2643 N.
756 2596 783 2655 5,
821 2592 938 2641 rationes
963 2591 1040 2654 longe
1067 2594 1236 2643 amoeniores
1258 2592 1350 2644 ltaliae

259 2667 288 2718 i:
312 2669 382 2717 dous
397 2668 508 2731 geminos
528 2668 640 2717 &mun
660 2668 784 2728 syrtium,
821 2666 944 2728 regiones
957 2666 1111 2716 describere
1123 2666 1286 2731 praestabat,
1301 2668 1350 2717 ubi

257 2743 351 2791 oodoso
378 2756 410 2791 oc
441 2742 568 2802 reciproco
601 2742 670 2791 mori
703 2742 784 2799 diros;
821 2740 920 2803 gratius
938 2741 1009 2789 esset
1026 2740 1143 2790 futurum
1161 2741 1352 2791 arnicodoml·

259 2814 339 2866 bodie
360 2816 395 2865 les
410 2816 487 2879 gotfes
508 2816 538 2864 de
555 2816 641 2876 sporo
659 2820 683 2865 st
699 2817 729 2864 de
746 2816 787 2865 Go
822 2812 924 2873 cilium,
944 2826 1024 2876 quam
1042 2815 1068 2863 in
1086 2816 1188 2879 asperis
1206 2814 1255 2865 illis
1272 2828 1353 2865 mon-

259 2889 304 2938 bt's.
329 2888 515 2951 (wolckenaer
530 2890 549 2939 l.
565 2902 593 2952 p.
606 2888 674 2951 272.)
695 2916 722 2925 -
741 2890 787 2937 Ao-
822 2887 894 2937 tibus
911 2886 1023 2937 Sabinis.
1053 2890 1139 2951 Atque
1157 2890 1278 2947 omnino,
1302 2891 1351 2953 qui

259 2962 335 3027 suot]
353 2964 379 3013 b.
399 2963 416 3014 Ι.
435 2977 489 3012 non
507 2963 541 3013 de
559 2962 660 3023 calore,
684 2961 785 3013 sedda
822 2962 848 3011 in
866 2960 993 3011 hocloco
1010 2963 1181 3023 tricatisunt,
1200 2962 1271 3012 baud
1283 2965 1353 3016 satis

261 3035 367 3087 turbido
384 3037 514 3087 fluctuum
531 3040 618 3096 motu,
641 3049 723 3100 quem
736 3036 786 3087 de·
822 3033 1006 3094 attenderunt,
1026 3037 1111 3085 totum
1128 3036 1179 3085 boc
1196 3050 1257 3086 esse
1274 3040 1354 3100 opta-

259 3110 354 3161 scribit
369 3110 496 3161 Salustius
513 3113 567 3173 lug.
586 3112 627 3161 is.
822 3111 880 3159 tum
897 3120 972 3157 mere
995 3109 1145 3172 poeticum,
1169 3110 1242 3173 quod
1263 3110 1352 3161 semel

292 3186 317 3234 o.
336 3185 425 3235 Naxus
442 3186 511 3235 inter
527 3186 666 3249 stropham
683 3187 706 3236 4.
720 3186 749 3234 et
759 3186 783 3234 2.
822 3183 965 3244 concipere
983 3184 1087 3245 poterat
1104 3184 1184 3232 etiam
1201 3182 1290 3232 Sabini
1304 3182 1353 3246 ali-

259 3260 304 3309 bic
321 3270 382 3309 osse
398 3259 517 3309 videtur:
546 3258 653 3309 «Probe
674 3258 786 3321 quidem
823 3256 898 3306 cuius
921 3268 1069 3319 possessor.
1091 3282 1119 3293 -
1138 3256 1228 3320 Argeo]
1246 3259 1351 3307 Graeca

260 3334 323 3383 novi
338 3335 365 3383 tc
378 3336 432 3383 tam
448 3334 538 3384 intima
550 3346 659 3383 mecum
670 3333 786 3382 amicitia
822 3330 907 3380 torma
923 3324 1043 3399 Ἀργείῳ.
1073 3331 1147 3381 Coni.
1173 3332 1298 3382 Priscian.
1318 3333 1350 3389 2.

260 3408 433 3458 coniunctum
454 3420 529 3468 esse,
556 3410 597 3468 ut,
622 3419 741 3470 unquam
764 3406 786 3455 si
822 3406 847 3464 8,
866 3403 907 3453 45.
942 3406 1000 3455 Non
1017 3408 1073 3465 est,
1098 3418 1146 3453 cur
1166 3401 1258 3454 eontra
1278 3406 1354 3467 opti-

260 3494 329 3546 opus
346 3482 427 3540 toret,
454 3480 496 3530 vel
518 3483 634 3531 maxime
656 3480 786 3531 barbaras
823 3490 883 3527 mos
901 3482 1006 3529 nostros
1023 3482 1050 3529 et
1068 3478 1177 3529 Bentleii
1196 3478 1279 3529 Codd.
1293 3476 1353 3528 vol·

261 3554 334 3604 orbis
362 3556 494 3603 terrarum
526 3555 649 3615 regiones
677 3564 786 3603 mecum
822 3564 915 3614 garem
927 3551 1069 3603 lectionem
1081 3553 1186 3605 Codicis
1197 3551 1289 3603 Bland.
1303 3564 1353 3601 sn-

261 3626 382 3677 oditurus
400 3640 489 3677 esses:
508 3641 604 3678 verum
621 3630 684 3692 opto
699 3629 729 3677 ut
740 3640 787 3691 po
823 3626 962 3689 tiquissimi
979 3628 1072 3689 Arpivo
1091 3627 1284 3691 praeferamus.
1310 3627 1352 3675 De

261 3702 314 3751 tius
334 3700 361 3749 in
383 3712 498 3749 amoeno
520 3700 609 3763 aliquo
626 3701 713 3751 ltaliae
731 3706 787 3751 tra-
823 3712 852 3749 re
876 3700 924 3749 ctr.
944 3700 991 3750 0d.
1014 3702 1041 3759 4,
1061 3702 1105 3762 48,
1127 3702 1150 3754 2.
1180 3728 1207 3736 —
1228 3700 1351 3764 ροεᾱιιιιιι]

263 3778 321 3833 ctu,
347 3773 497 3823 cuiusmodi
519 3774 601 3824 Tibur
622 3777 665 3824 est
687 3788 720 3823 ac
736 3776 788 3823 Ta·
824 3774 974 3833 conditum,
1001 3776 1031 3823 ut
1047 3776 1117 3838 Virg.
1143 3777 1209 3825 Aen.
1229 3773 1259 3833 4,
1282 3774 1347 3824 stt:

263 3851 382 3908 rentum,
409 3846 487 3897 nobis
509 3846 651 3911 aliquando
667 3862 721 3898 una
739 3848 788 3898 de·
823 3848 911 3897 orbem
928 3874 964 3885 -·
983 3849 1075 3909 posuit.
1112 3848 1186 3899 Ouid.
1214 3848 1276 3897 llet.
1304 3847 1352 3907 ta,

262 3935 326 3984 gere
339 3926 366 3972 et
382 3933 578 3971 consenescere
593 3921 682 3983 liceat,
701 3935 788 3985 usque
825 3923 888 3973 587:
905 3924 985 3972 lutto
1001 3924 1045 3983 qis
1060 3922 1355 3985 mecumpomtstimoe·

263 3996 329 4047 dum
340 4000 369 4047 tu
380 3996 445 4047 mibi
455 3998 594 4059 superstes
603 4008 648 4045 me
658 3995 790 4059 sepelien-
824 3998 870 4047 oto
888 3997 983 4047 Troica.

263 4068 329 4120 dum
340 4084 446 4121 cures.»
468 4068 522 4120 Cir.
535 4068 602 4119 inira
615 4069 658 4130 (ad
669 4071 739 4131 ut.)
751 4069 790 4119 lo-
859 4071 883 4119 6.
902 4070 1019 4133 amacura]
1043 4071 1195 4120 «Senectuti
1218 4082 1297 4119 meae
1315 4068 1354 4119 ibi

264 4145 448 4208 cumeprp.
463 4145 491 4205 4,
505 4142 590 4204 Ml.
609 4142 686 4202 Quod
696 4146 788 4193 autem
826 4146 860 4195 sit
876 4149 998 4209 paratum
1016 4144 1172 4207 retirgium.»
1191 4145 1220 4193 V.
1239 4150 1355 4195 macros

265 4220 319 4264 tam
326 4229 407 4279 saepe
414 4218 703 4277 Tiburcommomorat,
714 4232 747 4268 ex
755 4231 788 4268 eo
826 4219 949 4283 accipere
967 4230 1031 4269 casu
1048 4218 1126 4267 tertio
1144 4216 1271 4283 praestat.
