2934 4884
481 285 540 335 llll.
560 284 601 334 lll.
637 285 666 333 C.
686 284 727 333 iv.

301 442 368 505 Seu
393 437 513 505 fidibus
537 436 724 526 citharaque
747 436 878 504 Phoebi.

216 597 360 675 Auditis,
384 618 426 663 an
448 618 500 663 me
523 594 604 663 ludit
625 596 772 663 amabilis

219 718 374 785 losania?
395 717 516 785 Audire
539 726 572 783 et
594 716 708 784 videor
729 718 801 805 pios

260 840 376 906 Errare
399 860 460 926 per
481 838 592 913 lucos,
616 858 774 905 amoenae

301 960 391 1040 Quos
415 969 447 1026 et
469 979 576 1047 aquae
599 958 739 1027 subeunt
761 968 794 1026 et
815 980 924 1025 aurae.

219 1120 270 1185 lle
293 1116 460 1185 fabulosae
482 1117 612 1184 Volture
635 1118 666 1181 in
688 1115 792 1204 Apulo

158 1336 181 1385 l.
199 1336 329 1385 aimarooo
344 1332 447 1394 absrc,
465 1332 533 1393 Lcl,
561 1333 625 1383 itam
643 1330 746 1394 Beati,
772 1334 822 1384 aad
838 1332 936 1398 probat
951 1333 1099 1394 elamore
1114 1332 1144 1394 β,

127 1413 153 1460 el
176 1410 214 1460 sic
239 1410 331 1459 noster
355 1405 382 1456 d.
410 1432 438 1443 -
467 1408 491 1455 ὅ.
510 1406 616 1455 Auditor
639 1403 656 1454 δ
680 1419 723 1469 ap.
749 1406 857 1457 Kirohu.
883 1419 910 1471 p.
937 1406 997 1466 ati,
1023 1406 1146 1457 Audiui

128 1488 174 1535 lea
191 1484 261 1535 coni.
283 1508 310 1519 -
331 1482 355 1533 9.
374 1481 479 1533 Habent
493 1482 574 1545 Apulo
591 1480 716 1541 libSl'ed,
735 1480 820 1531 abdito
835 1482 928 1532 Bothe.

98 1682 183 1743 piat:
200 1674 230 1729 ‘A
238 1670 618 1743 Μῶσακεκλήγει,ἅλίγεια
654 1676 797 1726 innocentio
816 1676 960 1740 fruiturque
979 1677 1076 1727 sedilia
1090 1678 1177 1728 sooria.

97 1752 200 1825 Σειρήν.
229 1752 322 1805 Catuli.
342 1751 388 1813 iil,
407 1752 473 1801 320:
491 1752 618 1801 emona
654 1750 1177 1816 Delilyaiocaveaocipiaacumlerona.

96 1842 200 1878 uvore.
223 1828 354 1887 «sonora,
367 1824 492 1889 liquida.»
509 1827 572 1875 Aea.
588 1851 615 1861 —
657 1852 685 1861 -
698 1826 789 1889 oquae]
807 1827 835 1877 h.
848 1825 865 1876 l.
878 1827 970 1888 rivuli,
988 1829 1018 1877 ut
1028 1828 1098 1889 virg.
1111 1830 1177 1877 Aea.

95 1902 184 1966 fidius]
203 1902 282 1965 Opto,
301 1902 342 1961 ui,
361 1898 616 1963 quoeunquemodo
654 1900 683 1960 l,
709 1899 772 1949 ⁴67:
800 1914 884 1961 aquae
904 1902 1002 1962 duker,
1028 1901 1123 1953 fontes.
1150 1929 1177 1939 -

97 1974 138 2025 tibi
161 1974 267 2040 placet,
297 1988 407 2025 carmen
433 1974 496 2024 mihi
521 1972 617 2023 landas
653 1973 691 2023 Ex
709 1986 735 2022 v.
753 1974 867 2035 admi,
886 1975 959 2037 qaod
975 1975 1083 2039 proprie
1101 1975 1135 2023 ad
1151 1988 1177 2023 v.

97 2048 133 2100 rel
150 2050 215 2100 tibia
232 2046 275 2099 val
292 2062 352 2099 assa
366 2062 434 2099 voce
447 2046 488 2097 vel
501 2048 616 2110 denique
654 2060 738 2107 oquae
759 2047 886 2107 refertur,
909 2049 943 2097 ad
966 2062 992 2097 v.
1011 2062 1093 2097 aurae
1113 2047 1179 2097 eliae

98 2122 183 2186 lyram
202 2136 287 2187 quam
299 2119 619 2195 nrpippdlecthdibua
649 2123 769 2186 portiom.
804 2122 847 2170 Sic
864 2134 913 2173 noa
931 2124 959 2171 et
975 2122 1009 2171 de
1025 2119 1179 2184 aquaetde

96 2198 239 2259 rillarm
253 2196 349 2247 Phoebi.
384 2197 434 2257 Qui
455 2196 617 2246 &wama
653 2209 717 2247 aura
735 2196 902 2257 durelaieltn,
920 2196 1099 2246 dwclwoliea.

95 2272 178 2333 udor
205 2270 242 2334 (id
269 2273 322 2331 esi,
350 2274 379 2320 ut
402 2269 510 2330 volunt,
550 2268 615 2333 lyra]
687 2270 711 2320 9.
722 2270 859 2333 fabum]
869 2269 1020 2320 Nolilroov.
1029 2269 1182 2320 oumseho-

97 2345 616 2409 distinguebant,seripserunteitiaraua.
654 2344 737 2395 liaslis
758 2345 920 2407 coniungere
941 2358 1004 2395 cum
1026 2357 1051 2393 v.
1070 2344 1179 2402 dificia,

97 2421 144 2469 Sed
160 2418 258 2484 triplex
276 2420 361 2483 optio,
385 2421 415 2468 ut
432 2412 537 2482 opinor,
562 2417 618 2469 aul·
655 2432 717 2469 curn
735 2419 867 2469 referatur
877 2419 912 2469 ad
922 2433 948 2469 v.
956 2418 1088 2481 poloniae
1101 2431 1126 2466 v.
1138 2418 1179 2467 ⁴2.

97 2494 199 2545 liciebat
209 2508 215 2555 ;
234 2492 326 2557 pulida
337 2492 430 2543 luisset
442 2490 616 2556 quadruplex.
655 2492 777 2543 ubivide.
786 2520 813 2529 -
824 2492 1049 2557 Volairaiodpulo]
1056 2494 1129 2542 Duae
1136 2504 1182 2541 res

96 2570 161 2632 Virg.
180 2570 248 2619 Aen.
269 2567 298 2629 6,
319 2567 383 2617 ⁴20:
413 2567 620 2630 viduaretur
655 2568 789 2631 permirae
806 2568 849 2618 hio
866 2567 944 2618 uobis
956 2567 1089 2629 accidunt,
1108 2565 1182 2630 quod

96 2644 189 2693 οἰινανα
204 2641 344 2707 mousom
360 2643 468 2691 canor-ir.
498 2643 620 2705 Propter-
655 2641 788 2705 aliquiaio
802 2644 902 2693 Volture
912 2642 993 2704 Apulo
1004 2644 1095 2692 tamen
1106 2646 1183 2690 extro

97 2732 124 2767 ea
151 2719 203 2768 etsi
233 2718 325 2766 contra
351 2730 427 2767 meos
451 2715 535 2767 Codd.
562 2728 620 2764 om·
655 2717 773 2779 Apuliam
798 2720 848 2779 sit,
878 2717 1004 2781 quodque
1027 2718 1054 2767 iu
1077 2715 1183 2766 duobus

98 2806 140 2843 nes
167 2790 344 2843 scribendum
381 2793 422 2841 esi
455 2790 618 2851 Maura,
655 2792 779 2843 versibus
790 2805 850 2842 sese
863 2792 1057 2855 excipientibus
1067 2792 1183 2855 primam

97 2882 147 2917 nou
163 2867 302 2916 dtiorave.
656 2866 787 2928 syllabam
809 2870 837 2916 at
852 2866 977 2930 produxit
998 2868 1026 2916 et
1045 2865 1179 2929 corripuit.

125 2944 148 2991 5.
165 2940 294 3003 Auridai]
315 2941 445 2990 «etiamne
456 2952 520 2999 vos,
539 2938 620 2989 aoda-
656 2943 723 2993 ilina
740 2939 839 2992 multae
857 2943 935 2990 natae
960 2942 1022 2990 sunt
1045 2940 1183 2990 coniectu-

96 3016 140 3077 les‚
153 3030 186 3067 an
199 3028 250 3078 ego
262 3014 368 3065 solus‘l»
387 3014 443 3065 ileo
454 3011 531 3077 louge
542 3015 621 3077 signi-
656 3028 719 3065 rae:
737 3016 765 3063 io
781 3016 862 3063 arduo
871 3038 884 3050 -
894 3016 922 3063 io
937 3015 1020 3063 obdito
1030 3039 1042 3049 -
1052 3015 1079 3063 io
1089 3014 1163 3063 arido
1173 3038 1185 3048 -

97 3091 217 3141 licentius
235 3102 316 3153 quam
340 3090 408 3139 Feaa
429 3087 492 3138 illud
513 3089 618 3138 audiris.
657 3095 732 3139 arira
748 3088 837 3137 imino
854 3089 958 3150 patriae
970 3114 985 3124 -
1000 3093 1078 3137 extra
1096 3088 1185 3136 lirino

125 3168 148 3215 ii.
177 3164 297 3227 imario]
336 3164 445 3225 «gratus
477 3161 518 3212 ille
547 3162 621 3212 luror
658 3162 1184 3213 sedulae-introlinriooliomlae-extra

96 3242 230 3307 poeticus,
262 3232 509 3300 ἐνθουσιασμός.»
547 3235 621 3287 Plato
658 3238 748 3287 lirniaa
762 3234 993 3299 Prdiaelvidalicet
1011 3236 1185 3285 nutricisilo-

96 3314 206 3364 Phaedr.
238 3326 264 3377 p.
292 3312 349 3363 ria.
378 3313 424 3361 A.:
454 3305 514 3360 ἀπὸ
541 3310 621 3362 Μον-
659 3313 729 3374 retii)
749 3338 763 3347 -
782 3312 852 3359 iutro
874 3310 950 3359 limen
970 3308 1089 3371 Apuliae:
1117 3321 1185 3371 qua-

96 3386 154 3437 σῶν
171 3382 330 3450 κατοκωχή
351 3399 382 3435 τε
399 3385 449 3435 καὶ
471 3386 571 3449 μανία.
592 3412 620 3421 -
659 3400 720 3437 rum
746 3387 836 3435 lamen
863 3381 933 3434 nulla
958 3382 1106 3447 probabilis
1134 3384 1183 3432 est.

93 3464 208 3525 pior-por
230 3461 444 3525 modestiores,
472 3472 540 3523 quos
562 3472 623 3524 per·
661 3462 709 3521 Qui
718 3458 873 3518 defenduut,
886 3461 973 3519 lanas,
985 3457 1101 3517 Iahnius,
1114 3458 1187 3508 Mau-

95 3536 235 3587 amhulant
252 3536 369 3586 Musae.»
395 3536 504 3597 Dionys.
524 3535 621 3596 ilymu.
662 3532 722 3585 neri
744 3535 848 3595 Italian,
871 3535 895 3583 2.
915 3546 978 3597 pag.
998 3533 1039 3583 68,
1059 3532 1113 3582 lroo
1130 3531 1186 3581 iere

95 3612 134 3661 30.
172 3608 310 3673 Calliopen
328 3608 481 3672 alloquens:
501 3602 581 3678 Αὔρη
592 3605 623 3657 aa
662 3609 768 3661 dieunt:
782 3608 891 3659 «Voltur
902 3622 981 3659 mona
988 3606 1097 3672 Apuliae
1106 3619 1187 3671 supra

95 3684 156 3735 σῶν
188 3678 238 3733 ἀπ’
265 3677 378 3734 ἀλσέων
399 3678 488 3749 Ἔμὰς
516 3685 624 3754 φρένας
660 3684 819 3744 Venusiam.
848 3687 925 3735 cuiue
947 3686 1038 3746 iugum
1059 3683 1084 3732 iu
1101 3683 1187 3731 Luca-

94 3758 224 3809 unverre.
268 3756 331 3808 Plal.
359 3760 405 3808 lou
431 3771 458 3822 p.
488 3758 545 3808 534.
573 3761 621 3808 Α.;
662 3759 734 3808 niam
745 3759 896 3822 porrigitur.
927 3760 1014 3818 Quare
1026 3760 1100 3807 reete
1110 3768 1187 3806 mona

94 3831 225 3885 Μουσῶν
241 3828 340 3883 νάπαι.
360 3835 479 3897 Properl.
493 3832 522 3893 3,
543 3834 553 3883 l
567 3871 572 3894 ‚
593 3835 621 3882 l:
661 3832 756 3895 Apulus
772 3832 879 3892 dieitur,
901 3833 928 3881 in
945 3845 999 3895 quo
1016 3830 1139 3880 Horatius
1150 3828 1188 3877 ui-

93 3909 244 3960 Callimooli
260 3921 347 3959 marea
370 3912 393 3958 ol
412 3908 455 3957 Coi
472 3920 548 3957 saera
565 3908 624 3958 Plo'·
663 3908 714 3958 mis
731 3920 890 3971 progressus
908 3906 976 3955 lines
993 3902 1102 3967 Apuliae
1115 3903 1187 3951 exire

92 3990 174 4043 mue,
192 3984 221 4031 ln
237 3986 362 4043 oestrum,
381 3995 485 4043 quaero,
504 3982 626 4032 mesinae
662 3982 756 4045 potuit.
788 3981 853 4031 lade
870 3984 946 4029 aetra
962 3980 1044 4028 limera.
1074 3978 1187 4028 llelrum

92 4060 131 4108 ire
149 4070 245 4107 mma.
281 4057 362 4107 Tacit.
381 4056 446 4107 Dial.
465 4058 510 4107 ia:
530 4057 626 4107 Secedil
663 4057 753 4106 aulem
771 4058 867 4118 poetae
888 4052 972 4104 Latini
992 4052 1018 4100 iu
1036 4050 1188 4101 nominibus

91 4133 198 4182 αηόνηνε
216 4130 329 4195 (poetae)
351 4132 378 4180 io
394 4130 450 4181 ioca
463 4144 534 4194 puro
551 4136 627 4191 otqrae
664 4130 778 4194 propriis
804 4132 832 4179 et
855 4126 1002 4192 peregrinio
1029 4125 1101 4177 haud
1126 4138 1188 4177 raro
