2934 4884
266 366 328 429 iio
649 366 778 417 nostru
796 366 966 417 ciumuuii

629 854 986 921 cmm

434 1012 463 1075 Ο
486 1030 585 1096 saepe
608 1027 736 1073 mecum
757 1017 886 1092 tempus
907 1006 941 1069 in
962 986 1110 1070 ultimum

432 1127 578 1195 Deduote
599 1128 699 1193 Bmto
721 1126 853 1193 militiae
875 1126 976 1201 duce,

331 1308 382 1357 Vll.
409 1308 491 1355 lnscr.
510 1304 578 1367 voig.
603 1306 641 1353 Ad
659 1304 802 1365 Pompeium
826 1304 933 1365 ianm,
960 1307 987 1355 et
1008 1306 1047 1355 sio
1070 1307 1116 1356 Bc.
1137 1332 1165 1343 -
1185 1305 1223 1355 Ad
1242 1307 1319 1355 Pom-

293 1382 380 1443 peium
402 1382 428 1429 S.
455 1407 482 1416 -
501 1379 539 1430 Ad
559 1380 689 1440 ronpium
711 1380 806 1428 Vomm
824 1378 997 1439 prosporieiico
1013 1375 1262 1449 (προσφωνητική)
1280 1384 1319 1428 te-

296 1454 405 1504 tracolos
424 1454 453 1501 T.
474 1480 501 1488 —
520 1454 558 1502 Ad
574 1454 690 1503 Orotiom
707 1452 856 1514 Pompilium
876 1452 939 1515 (sic)
961 1453 1152 1504 conmdiiomm
1167 1454 1320 1504 unciarum

295 1542 368 1590 qoem
384 1530 510 1589 receptum
525 1528 552 1575 in
566 1529 655 1589 patrio
670 1528 761 1577 invitat
777 1526 805 1575 b.

294 1687 349 1736 Vll.
376 1686 503 1747 Pompeio
527 1685 611 1745 Varo,
640 1688 671 1735 ui
695 1682 787 1735 dieunt
824 1686 881 1734 reto
907 1684 964 1734 eius
990 1686 1076 1735 reditu
1098 1686 1267 1749 interrogatio
1283 1692 1354 1750 poe-

263 1836 423 1898 ul’ompeio
441 1833 561 1897 Grospho
578 1832 665 1883 Siculo
682 1831 724 1881 vel
738 1831 789 1883 sal-
824 1831 977 1890 hominem,
1007 1846 1060 1896 quo
1086 1835 1278 1884 interveniente
1306 1848 1354 1885 re-

262 1910 318 1959 tem
336 1909 478 1969 Siciliensi,
504 1908 609 1969 dequo
627 1905 674 1956 olr.
693 1906 741 1955 Od.
761 1908 786 1967 ἓ,
825 1904 917 1965 dierit,
944 1906 1070 1969 inlelligit.
1113 1910 1174 1958 Sine
1200 1906 1252 1957 ullu
1278 1910 1354 1958 enim

263 1982 304 2030 46.
324 1985 351 2032 et
367 1984 433 2047 Epp.
453 1984 481 2042 i,
501 1983 545 2041 ii,
563 1983 615 2044 22.)
633 1982 749 2031 reditum
761 1983 787 2031 in
826 1992 906 2029 causa
924 1979 1040 2030 nonnulli
1055 1982 1090 2029 ito
1103 1982 1267 2045 interpretati
1279 1984 1353 2041 sunt,

263 2056 593 2120 patriomcougretulotur.
613 2054 789 2106 ludeablos-
826 2066 857 2101 se
882 2054 904 2102 si
929 2054 1069 2104 Maecenas
1097 2055 1215 2119 Pompeii
1243 2056 1355 2105 restitu-

263 2143 329 2181 sono
346 2130 474 2195 scriptum
492 2130 543 2180 hoc
555 2143 665 2180 carmen
676 2130 789 2192 opinun-
827 2126 926 2176 tionem
960 2125 994 2175 ob
1021 2128 1163 2177 Octaviano
1192 2129 1352 2192 impetrarit.

264 2207 306 2253 tur
327 2216 352 2253 o.
371 2218 398 2254 u.
417 2219 441 2255 c.
460 2206 528 2265 iio,
552 2218 606 2268 quo
629 2205 689 2254 Sex.
708 2205 789 2253 Pom·
826 2201 911 2249 immo
927 2200 979 2249 hoo
992 2200 1066 2250 dicit:
1086 2203 1250 2263 «Quomodo,
1270 2216 1355 2266 quee-

261 2279 338 2341 peius
364 2280 412 2328 Cn.
431 2279 458 2327 F.
477 2280 545 2328 teste
569 2277 670 2328 Velleio
692 2278 721 2337 2,
746 2277 787 2327 77.
826 2288 865 2333 so,
879 2274 978 2324 lactum
990 2278 1039 2333 est,
1053 2278 1082 2325 ut
1093 2276 1181 2327 redire
1193 2279 1353 2341 potuerisi»

263 2366 332 2417 poce
350 2366 412 2403 cnm
431 2353 576 2404 triumviris
597 2353 659 2402 inito
677 2351 790 2401 morbus
828 2374 856 2384 -
874 2349 1013 2413 redonavit]
1031 2349 1164 2411 Verbum,
1189 2351 1262 2414 quod
1280 2364 1354 2401 nunc

261 2427 410 2487 proscriptis
426 2427 545 2488 aliisque,
571 2428 615 2487 qui
632 2428 666 2475 od
682 2439 740 2475 eum
756 2438 789 2475 eo
826 2421 897 2484 apud
925 2420 1011 2472 solum
1043 2424 1179 2474 Horatium
1208 2426 1353 2489 reperitur.

262 2501 367 2549 doerris
382 2502 466 2549 causis
479 2502 607 2565 dumosi,
624 2501 733 2550 reditum
747 2513 790 2548 sa-
827 2496 857 2545 ii.
876 2494 893 2545 l.
911 2498 952 2547 est
971 2496 1110 2557 «reddidit,
1128 2499 1267 2559 restituit»,
1286 2512 1353 2559 non,

263 2574 386 2633 interque
399 2580 491 2635 pactio
505 2581 548 2625 est.
584 2576 630 2625 ilis
647 2576 727 2637 igitur
743 2588 789 2624 re·
826 2570 969 2620 utilonieh
987 2573 1070 2634 putat,
1090 2571 1187 2621 eodem
1204 2585 1286 2623 sensu
1301 2585 1355 2636 po·

264 2645 378 2695 ducibus
403 2648 484 2697 etiam
508 2649 666 2711 Pompeium
688 2648 787 2697 Varum
825 2644 904 2694 silum
923 2646 1002 2707 sique
1018 2644 1107 2705 0d.3‚
1127 2645 1154 2707 3,
1174 2645 1220 2695 33;
1239 2652 1355 2707 nepotem

263 2717 449 2769 adnumerant.
489 2720 542 2769 Sed
564 2721 693 2783 temporis
716 2719 787 2770 nulle
825 2719 904 2769 Morti
925 2718 1065 2779 redonabo,
1091 2717 1119 2767 id
1144 2722 1200 2779 est,
1229 2720 1355 2770 «condo-

264 2794 337 2841 certa
354 2794 510 2854 significatio
531 2794 573 2852 fit;
600 2795 700 2844 rectius
722 2807 787 2844 sane
825 2791 930 2853 nabo»,
949 2791 975 2841 id
993 2791 1064 2854 quod
1082 2792 1213 2843 adversus
1230 2793 1354 2844 sodalem

263 2878 326 2914 cum
344 2866 513 2915 Grotelendio
534 2870 562 2916 et
582 2869 693 2917 Frenkio
714 2870 789 2931 cogi-
826 2864 919 2914 luisset
941 2864 1101 2915 inurbanum
1127 2868 1208 2929 etque
1234 2871 1353 2930 agreste.

263 2939 333 2989 tabis
361 2939 395 2989 de
420 2952 490 2989 enno
516 2942 621 2991 circiter
645 2942 703 2992 iii.
726 2944 789 3007 post
828 2966 855 2973 -
875 2940 1004 3003 Quiritem]
1020 2940 1113 3001 idest,
1133 2942 1354 3003 copitenonism

265 3012 366 3063 bellum
382 3015 528 3065 Actiacum.
826 3012 1006 3073 deminutum,
1036 3014 1084 3063 sed
1110 3014 1213 3077 integro
1238 3015 1355 3065 ciuitatis

298 3090 322 3137 i.
340 3090 364 3137 Ξ.
386 3090 600 3153 saepe-dimo]
619 3092 689 3140 «Per
710 3090 789 3141 bien·
826 3088 960 3137 Romanae
990 3088 1046 3137 iure
1074 3101 1167 3139 rursus
1195 3088 1353 3149 donatum·;

264 3165 338 3212 nium
351 3175 435 3226 propo
449 3164 481 3226 (o.
493 3164 551 3212 iii.
564 3164 788 3229 iit.)inproe1iis
826 3173 888 3209 nem
906 3160 996 3210 exules
1013 3162 1145 3211 minorem
1163 3162 1255 3225 cepitis
1267 3162 1356 3213 demi-

264 3250 280 3286 r
303 3238 383 3287 Bruto
405 3239 465 3287 onte
483 3236 679 3300 Philippensem
701 3241 788 3289 aciem
826 3234 963 3283 uodonem
980 3234 1149 3298 patiebantur
1170 3239 1197 3286 et
1218 3235 1253 3285 od
1268 3250 1355 3300 pere-

264 3311 416 3361 oommissis
438 3324 491 3360 uno
513 3324 595 3375 saepe
619 3312 720 3375 experti
742 3326 789 3363 su·
825 3308 974 3369 grinitetem
987 3308 1184 3371 redigebantur.
1208 3309 1355 3373 Singularis

264 3397 325 3435 mus
336 3397 442 3434 summe
452 3384 571 3448 pericula
579 3400 601 3444 »3
615 3385 642 3434 id
651 3384 722 3448 quod
735 3398 787 3435 non
827 3382 948 3441 Quiritem
956 3380 1033 3432 valde
1043 3382 1223 3433 memorabilis
1229 3385 1302 3435 visus
1311 3389 1355 3434 esi

265 3460 349 3521 magis
361 3459 520 3509 fortitudinis
531 3472 592 3509 esse
605 3462 695 3522 potest
706 3473 788 3522 quem
827 3457 1010 3507 Grammaticis
1029 3454 1163 3518 (Cledonio
1181 3470 1206 3520 p.
1224 3457 1297 3506 ⁴898.
1312 3458 1353 3519 Ρ.)

266 3544 353 3581 cesus.
390 3534 492 3593 (Moneo
514 3535 626 3596 propter
640 3546 667 3583 v.
689 3534 738 3596 io.)
759 3560 787 3570 -
827 3532 854 3577 et
878 3531 904 3579 in
930 3528 1030 3579 Libello
1056 3530 1089 3579 de
1116 3544 1175 3593 gen.
1202 3544 1273 3581 nom.
1302 3530 1352 3581 Ed.

262 3611 357 3665 tempor
378 3606 407 3652 io
430 3605 558 3670 utimum]
582 3606 628 3654 «in
652 3618 788 3657 summum
827 3604 932 3667 lleuptii
954 3616 1013 3667 pag.
1034 3605 1077 3653 96:
1107 3605 1237 3667 «Quirites
1259 3605 1355 3667 singu-

264 3679 334 3727 vitee
358 3676 528 3728 discrimen.»
564 3680 606 3728 Sic
630 3677 722 3729 catull.
743 3679 787 3740 ii,
826 3676 910 3727 larem
929 3691 1071 3728 numerum
1089 3692 1142 3727 non
1164 3678 1253 3728 hobel.
1283 3680 1353 3729 Nom

266 3747 327 3801 ibi:
345 3764 461 3813 supremo
475 3753 502 3800 in
517 3757 635 3813 ternpore,
654 3755 681 3803 et
691 3768 717 3803 r.
731 3754 787 3803 469.
827 3753 968 3802 bluecenus
989 3752 1053 3801 dixit
1075 3753 1208 3814 Quirites,
1231 3751 1281 3803 sed
1299 3766 1354 3803 non

263 3831 376 3876 ertrmio
401 3831 510 3886 temporo
532 3840 609 3875 sooria
627 3827 697 3876 Fors.
733 3828 787 3877 Cic.
827 3826 979 3888 recipitur.»
1014 3827 1093 3875 Certe
1110 3839 1126 3873 a
1142 3828 1228 3891 poetis
1248 3826 1356 3875 dumta-

263 3912 312 3962 pro
330 3898 434 3949 cornel.
453 3898 510 3948 Vol.
529 3900 571 3949 Ν.
585 3902 609 3949 2.
623 3914 649 3964 p.
663 3900 720 3950 ibo.
740 3899 787 3949 Ed.
827 3901 1043 3963 reinsumatur,
1061 3899 1142 3950 veluti
1153 3899 1188 3949 ab
1201 3899 1275 3949 Ouid.
1291 3901 1352 3951 Am.

265 3986 356 4022 mene:
394 3977 535 4023 eudemum
565 3979 589 4023 et
616 3974 790 4037 difficillimum
827 3975 855 4031 3,
881 3973 924 4034 ii,
951 3974 978 4023 9:
1005 3975 1092 4037 Ipnoto
1115 3975 1238 4024 mmetiio
1261 3987 1355 4035 corpus

264 4046 540 4107 imminuenda.
560 4048 589 4096 i:
609 4047 636 4096 io
649 4052 790 4097 crimmum
826 4050 945 4096 iunctura
961 4047 1062 4108 Quiriti.
1084 4049 1143 4097 Am.
1158 4048 1181 4105 l,
1201 4048 1225 4107 i,
1238 4046 1282 4095 29:
1302 4049 1354 4095 mi-

265 4122 483 4170 cam-deduci.
825 4123 922 4171 nimum
943 4124 973 4171 do
986 4122 1056 4183 plebe
1080 4122 1209 4183 Quirilerri.
1250 4122 1350 4169 Lucan.

298 4192 321 4240 3,
342 4193 408 4256 ouis]
430 4196 477 4243 Est
498 4195 618 4246 mirantis
640 4194 673 4244 de
697 4195 788 4258 inspe-
825 4197 853 4255 2,
873 4196 934 4246 386:
953 4196 1267 4257 Romanimorrouiriiie
1287 4194 1353 4243 etin
