<?xml version="1.0" encoding="UTF-8"?>
<!DOCTYPE html PUBLIC "-//W3C//DTD XHTML 1.0 Transitional//EN"
    "http://www.w3.org/TR/xhtml1/DTD/xhtml1-transitional.dtd">
<html xmlns="http://www.w3.org/1999/xhtml" xml:lang="en" lang="en">
 <head>
  <title>
</title>
<meta http-equiv="Content-Type" content="text/html;charset=utf-8" />
  <meta name='ocr-system' content='tesseract 3.04.00' />
  <meta name='ocr-capabilities' content='ocr_page ocr_carea ocr_par ocr_line ocrx_word'/>
</head>
<body>
  <div class='ocr_page' id='page_1' title='image "./qhoratiusflaccu04baitgoog/qhoratiusflaccu04baitgoog_0239.png"; bbox 0 0 2934 4884; ppageno 0'>
   <div class='ocr_carea' id='block_1_1' title="bbox 482 374 1202 437">
    <p class='ocr_par' dir='ltr' id='par_1_1' title="bbox 482 374 1202 437">
     <span class='ocr_line' id='line_1_1' title="bbox 482 374 1202 437; baseline 0.015 -13"><span class='ocrx_word' id='word_1_1' title='bbox 482 374 539 425; x_wconf 81' lang='lat' dir='ltr'>ue</span> <span class='ocrx_word' id='word_1_2' title='bbox 558 375 577 424; x_wconf 84' lang='grc' dir='ltr'>ι.</span> <span class='ocrx_word' id='word_1_3' title='bbox 613 376 642 426; x_wconf 89' lang='lat' dir='ltr'>c.</span> <span class='ocrx_word' id='word_1_4' title='bbox 661 376 780 426; x_wconf 78' lang='lat' dir='ltr'>nnsvu.</span> <span class='ocrx_word' id='word_1_5' title='bbox 1026 395 1038 415; x_wconf 75' lang='lat'>=</span> <span class='ocrx_word' id='word_1_6' title='bbox 1140 374 1202 437; x_wconf 71' lang='lat'>205</span> 
     </span>
    </p>
   </div>
   <div class='ocr_carea' id='block_1_2' title="bbox 290 532 1202 740">
    <p class='ocr_par' dir='ltr' id='par_1_2' title="bbox 290 532 1202 740">
     <span class='ocr_line' id='line_1_2' title="bbox 293 532 893 617; baseline -0.007 -19"><span class='ocrx_word' id='word_1_7' title='bbox 293 532 511 599; x_wconf 82' lang='lat' dir='ltr'>Contamineto</span> <span class='ocrx_word' id='word_1_8' title='bbox 533 552 606 598; x_wconf 88' lang='lat' dir='ltr'>cum</span> <span class='ocrx_word' id='word_1_9' title='bbox 627 552 725 617; x_wconf 81' lang='lat' dir='ltr'>grege</span> <span class='ocrx_word' id='word_1_10' title='bbox 753 532 893 617; x_wconf 86' lang='lat' dir='ltr'>turpium</span> 
     </span>
     <span class='ocr_line' id='line_1_3' title="bbox 290 651 1202 740; baseline -0.002 -23"><span class='ocrx_word' id='word_1_11' title='bbox 290 653 400 720; x_wconf 80' lang='lat' dir='ltr'>llorbo</span> <span class='ocrx_word' id='word_1_12' title='bbox 422 654 578 729; x_wconf 87' lang='lat' dir='ltr'>virorum,</span> <span class='ocrx_word' id='word_1_13' title='bbox 601 651 758 740; x_wconf 75' lang='lat' dir='ltr'>quidlibet</span> <span class='ocrx_word' id='word_1_14' title='bbox 782 654 937 739; x_wconf 82' lang='lat' dir='ltr'><strong>impotens</strong></span> <span class='ocrx_word' id='word_1_15' title='bbox 1162 652 1202 716; x_wconf 87' lang='lat' dir='ltr'>lo</span> 
     </span>
    </p>
   </div>
   <div class='ocr_carea' id='block_1_3' title="bbox 353 773 911 962">
    <p class='ocr_par' dir='ltr' id='par_1_3' title="bbox 353 773 911 962">
     <span class='ocr_line' id='line_1_4' title="bbox 353 773 812 862; baseline -0.009 -21"><span class='ocrx_word' id='word_1_16' title='bbox 353 776 491 861; x_wconf 84' lang='lat' dir='ltr'>Sperere</span> <span class='ocrx_word' id='word_1_17' title='bbox 513 774 704 862; x_wconf 73' lang='lat' dir='ltr'><strong>fortunaque</strong></span> <span class='ocrx_word' id='word_1_18' title='bbox 726 773 812 839; x_wconf 90' lang='lat' dir='ltr'>dulci</span> 
     </span>
     <span class='ocr_line' id='line_1_5' title="bbox 403 895 911 962; baseline 0 -1"><span class='ocrx_word' id='word_1_19' title='bbox 403 895 507 962; x_wconf 82' lang='lat' dir='ltr'>Ebria.</span> <span class='ocrx_word' id='word_1_20' title='bbox 551 896 615 961; x_wconf 84' lang='lat' dir='ltr'>Sed</span> <span class='ocrx_word' id='word_1_21' title='bbox 637 896 750 961; x_wconf 88' lang='lat' dir='ltr'>minuit</span> <span class='ocrx_word' id='word_1_22' title='bbox 772 896 911 961; x_wconf 79' lang='lat' dir='ltr'>lunonem</span> 
     </span>
    </p>
   </div>
   <div class='ocr_carea' id='block_1_4' title="bbox 290 1054 903 1141">
    <p class='ocr_par' dir='ltr' id='par_1_4' title="bbox 290 1054 903 1141">
     <span class='ocr_line' id='line_1_6' title="bbox 290 1054 903 1141; baseline 0.002 -22"><span class='ocrx_word' id='word_1_23' title='bbox 290 1055 347 1120; x_wconf 84' lang='lat' dir='ltr'>Vix</span> <span class='ocrx_word' id='word_1_24' title='bbox 368 1074 432 1119; x_wconf 86' lang='lat' dir='ltr'>una</span> <span class='ocrx_word' id='word_1_25' title='bbox 453 1074 568 1140; x_wconf 86' lang='lat' dir='ltr'>sospes</span> <span class='ocrx_word' id='word_1_26' title='bbox 591 1056 682 1119; x_wconf 83' lang='lat' dir='ltr'>nevis</span> <span class='ocrx_word' id='word_1_27' title='bbox 704 1054 746 1119; x_wconf 86' lang='lat' dir='ltr'>ab</span> <span class='ocrx_word' id='word_1_28' title='bbox 768 1054 903 1141; x_wconf 77' lang='lat' dir='ltr'>ignibus.</span> 
     </span>
    </p>
   </div>
   <div class='ocr_carea' id='block_1_5' title="bbox 186 1241 918 1307">
    <p class='ocr_par' dir='ltr' id='par_1_5' title="bbox 186 1241 918 1307">
     <span class='ocr_line' id='line_1_7' title="bbox 186 1241 918 1307; baseline -0.001 -15"><span class='ocrx_word' id='word_1_29' title='bbox 186 1244 226 1292; x_wconf 76' lang='lat' dir='ltr'>to,</span> <span class='ocrx_word' id='word_1_30' title='bbox 245 1242 334 1292; x_wconf 74' lang='lat' dir='ltr'>Morbo</span> <span class='ocrx_word' id='word_1_31' title='bbox 347 1242 470 1307; x_wconf 72' lang='lat' dir='ltr'>eit-orm]</span> <span class='ocrx_word' id='word_1_32' title='bbox 488 1242 686 1305; x_wconf 57' lang='lat' dir='ltr'>opprobriorum</span> <span class='ocrx_word' id='word_1_33' title='bbox 702 1241 819 1294; x_wconf 81' lang='lat' dir='ltr'>maleum</span> <span class='ocrx_word' id='word_1_34' title='bbox 834 1242 918 1293; x_wconf 86' lang='lat' dir='ltr'>Benll.</span> 
     </span>
    </p>
   </div>
   <div class='ocr_carea' id='block_1_6' title="bbox 118 1398 1252 4296">
    <p class='ocr_par' dir='ltr' id='par_1_6' title="bbox 118 1398 1200 3697">
     <span class='ocr_line' id='line_1_8' title="bbox 123 1398 1197 1462; baseline 0.002 -11"><span class='ocrx_word' id='word_1_35' title='bbox 123 1402 173 1451; x_wconf 88' lang='lat' dir='ltr'>llos</span> <span class='ocrx_word' id='word_1_36' title='bbox 197 1399 283 1450; x_wconf 87' lang='lat' dir='ltr'>multe</span> <span class='ocrx_word' id='word_1_37' title='bbox 307 1412 370 1451; x_wconf 88' lang='lat' dir='ltr'>cnm</span> <span class='ocrx_word' id='word_1_38' title='bbox 394 1399 540 1450; x_wconf 80' lang='lat' dir='ltr'>acerbitate</span> <span class='ocrx_word' id='word_1_39' title='bbox 564 1401 643 1449; x_wconf 83' lang='lat' dir='ltr'>vocet</span> <span class='ocrx_word' id='word_1_40' title='bbox 679 1398 735 1460; x_wconf 83' lang='lat' dir='ltr'>elii,</span> <span class='ocrx_word' id='word_1_41' title='bbox 754 1398 888 1462; x_wconf 80' lang='lat' dir='ltr'>Virgilius,</span> <span class='ocrx_word' id='word_1_42' title='bbox 911 1400 1010 1461; x_wconf 73' lang='lat' dir='ltr'>livius,</span> <span class='ocrx_word' id='word_1_43' title='bbox 1035 1400 1156 1453; x_wconf 77' lang='lat' dir='ltr'>Martialis</span> <span class='ocrx_word' id='word_1_44' title='bbox 1174 1404 1197 1458; x_wconf 84' lang='grc'>3,</span> 
     </span>
     <span class='ocr_line' id='line_1_9' title="bbox 121 1474 1199 1539; baseline 0.003 -16"><span class='ocrx_word' id='word_1_45' title='bbox 121 1488 219 1539; x_wconf 68' lang='lat' dir='ltr'>plepem</span> <span class='ocrx_word' id='word_1_46' title='bbox 235 1476 433 1523; x_wconf 74' lang='lat' dir='ltr'>comminutum</span> <span class='ocrx_word' id='word_1_47' title='bbox 451 1475 593 1538; x_wconf 88' lang='lat' dir='ltr'>(impurum</span> <span class='ocrx_word' id='word_1_48' title='bbox 610 1488 642 1524; x_wconf 87' lang='lat' dir='ltr'>ec</span> <span class='ocrx_word' id='word_1_49' title='bbox 679 1476 719 1523; x_wconf 83' lang='lat' dir='ltr'>st.</span> <span class='ocrx_word' id='word_1_50' title='bbox 745 1475 773 1533; x_wconf 84' lang='lat'>9,</span> <span class='ocrx_word' id='word_1_51' title='bbox 796 1475 836 1523; x_wconf 75' lang='lat' dir='ltr'>il.</span> <span class='ocrx_word' id='word_1_52' title='bbox 856 1474 990 1537; x_wconf 79' lang='lat' dir='ltr'>spadones</span> <span class='ocrx_word' id='word_1_53' title='bbox 1007 1478 1132 1525; x_wconf 67' lang='lat' dir='ltr'>canistros</span> <span class='ocrx_word' id='word_1_54' title='bbox 1152 1492 1199 1527; x_wconf 83' lang='lat' dir='ltr'>vo-</span> 
     </span>
     <span class='ocr_line' id='line_1_10' title="bbox 121 1549 1200 1615; baseline 0.002 -16"><span class='ocrx_word' id='word_1_55' title='bbox 121 1549 242 1611; x_wconf 80' lang='lat' dir='ltr'>loeduml</span> <span class='ocrx_word' id='word_1_56' title='bbox 268 1552 383 1599; x_wconf 72' lang='lat' dir='ltr'>cirenem</span> <span class='ocrx_word' id='word_1_57' title='bbox 405 1549 490 1598; x_wconf 81' lang='lat' dir='ltr'>morbo</span> <span class='ocrx_word' id='word_1_58' title='bbox 515 1549 640 1611; x_wconf 72' lang='lat' dir='ltr'>terpiton,</span> <span class='ocrx_word' id='word_1_59' title='bbox 679 1551 747 1598; x_wconf 85' lang='lat' dir='ltr'>cent.</span> <span class='ocrx_word' id='word_1_60' title='bbox 767 1550 907 1609; x_wconf 76' lang='lat' dir='ltr'>Gregorius</span> <span class='ocrx_word' id='word_1_61' title='bbox 930 1551 1048 1599; x_wconf 85' lang='lat' dir='ltr'>anienz.</span> <span class='ocrx_word' id='word_1_62' title='bbox 1068 1552 1093 1601; x_wconf 90' lang='lat' dir='ltr'>in</span> <span class='ocrx_word' id='word_1_63' title='bbox 1113 1552 1200 1615; x_wconf 78' lang='lat' dir='ltr'>Epito-</span> 
     </span>
     <span class='ocr_line' id='line_1_11' title="bbox 121 1621 1196 1690; baseline 0.003 -17"><span class='ocrx_word' id='word_1_64' title='bbox 121 1624 223 1682; x_wconf 84' lang='lat' dir='ltr'>idest,</span> <span class='ocrx_word' id='word_1_65' title='bbox 251 1625 298 1687; x_wconf 84' lang='lat' dir='ltr'>qui</span> <span class='ocrx_word' id='word_1_66' title='bbox 322 1624 391 1687; x_wconf 86' lang='lat' dir='ltr'>turpi</span> <span class='ocrx_word' id='word_1_67' title='bbox 417 1622 512 1673; x_wconf 90' lang='lat' dir='ltr'>morbo</span> <span class='ocrx_word' id='word_1_68' title='bbox 538 1621 641 1672; x_wconf 72' lang='lat' dir='ltr'>illicitae</span> <span class='ocrx_word' id='word_1_69' title='bbox 677 1622 740 1685; x_wconf 89' lang='lat' dir='ltr'>phio</span> <span class='ocrx_word' id='word_1_70' title='bbox 762 1622 847 1673; x_wconf 75' lang='lat' dir='ltr'>Basilii</span> <span class='ocrx_word' id='word_1_71' title='bbox 870 1622 917 1673; x_wconf 83' lang='lat' dir='ltr'>Ed.</span> <span class='ocrx_word' id='word_1_72' title='bbox 941 1626 1021 1674; x_wconf 83' lang='lat' dir='ltr'>Poris.</span> <span class='ocrx_word' id='word_1_73' title='bbox 1048 1626 1119 1675; x_wconf 76' lang='lat'><strong>⁴778.</strong></span> <span class='ocrx_word' id='word_1_74' title='bbox 1139 1639 1196 1690; x_wconf 80' lang='lat' dir='ltr'>pag.</span> 
     </span>
     <span class='ocr_line' id='line_1_12' title="bbox 120 1694 1197 1767; baseline 0.004 -20"><span class='ocrx_word' id='word_1_75' title='bbox 120 1696 233 1748; x_wconf 89' lang='lat' dir='ltr'>libidinis</span> <span class='ocrx_word' id='word_1_76' title='bbox 256 1696 427 1757; x_wconf 78' lang='lat' dir='ltr'>laborabant,</span> <span class='ocrx_word' id='word_1_77' title='bbox 453 1697 641 1747; x_wconf 87' lang='lat' dir='ltr'>morbosorum</span> <span class='ocrx_word' id='word_1_78' title='bbox 677 1696 733 1745; x_wconf 85' lang='lat'><strong>806.</strong></span> <span class='ocrx_word' id='word_1_79' title='bbox 753 1698 889 1747; x_wconf 88' lang='lat' dir='ltr'>eunuchos</span> <span class='ocrx_word' id='word_1_80' title='bbox 909 1701 987 1748; x_wconf 83' lang='lat' dir='ltr'>vocat</span> <span class='ocrx_word' id='word_1_81' title='bbox 1007 1694 1076 1761; x_wconf 75' lang='grc' dir='ltr'><strong><em>τοὺς</em></strong></span> <span class='ocrx_word' id='word_1_82' title='bbox 1096 1700 1127 1750; x_wconf 81' lang='grc' dir='ltr'>ἐν</span> <span class='ocrx_word' id='word_1_83' title='bbox 1146 1718 1197 1767; x_wconf 78' lang='grc' dir='ltr'>γυ-</span> 
     </span>
     <span class='ocr_line' id='line_1_13' title="bbox 120 1764 1198 1841; baseline 0.004 -20"><span class='ocrx_word' id='word_1_84' title='bbox 120 1773 283 1835; x_wconf 64' lang='lat' dir='ltr'>spadonum</span> <span class='ocrx_word' id='word_1_85' title='bbox 303 1772 405 1822; x_wconf 75' lang='lat' dir='ltr'>morbus</span> <span class='ocrx_word' id='word_1_86' title='bbox 421 1772 491 1822; x_wconf 88' lang='lat' dir='ltr'>enim</span> <span class='ocrx_word' id='word_1_87' title='bbox 507 1775 537 1821; x_wconf 87' lang='lat' dir='ltr'>ut</span> <span class='ocrx_word' id='word_1_88' title='bbox 553 1766 641 1831; x_wconf 81' lang='grc' dir='ltr'><strong><em>νόσος</em></strong></span> <span class='ocrx_word' id='word_1_89' title='bbox 677 1768 769 1833; x_wconf 75' lang='grc' dir='ltr'><strong><em>νοιξιν</em></strong></span> <span class='ocrx_word' id='word_1_90' title='bbox 785 1764 904 1841; x_wconf 81' lang='grc' dir='ltr'>ἄνδρας,</span> <span class='ocrx_word' id='word_1_91' title='bbox 924 1771 953 1823; x_wconf 82' lang='grc' dir='ltr'>ἐν</span> <span class='ocrx_word' id='word_1_92' title='bbox 971 1768 1091 1841; x_wconf 79' lang='grc' dir='ltr'><em>ἀνδράσι</em></span> <span class='ocrx_word' id='word_1_93' title='bbox 1103 1781 1198 1840; x_wconf 85' lang='grc' dir='ltr'><strong><em>γυναι·-</em></strong></span> 
     </span>
     <span class='ocr_line' id='line_1_14' title="bbox 120 1843 1194 1913; baseline 0.005 -18"><span class='ocrx_word' id='word_1_94' title='bbox 120 1851 144 1895; x_wconf 85' lang='lat' dir='ltr'>et</span> <span class='ocrx_word' id='word_1_95' title='bbox 171 1843 269 1907; x_wconf 77' lang='grc' dir='ltr'><strong><em>πάθος</em></strong></span> <span class='ocrx_word' id='word_1_96' title='bbox 296 1846 330 1896; x_wconf 85' lang='lat' dir='ltr'>de</span> <span class='ocrx_word' id='word_1_97' title='bbox 365 1848 469 1910; x_wconf 82' lang='lat' dir='ltr'>impura</span> <span class='ocrx_word' id='word_1_98' title='bbox 495 1844 638 1909; x_wconf 72' lang='lat' dir='ltr'>voluptate.</span> <span class='ocrx_word' id='word_1_99' title='bbox 676 1860 738 1907; x_wconf 78' lang='grc' dir='ltr'><strong><em>νας.</em></strong></span> <span class='ocrx_word' id='word_1_100' title='bbox 774 1844 839 1897; x_wconf 79' lang='lat' dir='ltr'>Male</span> <span class='ocrx_word' id='word_1_101' title='bbox 863 1846 905 1895; x_wconf 88' lang='lat' dir='ltr'>elii</span> <span class='ocrx_word' id='word_1_102' title='bbox 929 1848 1080 1909; x_wconf 80' lang='lat' dir='ltr'>(Scholiasta</span> <span class='ocrx_word' id='word_1_103' title='bbox 1104 1851 1194 1913; x_wconf 74' lang='lat' dir='ltr'>cuiq..</span> 
     </span>
     <span class='ocr_line' id='line_1_15' title="bbox 119 1919 1198 1986; baseline 0.001 -16"><span class='ocrx_word' id='word_1_104' title='bbox 119 1922 219 1971; x_wconf 75' lang='lat' dir='ltr'>Seneca</span> <span class='ocrx_word' id='word_1_105' title='bbox 237 1922 286 1984; x_wconf 87' lang='lat' dir='ltr'>Ep.</span> <span class='ocrx_word' id='word_1_106' title='bbox 304 1921 349 1971; x_wconf 80' lang='lat'>8³:</span> <span class='ocrx_word' id='word_1_107' title='bbox 372 1921 512 1983; x_wconf 72' lang='grc' dir='ltr'><strong><em>ιἰιιυιιθίιυε</em></strong></span> <span class='ocrx_word' id='word_1_108' title='bbox 526 1919 641 1969; x_wconf 70' lang='lat' dir='ltr'>meum</span> <span class='ocrx_word' id='word_1_109' title='bbox 677 1920 798 1981; x_wconf 88' lang='lat' dir='ltr'>lobuson)</span> <span class='ocrx_word' id='word_1_110' title='bbox 812 1923 980 1969; x_wconf 87' lang='lat' dir='ltr'>construunt:</span> <span class='ocrx_word' id='word_1_111' title='bbox 995 1936 1051 1970; x_wconf 85' lang='lat' dir='ltr'>cum</span> <span class='ocrx_word' id='word_1_112' title='bbox 1061 1929 1198 1986; x_wconf 72' lang='lat' dir='ltr'>propeter-</span> 
     </span>
     <span class='ocr_line' id='line_1_16' title="bbox 119 1993 1196 2059; baseline 0.004 -15"><span class='ocrx_word' id='word_1_113' title='bbox 119 1996 416 2059; x_wconf 67' lang='lat' dir='ltr'>conpreteracpuottcat.</span> <span class='ocrx_word' id='word_1_114' title='bbox 435 1993 641 2045; x_wconf 77' lang='lat' dir='ltr'>bocumobscu·</span> <span class='ocrx_word' id='word_1_115' title='bbox 672 1996 744 2056; x_wconf 77' lang='lat' dir='ltr'>ptitm</span> <span class='ocrx_word' id='word_1_116' title='bbox 770 1996 884 2045; x_wconf 82' lang='lat' dir='ltr'>virorum</span> <span class='ocrx_word' id='word_1_117' title='bbox 908 1998 1075 2046; x_wconf 80' lang='lat' dir='ltr'>contaminato</span> <span class='ocrx_word' id='word_1_118' title='bbox 1102 2000 1196 2059; x_wconf 77' lang='lat' dir='ltr'>nrorbo,</span> 
     </span>
     <span class='ocr_line' id='line_1_17' title="bbox 120 2068 1195 2133; baseline 0.003 -14"><span class='ocrx_word' id='word_1_119' title='bbox 120 2071 217 2119; x_wconf 84' lang='lat' dir='ltr'>riorern</span> <span class='ocrx_word' id='word_1_120' title='bbox 245 2068 359 2120; x_wconf 86' lang='lat' dir='ltr'>illustret</span> <span class='ocrx_word' id='word_1_121' title='bbox 392 2071 520 2119; x_wconf 83' lang='lat' dir='ltr'>Lucienus</span> <span class='ocrx_word' id='word_1_122' title='bbox 548 2071 637 2119; x_wconf 78' lang='lat' dir='ltr'>Amor.</span> <span class='ocrx_word' id='word_1_123' title='bbox 676 2071 736 2133; x_wconf 70' lang='lat' dir='ltr'>aqui</span> <span class='ocrx_word' id='word_1_124' title='bbox 748 2083 811 2132; x_wconf 80' lang='lat' dir='ltr'>grex</span> <span class='ocrx_word' id='word_1_125' title='bbox 823 2070 917 2119; x_wconf 89' lang='lat' dir='ltr'>morbo</span> <span class='ocrx_word' id='word_1_126' title='bbox 927 2072 1118 2121; x_wconf 77' lang='lat' dir='ltr'>contaminatus</span> <span class='ocrx_word' id='word_1_127' title='bbox 1128 2077 1195 2122; x_wconf 76' lang='lat' dir='ltr'>est.»</span> 
     </span>
     <span class='ocr_line' id='line_1_18' title="bbox 119 2141 1195 2210; baseline 0.002 -17"><span class='ocrx_word' id='word_1_128' title='bbox 119 2146 173 2203; x_wconf 73' lang='lat' dir='ltr'>st,</span> <span class='ocrx_word' id='word_1_129' title='bbox 199 2144 247 2193; x_wconf 91' lang='lat' dir='ltr'>ubi</span> <span class='ocrx_word' id='word_1_130' title='bbox 271 2143 306 2192; x_wconf 87' lang='lat' dir='ltr'>de</span> <span class='ocrx_word' id='word_1_131' title='bbox 328 2145 458 2194; x_wconf 83' lang='lat' dir='ltr'>eunuchis</span> <span class='ocrx_word' id='word_1_132' title='bbox 479 2141 582 2193; x_wconf 86' lang='lat' dir='ltr'>locutus</span> <span class='ocrx_word' id='word_1_133' title='bbox 604 2143 639 2191; x_wconf 85' lang='lat' dir='ltr'>lte</span> <span class='ocrx_word' id='word_1_134' title='bbox 709 2145 748 2193; x_wconf 77' lang='lat'>⁴0.</span> <span class='ocrx_word' id='word_1_135' title='bbox 769 2146 809 2194; x_wconf 86' lang='lat' dir='ltr'>ll.</span> <span class='ocrx_word' id='word_1_136' title='bbox 844 2146 966 2206; x_wconf 76' lang='lat' dir='ltr'>impotem</span> <span class='ocrx_word' id='word_1_137' title='bbox 993 2145 1104 2205; x_wconf 78' lang='lat' dir='ltr'>dicitur,</span> <span class='ocrx_word' id='word_1_138' title='bbox 1135 2148 1195 2210; x_wconf 76' lang='lat' dir='ltr'>qui,</span> 
     </span>
     <span class='ocr_line' id='line_1_19' title="bbox 119 2211 1197 2288; baseline 0.003 -22"><span class='ocrx_word' id='word_1_139' title='bbox 119 2220 215 2282; x_wconf 78' lang='lat' dir='ltr'>pergit:</span> <span class='ocrx_word' id='word_1_140' title='bbox 239 2211 332 2280; x_wconf 74' lang='grc' dir='ltr'><strong><em>οὕτως</em></strong></span> <span class='ocrx_word' id='word_1_141' title='bbox 353 2212 372 2283; x_wconf 81' lang='grc' dir='ltr'><strong><em>ἡ</em></strong></span> <span class='ocrx_word' id='word_1_142' title='bbox 392 2211 483 2288; x_wconf 76' lang='grc' dir='ltr'><strong><em>μιαρὰ</em></strong></span> <span class='ocrx_word' id='word_1_143' title='bbox 499 2218 548 2267; x_wconf 76' lang='grc' dir='ltr'>καὶ</span> <span class='ocrx_word' id='word_1_144' title='bbox 567 2232 639 2267; x_wconf 81' lang='grc' dir='ltr'><strong><em>παν·</em></strong></span> <span class='ocrx_word' id='word_1_145' title='bbox 675 2232 738 2268; x_wconf 92' lang='lat' dir='ltr'>cum</span> <span class='ocrx_word' id='word_1_146' title='bbox 750 2220 790 2268; x_wconf 89' lang='lat' dir='ltr'>sui</span> <span class='ocrx_word' id='word_1_147' title='bbox 802 2232 912 2282; x_wconf 90' lang='lat' dir='ltr'>compos</span> <span class='ocrx_word' id='word_1_148' title='bbox 925 2232 976 2267; x_wconf 92' lang='lat' dir='ltr'>non</span> <span class='ocrx_word' id='word_1_149' title='bbox 992 2220 1038 2275; x_wconf 80' lang='lat' dir='ltr'>sit.</span> <span class='ocrx_word' id='word_1_150' title='bbox 1056 2224 1197 2283; x_wconf 79' lang='lat' dir='ltr'>propterea</span> 
     </span>
     <span class='ocr_line' id='line_1_20' title="bbox 118 2285 1197 2361; baseline 0.002 -19"><span class='ocrx_word' id='word_1_151' title='bbox 118 2290 166 2356; x_wconf 82' lang='grc' dir='ltr'>τὸς</span> <span class='ocrx_word' id='word_1_152' title='bbox 181 2289 277 2342; x_wconf 75' lang='grc' dir='ltr'><strong><em>κανοῦ</em></strong></span> <span class='ocrx_word' id='word_1_153' title='bbox 293 2288 466 2355; x_wconf 77' lang='grc' dir='ltr'><strong><em>διδάσκαλος</em></strong></span> <span class='ocrx_word' id='word_1_154' title='bbox 478 2288 574 2361; x_wconf 75' lang='grc' dir='ltr'><strong><em>τρυφὴ</em></strong></span> <span class='ocrx_word' id='word_1_155' title='bbox 586 2285 638 2341; x_wconf 81' lang='grc' dir='ltr'>ἄλ·</span> <span class='ocrx_word' id='word_1_156' title='bbox 675 2292 805 2356; x_wconf 82' lang='lat' dir='ltr'>quidlibet</span> <span class='ocrx_word' id='word_1_157' title='bbox 821 2291 901 2342; x_wconf 84' lang='lat' dir='ltr'>nudet</span> <span class='ocrx_word' id='word_1_158' title='bbox 916 2296 943 2341; x_wconf 84' lang='lat' dir='ltr'>et</span> <span class='ocrx_word' id='word_1_159' title='bbox 958 2294 1078 2355; x_wconf 83' lang='lat' dir='ltr'>quamvis</span> <span class='ocrx_word' id='word_1_160' title='bbox 1095 2294 1197 2357; x_wconf 87' lang='lat' dir='ltr'>cupidl-</span> 
     </span>
     <span class='ocr_line' id='line_1_21' title="bbox 121 2360 1191 2433; baseline 0.005 -16"><span class='ocrx_word' id='word_1_161' title='bbox 121 2366 170 2433; x_wconf 79' lang='grc' dir='ltr'>λην</span> <span class='ocrx_word' id='word_1_162' title='bbox 185 2362 234 2417; x_wconf 76' lang='grc' dir='ltr'>εἰτ’</span> <span class='ocrx_word' id='word_1_163' title='bbox 251 2360 343 2431; x_wconf 79' lang='grc' dir='ltr'><strong><em>ἄλλης</em></strong></span> <span class='ocrx_word' id='word_1_164' title='bbox 358 2361 465 2432; x_wconf 78' lang='grc' dir='ltr'><strong><em>ἡδονὰς</em></strong></span> <span class='ocrx_word' id='word_1_165' title='bbox 480 2361 639 2425; x_wconf 79' lang='grc' dir='ltr'><strong><em>ἀνυισχύν-</em></strong></span> <span class='ocrx_word' id='word_1_166' title='bbox 675 2381 738 2417; x_wconf 86' lang='lat' dir='ltr'>uem</span> <span class='ocrx_word' id='word_1_167' title='bbox 750 2366 855 2431; x_wconf 85' lang='lat' dir='ltr'>explere</span> <span class='ocrx_word' id='word_1_168' title='bbox 867 2368 952 2429; x_wconf 77' lang='lat' dir='ltr'>gestu.</span> <span class='ocrx_word' id='word_1_169' title='bbox 973 2368 1026 2417; x_wconf 92' lang='lat' dir='ltr'>Cic.</span> <span class='ocrx_word' id='word_1_170' title='bbox 1038 2366 1069 2415; x_wconf 82' lang='lat' dir='ltr'>nd</span> <span class='ocrx_word' id='word_1_171' title='bbox 1085 2368 1154 2417; x_wconf 84' lang='lat' dir='ltr'>Foru.</span> <span class='ocrx_word' id='word_1_172' title='bbox 1168 2368 1191 2422; x_wconf 64' lang='lat' dir='ltr'>l¹</span> 
     </span>
     <span class='ocr_line' id='line_1_22' title="bbox 119 2436 1198 2512; baseline 0.001 -22"><span class='ocrx_word' id='word_1_173' title='bbox 119 2457 185 2505; x_wconf 82' lang='grc' dir='ltr'><strong><em>τους</em></strong></span> <span class='ocrx_word' id='word_1_174' title='bbox 208 2438 369 2492; x_wconf 76' lang='grc' dir='ltr'><strong><em>ἐπινοοῦυα</em></strong></span> <span class='ocrx_word' id='word_1_175' title='bbox 389 2443 475 2512; x_wconf 76' lang='grc' dir='ltr'><strong><em>μέχρι</em></strong></span> <span class='ocrx_word' id='word_1_176' title='bbox 498 2439 549 2506; x_wconf 81' lang='grc' dir='ltr'>τῆς</span> <span class='ocrx_word' id='word_1_177' title='bbox 571 2436 638 2491; x_wconf 79' lang='grc' dir='ltr'><strong><em>οὐδὲ</em></strong></span> <span class='ocrx_word' id='word_1_178' title='bbox 675 2444 704 2501; x_wconf 84' lang='grc'>9,</span> <span class='ocrx_word' id='word_1_179' title='bbox 726 2442 754 2491; x_wconf 82' lang='lat'>³:</span> <span class='ocrx_word' id='word_1_180' title='bbox 781 2442 1020 2491; x_wconf 64' lang='lat' dir='ltr'>victorio-ettam</span> <span class='ocrx_word' id='word_1_181' title='bbox 1037 2442 1070 2490; x_wconf 75' lang='lat' dir='ltr'>oo</span> <span class='ocrx_word' id='word_1_182' title='bbox 1086 2442 1198 2491; x_wconf 74' lang='lat' dir='ltr'>meliores</span> 
     </span>
     <span class='ocr_line' id='line_1_23' title="bbox 119 2512 1198 2585; baseline 0.002 -20"><span class='ocrx_word' id='word_1_183' title='bbox 119 2512 243 2585; x_wconf 73' lang='grc' dir='ltr'><strong><em>ῥηθῆναι</em></strong></span> <span class='ocrx_word' id='word_1_184' title='bbox 260 2514 421 2582; x_wconf 77' lang='grc' dir='ltr'><strong><em>δυναμένης</em></strong></span> <span class='ocrx_word' id='word_1_185' title='bbox 436 2514 527 2567; x_wconf 90' lang='grc' dir='ltr'><strong><em>νόσου</em></strong></span> <span class='ocrx_word' id='word_1_186' title='bbox 544 2512 639 2567; x_wconf 68' lang='lat' dir='ltr'>mri-</span> <span class='ocrx_word' id='word_1_187' title='bbox 673 2519 748 2577; x_wconf 73' lang='grc' dir='ltr'>υιιιίι,</span> <span class='ocrx_word' id='word_1_188' title='bbox 761 2522 843 2567; x_wconf 79' lang='lat' dir='ltr'>tomen</span> <span class='ocrx_word' id='word_1_189' title='bbox 852 2530 892 2567; x_wconf 82' lang='lat' dir='ltr'>eos</span> <span class='ocrx_word' id='word_1_190' title='bbox 901 2518 967 2579; x_wconf 83' lang='lat' dir='ltr'>ipsos</span> <span class='ocrx_word' id='word_1_191' title='bbox 976 2516 1108 2579; x_wconf 71' lang='lat' dir='ltr'>ferociores</span> <span class='ocrx_word' id='word_1_192' title='bbox 1118 2518 1198 2577; x_wconf 76' lang='lat' dir='ltr'>impo-</span> 
     </span>
     <span class='ocr_line' id='line_1_24' title="bbox 120 2590 1195 2654; baseline 0 -13"><span class='ocrx_word' id='word_1_193' title='bbox 120 2590 224 2641; x_wconf 81' lang='grc' dir='ltr'><strong><em>λιοθεν.</em></strong></span> <span class='ocrx_word' id='word_1_194' title='bbox 243 2591 379 2642; x_wconf 86' lang='lat' dir='ltr'>Eunuchis</span> <span class='ocrx_word' id='word_1_195' title='bbox 395 2592 473 2654; x_wconf 81' lang='lat' dir='ltr'>igitur</span> <span class='ocrx_word' id='word_1_196' title='bbox 489 2593 544 2642; x_wconf 89' lang='lat' dir='ltr'>suis</span> <span class='ocrx_word' id='word_1_197' title='bbox 559 2591 638 2641; x_wconf 87' lang='lat' dir='ltr'>Cleo-</span> <span class='ocrx_word' id='word_1_198' title='bbox 673 2593 834 2653; x_wconf 73' lang='lat' dir='ltr'>lentioresque</span> <span class='ocrx_word' id='word_1_199' title='bbox 845 2592 933 2641; x_wconf 80' lang='lat' dir='ltr'>reddit.</span> <span class='ocrx_word' id='word_1_200' title='bbox 950 2593 989 2642; x_wconf 89' lang='lat' dir='ltr'>De</span> <span class='ocrx_word' id='word_1_201' title='bbox 1001 2592 1195 2641; x_wconf 88' lang='lat' dir='ltr'>constructione</span> 
     </span>
     <span class='ocr_line' id='line_1_25' title="bbox 119 2665 1197 2729; baseline -0.001 -13"><span class='ocrx_word' id='word_1_202' title='bbox 119 2670 191 2729; x_wconf 82' lang='lat' dir='ltr'>petre</span> <span class='ocrx_word' id='word_1_203' title='bbox 208 2665 283 2716; x_wconf 77' lang='lat' dir='ltr'>abuti</span> <span class='ocrx_word' id='word_1_204' title='bbox 300 2665 404 2716; x_wconf 79' lang='lat' dir='ltr'>solebat</span> <span class='ocrx_word' id='word_1_205' title='bbox 415 2666 448 2716; x_wconf 81' lang='lat' dir='ltr'>nd</span> <span class='ocrx_word' id='word_1_206' title='bbox 459 2665 639 2716; x_wconf 83' lang='lat' dir='ltr'>libidinosissi-</span> <span class='ocrx_word' id='word_1_207' title='bbox 674 2666 742 2717; x_wconf 88' lang='lat' dir='ltr'>conl.</span> <span class='ocrx_word' id='word_1_208' title='bbox 757 2667 790 2717; x_wconf 83' lang='lat' dir='ltr'>ed</span> <span class='ocrx_word' id='word_1_209' title='bbox 807 2666 854 2717; x_wconf 91' lang='lat' dir='ltr'>Od.</span> <span class='ocrx_word' id='word_1_210' title='bbox 869 2668 892 2725; x_wconf 87' lang='lat' dir='ltr'>l,</span> <span class='ocrx_word' id='word_1_211' title='bbox 911 2666 951 2725; x_wconf 78' lang='lat'>35,</span> <span class='ocrx_word' id='word_1_212' title='bbox 970 2668 994 2715; x_wconf 74' lang='lat'>2.</span> <span class='ocrx_word' id='word_1_213' title='bbox 1016 2694 1042 2704; x_wconf 92' lang='lat'>-</span> <span class='ocrx_word' id='word_1_214' title='bbox 1060 2667 1138 2715; x_wconf 68' lang='lat' dir='ltr'>dubis</span> <span class='ocrx_word' id='word_1_215' title='bbox 1148 2680 1197 2715; x_wconf 84' lang='lat' dir='ltr'>ro·</span> 
     </span>
     <span class='ocr_line' id='line_1_26' title="bbox 120 2738 1196 2805; baseline -0.002 -14"><span class='ocrx_word' id='word_1_216' title='bbox 120 2754 190 2792; x_wconf 83' lang='lat' dir='ltr'>mem</span> <span class='ocrx_word' id='word_1_217' title='bbox 218 2742 368 2801; x_wconf 85' lang='lat' dir='ltr'>Venerem,</span> <span class='ocrx_word' id='word_1_218' title='bbox 403 2754 484 2805; x_wconf 64' lang='lat' dir='ltr'>mern</span> <span class='ocrx_word' id='word_1_219' title='bbox 510 2740 639 2804; x_wconf 73' lang='lat' dir='ltr'>significet</span> <span class='ocrx_word' id='word_1_220' title='bbox 674 2744 751 2790; x_wconf 85' lang='lat' dir='ltr'>cetur</span> <span class='ocrx_word' id='word_1_221' title='bbox 764 2742 868 2804; x_wconf 73' lang='lat' dir='ltr'>fortune</span> <span class='ocrx_word' id='word_1_222' title='bbox 885 2740 962 2790; x_wconf 90' lang='lat' dir='ltr'>nimis</span> <span class='ocrx_word' id='word_1_223' title='bbox 979 2738 1077 2790; x_wconf 79' lang='lat' dir='ltr'>blenda</span> <span class='ocrx_word' id='word_1_224' title='bbox 1090 2744 1116 2790; x_wconf 88' lang='lat' dir='ltr'>et</span> <span class='ocrx_word' id='word_1_225' title='bbox 1133 2753 1196 2803; x_wconf 90' lang='lat' dir='ltr'>pro-</span> 
     </span>
     <span class='ocr_line' id='line_1_27' title="bbox 121 2813 1192 2881; baseline -0.002 -16"><span class='ocrx_word' id='word_1_226' title='bbox 121 2817 203 2880; x_wconf 77' lang='lat' dir='ltr'>Priep,</span> <span class='ocrx_word' id='word_1_227' title='bbox 222 2816 270 2876; x_wconf 81' lang='grc'>78,</span> <span class='ocrx_word' id='word_1_228' title='bbox 287 2818 312 2865; x_wconf 77' lang='lat'>2.</span> <span class='ocrx_word' id='word_1_229' title='bbox 332 2818 359 2865; x_wconf 88' lang='lat' dir='ltr'>et</span> <span class='ocrx_word' id='word_1_230' title='bbox 370 2814 477 2866; x_wconf 66' lang='lat' dir='ltr'>mantnt</span> <span class='ocrx_word' id='word_1_231' title='bbox 495 2817 534 2877; x_wconf 74' lang='lat' dir='ltr'>ti,</span> <span class='ocrx_word' id='word_1_232' title='bbox 553 2816 593 2864; x_wconf 76' lang='lat'>59.</span> <span class='ocrx_word' id='word_1_233' title='bbox 609 2840 636 2849; x_wconf 90' lang='lat'>—-</span> <span class='ocrx_word' id='word_1_234' title='bbox 673 2819 764 2881; x_wconf 83' lang='lat' dir='ltr'>pterea</span> <span class='ocrx_word' id='word_1_235' title='bbox 777 2815 852 2866; x_wconf 85' lang='lat' dir='ltr'>lellnx</span> <span class='ocrx_word' id='word_1_236' title='bbox 864 2818 942 2878; x_wconf 82' lang='lat' dir='ltr'>atque</span> <span class='ocrx_word' id='word_1_237' title='bbox 955 2816 1062 2865; x_wconf 83' lang='lat' dir='ltr'>exitium</span> <span class='ocrx_word' id='word_1_238' title='bbox 1075 2813 1192 2864; x_wconf 78' lang='lat' dir='ltr'>allatura.</span> 
     </span>
     <span class='ocr_line' id='line_1_28' title="bbox 121 2887 1196 2955; baseline 0.003 -20"><span class='ocrx_word' id='word_1_239' title='bbox 121 2891 147 2939; x_wconf 85' lang='lat' dir='ltr'>v.</span> <span class='ocrx_word' id='word_1_240' title='bbox 165 2891 399 2952; x_wconf 68' lang='lat' dir='ltr'>minurientem,</span> <span class='ocrx_word' id='word_1_241' title='bbox 416 2890 637 2950; x_wconf 71' lang='lat' dir='ltr'>utcontotnlmto,</span> <span class='ocrx_word' id='word_1_242' title='bbox 708 2892 747 2940; x_wconf 69' lang='lat' dir='ltr'>lu.</span> <span class='ocrx_word' id='word_1_243' title='bbox 766 2892 852 2955; x_wconf 77' lang='lat' dir='ltr'>Ebrio]</span> <span class='ocrx_word' id='word_1_244' title='bbox 872 2889 969 2940; x_wconf 84' lang='lat' dir='ltr'>«rebus</span> <span class='ocrx_word' id='word_1_245' title='bbox 987 2890 1111 2941; x_wconf 87' lang='lat' dir='ltr'>secundis</span> <span class='ocrx_word' id='word_1_246' title='bbox 1130 2887 1196 2939; x_wconf 80' lang='lat' dir='ltr'>elate</span> 
     </span>
     <span class='ocr_line' id='line_1_29' title="bbox 121 2962 1197 3029; baseline 0 -17"><span class='ocrx_word' id='word_1_247' title='bbox 121 2966 250 3028; x_wconf 73' lang='lat' dir='ltr'>imprimis</span> <span class='ocrx_word' id='word_1_248' title='bbox 269 2962 305 3011; x_wconf 83' lang='lat' dir='ltr'>ed</span> <span class='ocrx_word' id='word_1_249' title='bbox 326 2964 443 3013; x_wconf 83' lang='lat' dir='ltr'>animum</span> <span class='ocrx_word' id='word_1_250' title='bbox 463 2964 578 3014; x_wconf 78' lang='lat' dir='ltr'>retertur</span> <span class='ocrx_word' id='word_1_251' title='bbox 597 2964 639 3013; x_wconf 91' lang='lat' dir='ltr'>in·</span> <span class='ocrx_word' id='word_1_252' title='bbox 675 2968 702 3016; x_wconf 85' lang='lat' dir='ltr'>et</span> <span class='ocrx_word' id='word_1_253' title='bbox 729 2966 816 3029; x_wconf 85' lang='lat' dir='ltr'>impos</span> <span class='ocrx_word' id='word_1_254' title='bbox 844 2966 974 3023; x_wconf 55' lang='lat' dir='ltr'>mention</span> <span class='ocrx_word' id='word_1_255' title='bbox 1010 2964 1085 3015; x_wconf 88' lang='lat' dir='ltr'>solito</span> <span class='ocrx_word' id='word_1_256' title='bbox 1117 2965 1197 3013; x_wconf 85' lang='lat' dir='ltr'>etiem</span> 
     </span>
     <span class='ocr_line' id='line_1_30' title="bbox 122 3038 1194 3103; baseline -0.002 -14"><span class='ocrx_word' id='word_1_257' title='bbox 122 3052 182 3089; x_wconf 81' lang='lat' dir='ltr'>sene</span> <span class='ocrx_word' id='word_1_258' title='bbox 192 3038 303 3089; x_wconf 89' lang='lat' dir='ltr'>libidine</span> <span class='ocrx_word' id='word_1_259' title='bbox 313 3039 481 3101; x_wconf 76' lang='lat' dir='ltr'>flagrantem,</span> <span class='ocrx_word' id='word_1_260' title='bbox 499 3041 549 3089; x_wconf 88' lang='lat' dir='ltr'>etsi</span> <span class='ocrx_word' id='word_1_261' title='bbox 560 3040 640 3089; x_wconf 81' lang='lat' dir='ltr'>etiem</span> <span class='ocrx_word' id='word_1_262' title='bbox 676 3040 781 3088; x_wconf 81' lang='lat' dir='ltr'>Graecis</span> <span class='ocrx_word' id='word_1_263' title='bbox 808 3042 892 3103; x_wconf 88' lang='lat' dir='ltr'>tropo.</span> <span class='ocrx_word' id='word_1_264' title='bbox 916 3042 1010 3088; x_wconf 78' lang='lat' dir='ltr'>Anacr.</span> <span class='ocrx_word' id='word_1_265' title='bbox 1034 3040 1135 3101; x_wconf 73' lang='lat' dir='ltr'>Fregrn.</span> <span class='ocrx_word' id='word_1_266' title='bbox 1156 3040 1194 3087; x_wconf 74' lang='lat' dir='ltr'>ti.</span> 
     </span>
     <span class='ocr_line' id='line_1_31' title="bbox 122 3106 1194 3180; baseline -0.003 -19"><span class='ocrx_word' id='word_1_267' title='bbox 122 3118 227 3163; x_wconf 81' lang='lat' dir='ltr'>externe</span> <span class='ocrx_word' id='word_1_268' title='bbox 252 3114 349 3163; x_wconf 89' lang='lat' dir='ltr'>borum</span> <span class='ocrx_word' id='word_1_269' title='bbox 374 3112 510 3164; x_wconf 86' lang='lat' dir='ltr'>bominum</span> <span class='ocrx_word' id='word_1_270' title='bbox 535 3115 639 3178; x_wconf 85' lang='lat' dir='ltr'>species</span> <span class='ocrx_word' id='word_1_271' title='bbox 675 3127 701 3177; x_wconf 90' lang='lat' dir='ltr'>p.</span> <span class='ocrx_word' id='word_1_272' title='bbox 732 3113 788 3161; x_wconf 79' lang='lat' dir='ltr'>too.</span> <span class='ocrx_word' id='word_1_273' title='bbox 818 3112 926 3173; x_wconf 62' lang='lat' dir='ltr'>Bergk:</span> <span class='ocrx_word' id='word_1_274' title='bbox 960 3108 1076 3176; x_wconf 73' lang='grc' dir='ltr'><strong><em>μεθύων</em></strong></span> <span class='ocrx_word' id='word_1_275' title='bbox 1102 3106 1194 3180; x_wconf 76' lang='grc' dir='ltr'><strong><em>ἔρωτι.</em></strong></span> 
     </span>
     <span class='ocr_line' id='line_1_32' title="bbox 122 3185 1193 3251; baseline -0.004 -14"><span class='ocrx_word' id='word_1_276' title='bbox 122 3186 277 3251; x_wconf 71' lang='lat' dir='ltr'>plerumque</span> <span class='ocrx_word' id='word_1_277' title='bbox 300 3186 377 3236; x_wconf 83' lang='lat' dir='ltr'>loedn</span> <span class='ocrx_word' id='word_1_278' title='bbox 399 3191 447 3237; x_wconf 86' lang='lat' dir='ltr'>est.</span> <span class='ocrx_word' id='word_1_279' title='bbox 477 3188 529 3238; x_wconf 81' lang='lat' dir='ltr'>Cir.</span> <span class='ocrx_word' id='word_1_280' title='bbox 554 3187 636 3251; x_wconf 74' lang='lat' dir='ltr'>epod,</span> <span class='ocrx_word' id='word_1_281' title='bbox 675 3188 807 3251; x_wconf 85' lang='lat' dir='ltr'>Theophr.</span> <span class='ocrx_word' id='word_1_282' title='bbox 831 3186 902 3250; x_wconf 83' lang='lat' dir='ltr'>opud</span> <span class='ocrx_word' id='word_1_283' title='bbox 925 3185 996 3235; x_wconf 86' lang='lat' dir='ltr'>Stob.</span> <span class='ocrx_word' id='word_1_284' title='bbox 1015 3186 1062 3235; x_wconf 85' lang='lat' dir='ltr'>Tit.</span> <span class='ocrx_word' id='word_1_285' title='bbox 1083 3187 1126 3243; x_wconf 79' lang='lat' dir='ltr'>lo.</span> <span class='ocrx_word' id='word_1_286' title='bbox 1151 3188 1193 3234; x_wconf 72' lang='lat' dir='ltr'>li:</span> 
     </span>
     <span class='ocr_line' id='line_1_33' title="bbox 122 3258 1196 3326; baseline -0.003 -16"><span class='ocrx_word' id='word_1_287' title='bbox 122 3264 149 3321; x_wconf 77' lang='grc'>9,</span> <span class='ocrx_word' id='word_1_288' title='bbox 169 3263 212 3310; x_wconf 86' lang='lat' dir='ltr'>ll:</span> <span class='ocrx_word' id='word_1_289' title='bbox 231 3262 568 3323; x_wconf 54' lang='lat' dir='ltr'>nomem-spadonibus</span> <span class='ocrx_word' id='word_1_290' title='bbox 578 3263 639 3311; x_wconf 80' lang='lat' dir='ltr'>Ser-</span> <span class='ocrx_word' id='word_1_291' title='bbox 675 3258 792 3326; x_wconf 78' lang='grc' dir='ltr'><strong><em>μεθύων</em></strong></span> <span class='ocrx_word' id='word_1_292' title='bbox 821 3264 882 3322; x_wconf 76' lang='grc' dir='ltr'><strong><em>ιαῖς</em></strong></span> <span class='ocrx_word' id='word_1_293' title='bbox 910 3258 1106 3321; x_wconf 67' lang='grc' dir='ltr'><strong><em>φιλονεικίας.</em></strong></span> <span class='ocrx_word' id='word_1_294' title='bbox 1143 3260 1196 3307; x_wconf 90' lang='lat' dir='ltr'>De-</span> 
     </span>
     <span class='ocr_line' id='line_1_34' title="bbox 120 3328 1196 3401; baseline -0.005 -16"><span class='ocrx_word' id='word_1_295' title='bbox 120 3338 171 3386; x_wconf 79' lang='lat' dir='ltr'>vire</span> <span class='ocrx_word' id='word_1_296' title='bbox 191 3338 292 3401; x_wconf 69' lang='lat' dir='ltr'>nopotis</span> <span class='ocrx_word' id='word_1_297' title='bbox 310 3341 391 3398; x_wconf 72' lang='lat' dir='ltr'>potent</span> <span class='ocrx_word' id='word_1_298' title='bbox 407 3337 573 3400; x_wconf 78' lang='lat' dir='ltr'>(praesertim</span> <span class='ocrx_word' id='word_1_299' title='bbox 592 3339 640 3385; x_wconf 82' lang='lat' dir='ltr'>Po-</span> <span class='ocrx_word' id='word_1_300' title='bbox 678 3338 773 3387; x_wconf 88' lang='lat' dir='ltr'>mostb.</span> <span class='ocrx_word' id='word_1_301' title='bbox 794 3335 857 3385; x_wconf 86' lang='lat' dir='ltr'>Phil.</span> <span class='ocrx_word' id='word_1_302' title='bbox 878 3336 901 3383; x_wconf 87' lang='lat' dir='ltr'>t.</span> <span class='ocrx_word' id='word_1_303' title='bbox 920 3347 946 3397; x_wconf 90' lang='lat' dir='ltr'>p.</span> <span class='ocrx_word' id='word_1_304' title='bbox 966 3332 1011 3384; x_wconf 78' lang='lat' dir='ltr'>sl:</span> <span class='ocrx_word' id='word_1_305' title='bbox 1031 3328 1112 3397; x_wconf 71' lang='grc' dir='ltr'><strong><em>οἶμαι</em></strong></span> <span class='ocrx_word' id='word_1_306' title='bbox 1124 3330 1196 3381; x_wconf 88' lang='grc' dir='ltr'><strong><em>ε’κεῑ-</em></strong></span> 
     </span>
     <span class='ocr_line' id='line_1_35' title="bbox 122 3400 1197 3475; baseline -0.006 -16"><span class='ocrx_word' id='word_1_307' title='bbox 122 3410 193 3461; x_wconf 85' lang='lat' dir='ltr'>tbino</span> <span class='ocrx_word' id='word_1_308' title='bbox 217 3414 247 3461; x_wconf 85' lang='lat' dir='ltr'>et</span> <span class='ocrx_word' id='word_1_309' title='bbox 270 3410 419 3473; x_wconf 77' lang='lat' dir='ltr'>blardlonll.</span> <span class='ocrx_word' id='word_1_310' title='bbox 461 3411 640 3473; x_wconf 79' lang='lat' dir='ltr'>contemptim</span> <span class='ocrx_word' id='word_1_311' title='bbox 676 3425 727 3459; x_wconf 90' lang='grc' dir='ltr'>νον</span> <span class='ocrx_word' id='word_1_312' title='bbox 749 3408 867 3475; x_wconf 83' lang='grc' dir='ltr'><strong><em>μεθύειν</em></strong></span> <span class='ocrx_word' id='word_1_313' title='bbox 887 3406 926 3474; x_wconf 79' lang='grc' dir='ltr'>τῷ</span> <span class='ocrx_word' id='word_1_314' title='bbox 944 3408 1057 3472; x_wconf 74' lang='grc' dir='ltr'><strong><em>μεγέθει</em></strong></span> <span class='ocrx_word' id='word_1_315' title='bbox 1074 3400 1130 3454; x_wconf 82' lang='grc' dir='ltr'>τῶν</span> <span class='ocrx_word' id='word_1_316' title='bbox 1148 3418 1197 3454; x_wconf 79' lang='grc' dir='ltr'>πε-</span> 
     </span>
     <span class='ocr_line' id='line_1_36' title="bbox 122 3480 1194 3555; baseline -0.007 -20"><span class='ocrx_word' id='word_1_317' title='bbox 122 3487 199 3537; x_wconf 82' lang='lat' dir='ltr'>ctiem</span> <span class='ocrx_word' id='word_1_318' title='bbox 219 3500 248 3535; x_wconf 88' lang='lat' dir='ltr'>v.</span> <span class='ocrx_word' id='word_1_319' title='bbox 265 3500 349 3550; x_wconf 74' lang='lat' dir='ltr'>prope.</span> <span class='ocrx_word' id='word_1_320' title='bbox 368 3486 438 3535; x_wconf 88' lang='lat' dir='ltr'>Suel.</span> <span class='ocrx_word' id='word_1_321' title='bbox 458 3486 506 3536; x_wconf 85' lang='lat' dir='ltr'>Tit.</span> <span class='ocrx_word' id='word_1_322' title='bbox 524 3486 552 3534; x_wconf 76' lang='lat' dir='ltr'>&#39;lt</span> <span class='ocrx_word' id='word_1_323' title='bbox 579 3498 640 3546; x_wconf 79' lang='lat' dir='ltr'>epo-</span> <span class='ocrx_word' id='word_1_324' title='bbox 676 3486 853 3555; x_wconf 69' lang='grc' dir='ltr'><strong><em>ιιραγμένων.</em></strong></span> <span class='ocrx_word' id='word_1_325' title='bbox 878 3483 1010 3533; x_wconf 86' lang='lat' dir='ltr'>Himerius</span> <span class='ocrx_word' id='word_1_326' title='bbox 1027 3480 1081 3532; x_wconf 88' lang='lat' dir='ltr'>Eol.</span> <span class='ocrx_word' id='word_1_327' title='bbox 1101 3482 1130 3537; x_wconf 67' lang='grc' dir='ltr'>θ,</span> <span class='ocrx_word' id='word_1_328' title='bbox 1151 3481 1194 3529; x_wconf 81' lang='lat'>⁴5:</span> 
     </span>
     <span class='ocr_line' id='line_1_37' title="bbox 121 3550 1195 3641; baseline -0.007 -29"><span class='ocrx_word' id='word_1_329' title='bbox 121 3562 211 3611; x_wconf 67' lang='lat' dir='ltr'>dmm</span> <span class='ocrx_word' id='word_1_330' title='bbox 225 3574 320 3624; x_wconf 65' lang='lat' dir='ltr'>propes</span> <span class='ocrx_word' id='word_1_331' title='bbox 341 3561 479 3623; x_wconf 76' lang='lat' dir='ltr'>(Ammine.</span> <span class='ocrx_word' id='word_1_332' title='bbox 498 3561 578 3610; x_wconf 79' lang='lat' dir='ltr'>Marc.</span> <span class='ocrx_word' id='word_1_333' title='bbox 598 3558 638 3619; x_wconf 86' lang='lat' dir='ltr'>ll,</span> <span class='ocrx_word' id='word_1_334' title='bbox 676 3561 702 3608; x_wconf 89' lang='grc' dir='ltr'>εἰ</span> <span class='ocrx_word' id='word_1_335' title='bbox 718 3556 833 3628; x_wconf 77' lang='grc' dir='ltr'><strong><em>σφόδρα</em></strong></span> <span class='ocrx_word' id='word_1_336' title='bbox 849 3570 891 3619; x_wconf 75' lang='grc' dir='ltr'>τις</span> <span class='ocrx_word' id='word_1_337' title='bbox 905 3550 1085 3641; x_wconf 56' lang='grc' dir='ltr'><strong><em>Ἀλέξανδρον</em></strong></span> <span class='ocrx_word' id='word_1_338' title='bbox 1103 3550 1195 3618; x_wconf 77' lang='grc' dir='ltr'><strong><em>μεθυ-</em></strong></span> 
     </span>
     <span class='ocr_line' id='line_1_38' title="bbox 122 3626 1177 3697; baseline -0.008 -12"><span class='ocrx_word' id='word_1_339' title='bbox 122 3636 149 3693; x_wconf 82' lang='grc'>6,</span> <span class='ocrx_word' id='word_1_340' title='bbox 176 3636 221 3685; x_wconf 74' lang='lat' dir='ltr'>lt:</span> <span class='ocrx_word' id='word_1_341' title='bbox 248 3637 370 3697; x_wconf 73' lang='lat' dir='ltr'>spadones</span> <span class='ocrx_word' id='word_1_342' title='bbox 392 3636 469 3685; x_wconf 69' lang='lat' dir='ltr'>letoldi</span> <span class='ocrx_word' id='word_1_343' title='bbox 489 3636 641 3696; x_wconf 70' lang='lat' dir='ltr'>distortoque</span> <span class='ocrx_word' id='word_1_344' title='bbox 676 3649 717 3684; x_wconf 90' lang='grc' dir='ltr'>ειν</span> <span class='ocrx_word' id='word_1_345' title='bbox 735 3627 860 3697; x_wconf 79' lang='grc' dir='ltr'><strong><em>ὑπὸτῆς</em></strong></span> <span class='ocrx_word' id='word_1_346' title='bbox 877 3626 1011 3693; x_wconf 73' lang='grc' dir='ltr'>εὐτυχίας</span> <span class='ocrx_word' id='word_1_347' title='bbox 1029 3627 1177 3695; x_wconf 55' lang='lat' dir='ltr'>vasileos.</span> 
     </span>
    </p>

    <p class='ocr_par' dir='ltr' id='par_1_7' title="bbox 121 3704 1252 4296">
     <span class='ocr_line' id='line_1_39' title="bbox 121 3704 1196 3773; baseline -0.004 -15"><span class='ocrx_word' id='word_1_348' title='bbox 121 3710 325 3759; x_wconf 67' lang='lat' dir='ltr'>imminentem</span> <span class='ocrx_word' id='word_1_349' title='bbox 351 3723 470 3773; x_wconf 73' lang='lat' dir='ltr'>cornpnqe</span> <span class='ocrx_word' id='word_1_350' title='bbox 501 3708 640 3772; x_wconf 69' lang='lat' dir='ltr'>desuem.)</span> <span class='ocrx_word' id='word_1_351' title='bbox 709 3709 748 3759; x_wconf 81' lang='grc'>43.</span> <span class='ocrx_word' id='word_1_352' title='bbox 771 3709 817 3757; x_wconf 73' lang='lat' dir='ltr'>Vin</span> <span class='ocrx_word' id='word_1_353' title='bbox 832 3708 892 3771; x_wconf 82' lang='lat' dir='ltr'>uno]</span> <span class='ocrx_word' id='word_1_354' title='bbox 913 3704 999 3769; x_wconf 63' lang='lat' dir='ltr'>«quod</span> <span class='ocrx_word' id='word_1_355' title='bbox 1016 3706 1058 3753; x_wconf 83' lang='lat' dir='ltr'>vix</span> <span class='ocrx_word' id='word_1_356' title='bbox 1077 3717 1128 3754; x_wconf 82' lang='lat' dir='ltr'>unu</span> <span class='ocrx_word' id='word_1_357' title='bbox 1147 3717 1196 3754; x_wconf 84' lang='lat' dir='ltr'>ua-</span> 
     </span>
     <span class='ocr_line' id='line_1_40' title="bbox 122 3779 1198 3847; baseline -0.006 -15"><span class='ocrx_word' id='word_1_358' title='bbox 122 3785 199 3833; x_wconf 78' lang='lat' dir='ltr'>Tacit.</span> <span class='ocrx_word' id='word_1_359' title='bbox 223 3788 292 3834; x_wconf 80' lang='lat' dir='ltr'>Ann.</span> <span class='ocrx_word' id='word_1_360' title='bbox 312 3786 356 3843; x_wconf 79' lang='lat' dir='ltr'>tt,</span> <span class='ocrx_word' id='word_1_361' title='bbox 380 3784 423 3833; x_wconf 77' lang='lat'>³7:</span> <span class='ocrx_word' id='word_1_362' title='bbox 452 3786 519 3834; x_wconf 81' lang='lat' dir='ltr'>Nero</span> <span class='ocrx_word' id='word_1_363' title='bbox 540 3784 585 3833; x_wconf 79' lang='grc' dir='ltr'><strong><em>νυι·</em></strong></span> <span class='ocrx_word' id='word_1_364' title='bbox 607 3796 640 3832; x_wconf 81' lang='lat' dir='ltr'>er</span> <span class='ocrx_word' id='word_1_365' title='bbox 676 3786 715 3834; x_wconf 85' lang='lat' dir='ltr'>vis</span> <span class='ocrx_word' id='word_1_366' title='bbox 732 3796 827 3847; x_wconf 90' lang='lat' dir='ltr'>sospes</span> <span class='ocrx_word' id='word_1_367' title='bbox 844 3784 926 3831; x_wconf 75' lang='lat' dir='ltr'>eret.»</span> <span class='ocrx_word' id='word_1_368' title='bbox 962 3782 1047 3829; x_wconf 82' lang='lat' dir='ltr'>llease</span> <span class='ocrx_word' id='word_1_369' title='bbox 1065 3779 1099 3830; x_wconf 85' lang='lat' dir='ltr'>ed</span> <span class='ocrx_word' id='word_1_370' title='bbox 1111 3780 1198 3842; x_wconf 80' lang='lat' dir='ltr'>Reisig</span> 
     </span>
     <span class='ocr_line' id='line_1_41' title="bbox 121 3855 1195 3923; baseline -0.004 -16"><span class='ocrx_word' id='word_1_371' title='bbox 121 3857 162 3907; x_wconf 76' lang='lat' dir='ltr'>illo</span> <span class='ocrx_word' id='word_1_372' title='bbox 184 3859 413 3908; x_wconf 62' lang='lat' dir='ltr'>commortuo</span> <span class='ocrx_word' id='word_1_373' title='bbox 436 3872 512 3923; x_wconf 74' lang='lat' dir='ltr'>prope</span> <span class='ocrx_word' id='word_1_374' title='bbox 536 3860 563 3907; x_wconf 81' lang='lat' dir='ltr'>in</span> <span class='ocrx_word' id='word_1_375' title='bbox 583 3872 640 3906; x_wconf 87' lang='lat' dir='ltr'>mo-</span> <span class='ocrx_word' id='word_1_376' title='bbox 676 3861 703 3909; x_wconf 79' lang='grc'>1,.</span> <span class='ocrx_word' id='word_1_377' title='bbox 720 3861 765 3909; x_wconf 82' lang='lat' dir='ltr'>Gr.</span> <span class='ocrx_word' id='word_1_378' title='bbox 786 3870 843 3921; x_wconf 78' lang='lat' dir='ltr'>pag.</span> <span class='ocrx_word' id='word_1_379' title='bbox 864 3855 919 3905; x_wconf 82' lang='grc'>634.</span> <span class='ocrx_word' id='word_1_380' title='bbox 939 3856 968 3903; x_wconf 90' lang='lat' dir='ltr'>ln</span> <span class='ocrx_word' id='word_1_381' title='bbox 984 3868 1071 3919; x_wconf 84' lang='lat' dir='ltr'>pugne</span> <span class='ocrx_word' id='word_1_382' title='bbox 1088 3856 1195 3905; x_wconf 79' lang='lat' dir='ltr'>Actiaco</span> 
     </span>
     <span class='ocr_line' id='line_1_42' title="bbox 121 3931 1194 3997; baseline -0.004 -16"><span class='ocrx_word' id='word_1_383' title='bbox 121 3932 642 3997; x_wconf 66' lang='lat' dir='ltr'>dmrdtemimnconiupionnndenupsit</span> <span class='ocrx_word' id='word_1_384' title='bbox 676 3934 819 3984; x_wconf 83' lang='lat' dir='ltr'>commissa</span> <span class='ocrx_word' id='word_1_385' title='bbox 841 3932 882 3980; x_wconf 88' lang='lat' dir='ltr'>lV.</span> <span class='ocrx_word' id='word_1_386' title='bbox 905 3931 971 3979; x_wconf 85' lang='lat' dir='ltr'>Non.</span> <span class='ocrx_word' id='word_1_387' title='bbox 990 3931 1062 3995; x_wconf 88' lang='lat' dir='ltr'>Sept.</span> <span class='ocrx_word' id='word_1_388' title='bbox 1082 3944 1106 3980; x_wconf 83' lang='grc' dir='ltr'>ε.</span> <span class='ocrx_word' id='word_1_389' title='bbox 1125 3943 1151 3978; x_wconf 90' lang='lat' dir='ltr'>u.</span> <span class='ocrx_word' id='word_1_390' title='bbox 1171 3943 1194 3977; x_wconf 94' lang='lat' dir='ltr'>c.</span> 
     </span>
     <span class='ocr_line' id='line_1_43' title="bbox 122 4004 1252 4069; baseline -0.003 -13"><span class='ocrx_word' id='word_1_391' title='bbox 122 4010 182 4067; x_wconf 82' lang='lat' dir='ltr'>cet,</span> <span class='ocrx_word' id='word_1_392' title='bbox 200 4007 247 4057; x_wconf 87' lang='lat' dir='ltr'>nbi</span> <span class='ocrx_word' id='word_1_393' title='bbox 264 4009 321 4057; x_wconf 85' lang='lat' dir='ltr'>eins</span> <span class='ocrx_word' id='word_1_394' title='bbox 342 4009 431 4057; x_wconf 83' lang='lat' dir='ltr'>enimc</span> <span class='ocrx_word' id='word_1_395' title='bbox 447 4008 546 4058; x_wconf 79' lang='lat' dir='ltr'>Horatii</span> <span class='ocrx_word' id='word_1_396' title='bbox 565 4005 640 4056; x_wconf 87' lang='lat' dir='ltr'>locus</span> <span class='ocrx_word' id='word_1_397' title='bbox 676 4008 732 4058; x_wconf 77' lang='lat' dir='ltr'>tit.</span> <span class='ocrx_word' id='word_1_398' title='bbox 761 4007 851 4069; x_wconf 79' lang='lat' dir='ltr'>regine</span> <span class='ocrx_word' id='word_1_399' title='bbox 884 4004 993 4068; x_wconf 88' lang='lat' dir='ltr'>quidem</span> <span class='ocrx_word' id='word_1_400' title='bbox 1025 4008 1109 4057; x_wconf 77' lang='lat' dir='ltr'>evasit</span> <span class='ocrx_word' id='word_1_401' title='bbox 1135 4014 1196 4053; x_wconf 90' lang='lat' dir='ltr'>cum</span> <span class='ocrx_word' id='word_1_402' title='bbox 1246 4052 1252 4063; x_wconf 79' lang='grc'>,</span> 
     </span>
     <span class='ocr_line' id='line_1_44' title="bbox 122 4075 1196 4143; baseline -0.004 -15"><span class='ocrx_word' id='word_1_403' title='bbox 122 4079 275 4133; x_wconf 79' lang='lat' dir='ltr'>obversatus</span> <span class='ocrx_word' id='word_1_404' title='bbox 292 4082 406 4132; x_wconf 83' lang='lat' dir='ltr'>videtur.</span> <span class='ocrx_word' id='word_1_405' title='bbox 427 4110 454 4119; x_wconf 87' lang='lat'>—</span> <span class='ocrx_word' id='word_1_406' title='bbox 473 4082 503 4129; x_wconf 88' lang='lat' dir='ltr'>V.</span> <span class='ocrx_word' id='word_1_407' title='bbox 515 4083 639 4143; x_wconf 74' lang='lat' dir='ltr'>virenon,</span> <span class='ocrx_word' id='word_1_408' title='bbox 677 4081 761 4131; x_wconf 83' lang='lat' dir='ltr'>classe</span> <span class='ocrx_word' id='word_1_409' title='bbox 780 4080 895 4143; x_wconf 82' lang='lat' dir='ltr'>sospite,</span> <span class='ocrx_word' id='word_1_410' title='bbox 919 4079 968 4130; x_wconf 87' lang='lat' dir='ltr'>sed</span> <span class='ocrx_word' id='word_1_411' title='bbox 984 4081 1087 4132; x_wconf 83' lang='lat' dir='ltr'>Antonii</span> <span class='ocrx_word' id='word_1_412' title='bbox 1104 4075 1196 4125; x_wconf 83' lang='lat' dir='ltr'>classis</span> 
     </span>
     <span class='ocr_line' id='line_1_45' title="bbox 123 4152 1196 4219; baseline -0.004 -16"><span class='ocrx_word' id='word_1_413' title='bbox 123 4156 149 4203; x_wconf 89' lang='lat' dir='ltr'>in</span> <span class='ocrx_word' id='word_1_414' title='bbox 167 4168 220 4219; x_wconf 87' lang='lat' dir='ltr'>quo</span> <span class='ocrx_word' id='word_1_415' title='bbox 241 4156 316 4208; x_wconf 87' lang='lat' dir='ltr'>multi</span> <span class='ocrx_word' id='word_1_416' title='bbox 338 4158 494 4217; x_wconf 78' lang='lat' dir='ltr'>haeserunt,</span> <span class='ocrx_word' id='word_1_417' title='bbox 520 4160 561 4206; x_wconf 87' lang='lat' dir='ltr'>est</span> <span class='ocrx_word' id='word_1_418' title='bbox 577 4158 639 4205; x_wconf 81' lang='grc' dir='ltr'>κατ’</span> <span class='ocrx_word' id='word_1_419' title='bbox 676 4154 834 4219; x_wconf 83' lang='lat' dir='ltr'>plusquam</span> <span class='ocrx_word' id='word_1_420' title='bbox 852 4154 924 4205; x_wconf 89' lang='lat' dir='ltr'>CCC.</span> <span class='ocrx_word' id='word_1_421' title='bbox 944 4156 1056 4206; x_wconf 84' lang='lat' dir='ltr'>neribus</span> <span class='ocrx_word' id='word_1_422' title='bbox 1073 4152 1196 4201; x_wconf 79' lang='lat' dir='ltr'>constans</span> 
     </span>
     <span class='ocr_line' id='line_1_46' title="bbox 124 4226 1196 4296; baseline -0.005 -20"><span class='ocrx_word' id='word_1_423' title='bbox 124 4230 264 4296; x_wconf 66' lang='grc' dir='ltr'><strong><em>εἰρωνείαν</em></strong></span> <span class='ocrx_word' id='word_1_424' title='bbox 288 4232 391 4281; x_wconf 86' lang='lat' dir='ltr'>dictum</span> <span class='ocrx_word' id='word_1_425' title='bbox 416 4244 464 4295; x_wconf 89' lang='lat' dir='ltr'>pro</span> <span class='ocrx_word' id='word_1_426' title='bbox 492 4244 537 4291; x_wconf 87' lang='lat' dir='ltr'>eo,</span> <span class='ocrx_word' id='word_1_427' title='bbox 568 4230 639 4295; x_wconf 83' lang='lat' dir='ltr'>quod</span> <span class='ocrx_word' id='word_1_428' title='bbox 676 4242 761 4294; x_wconf 85' lang='lat' dir='ltr'>paene</span> <span class='ocrx_word' id='word_1_429' title='bbox 778 4230 904 4293; x_wconf 75' lang='lat' dir='ltr'>toteissne</span> <span class='ocrx_word' id='word_1_430' title='bbox 917 4229 1066 4286; x_wconf 85' lang='lat' dir='ltr'>deleteest‚</span> <span class='ocrx_word' id='word_1_431' title='bbox 1085 4226 1196 4286; x_wconf 83' lang='lat' dir='ltr'>excepte</span> 
     </span>
    </p>
   </div>
   <div class='ocr_carea' id='block_1_7' title="bbox 0 0 1473 4884">
    <p class='ocr_par' dir='ltr' id='par_1_8' title="bbox 0 0 1473 4884">
     <span class='ocr_line' id='line_1_47' title="bbox 0 0 1473 4884; baseline 0 0"><span class='ocrx_word' id='word_1_432' title='bbox 0 0 1473 4884; x_wconf 95' lang='lat' dir='ltr'> </span> 
     </span>
    </p>
   </div>
  </div>
 </body>
</html>
