2934 4884
498 355 600 406 amati.
636 357 734 406 canit
753 356 807 406 xit.

486 802 496 820 ἱ

164 1076 251 1158 Quid
273 1075 329 1143 tibi
351 1076 416 1152 vis,
440 1075 558 1144 mulier
579 1076 682 1164 nigris
704 1075 893 1165 dignissima
914 1077 1044 1145 barris?

205 1197 339 1264 ltuncra
361 1195 441 1285 quid
461 1195 539 1264 mihi
562 1196 684 1284 quidve
705 1196 841 1266 tabellas

163 1319 259 1386 Mittis
282 1339 344 1386 nac
367 1316 462 1385 firmo
484 1317 592 1384 iuveni
615 1339 724 1406 neque
745 1319 833 1386 naris
854 1318 1004 1387 obesae?

186 1514 478 1578 xn.tnscr.votg.1n
493 1527 574 1565 maon
590 1515 756 1566 maana.
787 1543 814 1554 -·
838 1518 957 1569 swanus
973 1518 1105 1570 minan
1120 1521 1178 1570 tidi-

154 1590 340 1653 diarmait.
374 1589 824 1654 Dipnomesasaitsteptonttalib.
853 1617 882 1629 —
909 1593 1178 1646 InGrottdtomoon-

152 1679 226 1716 cerro
240 1666 341 1716 sonitu
356 1679 382 1716 c.
402 1691 430 1702 -
450 1666 507 1715 om.
526 1667 554 1716 T.
576 1693 603 1701 -
633 1665 658 1714 Ξ.
676 1677 724 1714 car
740 1665 801 1715 mibi
816 1664 906 1727 bSl'o,
930 1667 1026 1718 actii.
1056 1667 1096 1731 litt
1111 1681 1174 1731 nos,

152 1741 187 1802 Β,
206 1737 258 1789 xta
274 1742 302 1790 et
318 1752 388 1791 unus
413 1739 539 1802 canteri.)
566 1765 595 1777 -
622 1739 647 1790 3.
672 1739 756 1791 Mittas
780 1740 809 1790 B.
839 1767 867 1777 -
897 1741 981 1792 iwani
1003 1743 1079 1806 tiano
1100 1741 1180 1804 bsai
1221 1733 1226 1742 '

157 1815 221 1876 (non
246 1813 306 1877 BT).
327 1839 355 1850 -
372 1826 418 1864 nec
434 1815 507 1863 mis
522 1814 552 1863 li.

154 1991 210 2042 ΧΠ.
237 1993 325 2041 Anum
347 1989 482 2055 quandam
503 1990 648 2056 (Canidiam
686 1991 727 2041 Fr.
746 1991 788 2042 84,
807 1991 901 2042 Schu.:
929 1991 978 2055 Τίς
998 1989 1054 2054 σὰς
1075 1989 1211 2064 παρήειρε

120 2067 194 2116 baad
221 2066 299 2116 nimis
326 2065 500 2130 probabiliter
526 2079 591 2132 praa
617 2079 647 2116 se
685 2065 811 2135 φρὲνιιις,Ι
830 2091 857 2102 -
878 2064 975 2130 bant]
995 2065 1090 2131 alpad
1106 2066 1212 2118 Indos-

121 2141 175 2191 tert
191 2139 257 2192 ctd.
276 2139 395 2191 Blandin.
414 2142 442 2191 et
458 2154 482 2191 c.
495 2140 549 2192 Cir.
562 2140 646 2205 Epod.
685 2137 843 2205 elephantus
854 2151 947 2189 avoca
959 2139 1212 2201 sacrocamp-

120 2215 166 2278 8.),
184 2213 328 2279 pudendae
344 2213 379 2265 ab
391 2228 424 2266 ea
441 2213 559 2266 mollitiei
570 2227 649 2265 accu-
683 2225 737 2262 vox
753 2213 811 2264 elus
836 2212 977 2262 bantus.»
1002 2213 1096 2264 isidor.
1123 2215 1209 2278 origg.

120 2291 206 2350 sams,
228 2291 308 2353 poeta
324 2289 376 2340 boc
393 2291 512 2341 carmine
524 2290 648 2354 proscin-
684 2289 728 2347 ta,
739 2288 755 2337 2
765 2324 771 2349 ,
783 2286 840 2349 tt,
855 2287 898 2336 vix
908 2289 991 2338 recte.
1010 2288 1122 2352 Dignam
1134 2289 1212 2353 igitur

120 2363 174 2424 dit,
192 2364 220 2413 in
236 2375 426 2428 summamque
443 2376 506 2420 cum
522 2362 648 2415 toedissl·
684 2361 760 2422 dioit,
780 2374 921 2425 quaeram
936 2360 1035 2412 habeat
1048 2365 1137 2426 potius
1148 2377 1211 2416 cum

119 2451 182 2490 mac
207 2438 390 2502 turpitudinis,
417 2440 475 2488 tum
500 2438 646 2500 flagitiosae
684 2434 846 2500 elephantis.
871 2435 957 2499 [ormo
981 2435 1108 2499 tmcibata,
1135 2438 1212 2491 odore

120 2511 238 2562 libidinis
255 2511 391 2562 infamiam
402 2511 570 2563 Archilochio
586 2525 648 2563 mo-
682 2509 815 2574 pactam,
832 2509 897 2560 moto
913 2508 1064 2560 omitum
1081 2511 1164 2575 (Oros.
1178 2511 1207 2574 t,

122 2587 163 2636 do
179 2585 315 2637 adducere
332 2585 443 2637 laborat.
487 2588 534 2638 Est
550 2600 584 2637 ex
600 2601 649 2651 ge-
684 2585 737 2648 4.),
764 2597 846 2648 quam
870 2597 933 2636 cum
958 2583 1129 2636 adolescente
1155 2586 1211 2636 lor-
1240 2577 1244 2590 '

121 2672 188 2710 aare
205 2662 311 2724 priscae
331 2659 401 2711 iliius
425 2662 590 2711 Fescenninus
613 2661 647 2711 44-
683 2671 768 2710 moso.
793 2657 841 2708 Alii
857 2659 981 2723 precario
998 2658 1032 2709 de
1050 2660 1148 2722 simila,
1168 2659 1211 2710 alii

120 2735 234 2796 mattae,
253 2736 280 2784 in
298 2748 352 2799 qua
368 2736 421 2784 iarn
431 2748 520 2785 meato
530 2739 647 2798 operm
683 2733 769 2797 magis
781 2734 862 2784 etiam
873 2731 984 2784 ridicula
996 2733 1030 2784 de
1041 2735 1133 2795 Burro,
1146 2737 1210 2786 noto

121 2808 511 2870 iarooteneoepttoertiiocio
527 2810 600 2874 (Epp.
619 2810 645 2870 i,
682 2809 797 2859 moecho
816 2808 920 2869 (Sati,
940 2808 968 2870 a,
987 2807 1055 2870 tol,
1074 2809 1210 2873 interpre-

121 2883 150 2943 4,
169 2881 250 2945 ittig
278 2895 329 2933 uec
348 2882 411 2934 dcta
428 2896 511 2934 scena
527 2883 644 2944 videtur,
683 2884 730 2932 tati
747 2884 818 2933 suut,
838 2907 866 2918 -
888 2883 950 2943 qaid
965 2881 1026 2932 mibi
1043 2882 1132 2933 firmat
1153 2884 1211 2935 bla-

119 2956 247 3019 quoniam
262 2956 470 3021 nibilimpcdtt,
489 2958 647 3021 quominus
683 2957 739 3006 rius
755 2957 906 3007 Victorinus
923 2970 949 3021 p.
963 2957 1020 3008 235.
1034 2957 1113 3008 Gaist.
1143 2959 1211 3008 Con-

118 3032 269 3081 statuamus
294 3043 376 3082 anum
402 3030 537 3097 quandam
558 3029 646 3081 libidi-
682 3032 724 3078 tra
748 3027 864 3091 glossam
880 3043 928 3080 car
948 3031 1009 3080 mitt
1031 3045 1107 3082 cama
1128 3031 1211 3083 babet

120 3117 215 3156 nosam
232 3104 383 3156 molestiam
399 3105 543 3168 aliquando
559 3119 648 3156 creas-
683 3104 737 3153 iam
761 3101 855 3154 Atilius
880 3105 1083 3155 fortunatianus
1102 3118 1129 3169 p.
1150 3105 1208 3156 362.

118 3193 150 3231 se
166 3178 257 3246 gerbis
274 3176 380 3230 lascivis
392 3178 522 3244 donisque
539 3180 647 3244 ingratis
682 3176 765 3238 ibid..
792 3178 868 3228 ouius
891 3178 964 3241 prior
987 3190 1050 3240 pars
1068 3179 1094 3228 in
1112 3179 1211 3231 multos

119 3251 285 3304 adolescenti
296 3253 417 3316 lloratio,
432 3267 496 3304 cum
507 3255 579 3304 inviti
591 3265 648 3304 arn-
684 3250 768 3303 codd.
787 3251 906 3315 irrepsit,
930 3248 979 3300 sad
999 3251 1129 3313 ingratam
1151 3251 1177 3301 h.
1191 3251 1208 3302 1.

118 3326 214 3392 plexus
235 3329 387 3391 appeteret,
415 3329 577 3392 politamque
594 3329 647 3378 hoc
684 3325 765 3376 allicit
775 3325 949 3376 variationem
963 3325 1032 3375 inter
1043 3339 1090 3374 cair
1102 3327 1129 3374 et
1140 3326 1208 3387 qnid.

118 3402 239 3453 carmine
255 3400 387 3452 virulento
405 3415 468 3454 sesa
485 3399 645 3454 ultumisse.
687 3427 713 3435 -
741 3399 857 3463 medor]
885 3397 1056 3463 «pugillaria,
1084 3397 1210 3462 epistolas

117 3477 236 3540 Tempus
247 3477 445 3540 compositionis
453 3476 586 3525 incertum
596 3477 646 3526 est.
685 3475 854 3524 amatorias.»
872 3474 938 3524 Vide
951 3474 1022 3524 adv.
1034 3474 1073 3523 47.
1087 3499 1114 3510 -
1125 3473 1209 3536 [inno]

118 3549 259 3600 Fluctuant
280 3551 349 3600 inter
377 3563 462 3601 annos
487 3551 536 3600 745
552 3577 567 3587 -
586 3550 645 3601 tta.
685 3561 754 3598 «non
765 3549 829 3600 satis
840 3547 927 3598 valido
939 3549 974 3599 ad
989 3547 1125 3598 libidinem
1136 3551 1211 3598 tuam

118 3625 231 3675 Biennio
252 3623 349 3674 saltem
369 3623 581 3689 praecedentem
603 3624 647 3674 bic
684 3620 871 3686 explendam.»
889 3623 945 3673 lioo
959 3635 1009 3687 per
1025 3623 1127 3682 iocum,
1147 3635 1210 3672 cum

118 3698 224 3763 epodus
241 3700 393 3749 antecessit,
423 3699 482 3749 vid.
504 3712 529 3748 v.
552 3697 583 3749 44
604 3711 644 3762 sq.
684 3698 787 3747 tantum
810 3699 921 3761 propter
942 3695 1047 3747 vetulae
1069 3695 1211 3759 turpitudi-

119 3771 179 3823 coll.
198 3771 282 3837 Epod.
302 3773 346 3834 tt,
363 3774 433 3838 osq.
683 3784 748 3822 nem
774 3773 862 3823 minus
888 3772 922 3822 sit
946 3771 1050 3822 firmus.
1079 3794 1106 3805 -
1131 3781 1210 3831 nepae

152 3847 210 3897 4-6.
228 3848 294 3909 Quid
309 3847 354 3898 tibi
369 3848 415 3913 oie]
433 3850 475 3898 Pr.
494 3846 647 3911 «quodnam
682 3847 755 3896 noma
777 3846 876 3911 obesae]
899 3847 979 3910 atque
1004 3845 1066 3894 ideo
1087 3843 1208 3894 obtusae.

120 3996 176 4045 lere
193 4008 238 4045 ac:
258 3993 339 4058 «quid
355 3997 473 4048 insaniat
495 3996 564 4046 satin
580 4007 646 4045 sana
684 4005 760 4055 sum,
784 4005 853 4057 quae
871 3992 955 4044 malos
973 3993 1071 4043 odores
1088 3989 1210 4042 lacillime

120 4071 168 4119 ea‘i
179 4067 247 4118 Nihil
258 4069 379 4134 protecto
390 4069 527 4133 proficies,
544 4066 645 4118 tatuat»
682 4069 862 4133 persentiscat
873 4069 954 4130 atque
963 4078 1136 4130 summopere
1149 4065 1211 4116 bor·

119 4145 150 4192 ut
166 4144 245 4208 Prop.
264 4145 294 4204 4,
319 4145 350 4204 5,
374 4143 404 4193 3:
431 4143 497 4206 Qold
520 4143 566 4192 tibi
590 4143 645 4204 cis,
683 4139 1211 4204 reat.atcaterumdepartt.nec·neqao

120 4216 226 4268 tritona?
241 4215 644 4281 mwssentircsurorasldrcbil.
683 4216 731 4267 cir.
752 4213 829 4267 lland
845 4213 956 4266 Turseli.
974 4215 1016 4265 lV.
1041 4228 1067 4279 p.
1088 4213 1154 4276 raa.)
1181 4241 1207 4253 -
