2934 4884
525 374 583 422 tiit.
604 375 645 423 ll'.
683 376 711 423 C.
733 375 761 421 V.

483 889 718 951 cm
746 891 798 951 V.

224 1058 313 1122 Divis
335 1068 404 1123 orte
426 1058 535 1135 bonis,
560 1060 680 1146 optime
703 1061 857 1127 Romulae

224 1179 340 1245 Custos
362 1180 482 1265 gentis,
508 1180 587 1247 abes
610 1182 673 1247 iarn
694 1180 828 1249 nimiu'm
851 1183 923 1261 diu3

222 1299 380 1364 llaturum
401 1300 540 1367 reditum
562 1303 722 1388 pollicitus
746 1314 871 1391 patrum

171 1402 176 1411 ’
265 1422 382 1487 Sancto
405 1421 541 1491 concilio
564 1424 644 1490 redi.

220 1582 341 1647 Lucem
363 1581 464 1650 redde
487 1594 576 1659 tuae,
600 1583 666 1649 dux
686 1584 787 1660 bone,
811 1584 950 1671 patriae:
1161 1587 1181 1647 53

157 1798 189 1846 V.
210 1797 292 1846 lusor.
311 1794 379 1860 volg.
397 1798 435 1847 Ad
451 1799 596 1862 Aupruimn.
618 1826 645 1835 -
662 1800 701 1849 Ad
716 1799 856 1863 Aupmlmn
872 1802 901 1851 de
917 1801 1082 1863 Expeditiones
1097 1803 1149 1851 eius

123 1872 202 1921 turdo
217 1872 265 1922 DS.
287 1900 314 1907 —
332 1873 370 1922 Ad
386 1874 520 1924 Cameren
529 1874 668 1938 depactum
685 1874 809 1924 obem
825 1874 852 1924 b.
868 1900 895 1910 -
909 1876 947 1925 Ad
958 1876 1149 1925 &merendo-

122 1952 225 2010 9ustum
241 1946 365 1997 wentae
382 1950 412 1998 de
429 1948 586 2011 etpeditione
604 1951 656 2000 dus
675 1950 760 1998 tarda.
778 1949 885 1998 Paeonis
893 1950 1020 2010 speciose.
1042 1948 1149 2011 (inscri-

123 2020 215 2083 ptione
233 2022 307 2070 caret
323 2022 360 2083 Τ.)
381 2050 408 2057 -
423 2021 447 2073 i.
460 2024 563 2073 consido
580 2024 598 2073 F
616 2022 727 2074 eCodd.
748 2025 787 2085 (Ut
803 2032 864 2083 nos,
883 2022 1015 2083 BbSTcd.)

123 2216 154 2265 V.
174 2217 309 2278 Augustus
320 2216 402 2267 rebus
414 2215 531 2279 Gallicis,
551 2219 618 2267 Ger·
654 2216 770 2279 saepem,
783 2216 943 2278 Augustum)
960 2215 1022 2265 sed:
1042 2215 1108 2265 «diis
1120 2230 1181 2280 pro-

91 2291 202 2339 manicis
212 2290 412 2354 Hispanicisque
422 2292 546 2342 omnibus
555 2304 618 2341 con·
655 2292 724 2354 pitiis
750 2292 824 2350 nate;
851 2302 933 2353 quem
957 2289 1071 2340 deorum
1093 2288 1180 2341 bene-

91 2364 180 2424 iectis,
203 2365 290 2415 Druso
307 2366 333 2417 ln
351 2367 491 2416 Germania
509 2366 615 2428 relicto,
655 2363 769 2414 volentia
782 2363 859 2414 nobis
876 2363 1024 2427 principem
1036 2363 1135 2413 dedit.»
1150 2392 1177 2400 —

90 2440 203 2489 Romam
225 2451 350 2490 reversus
382 2443 423 2490 est
446 2440 530 2491 tribus
561 2442 617 2505 pri-
654 2439 781 2502 Romuleo]
799 2436 951 2488 Romuleae.
979 2439 1021 2487 Sic
1030 2438 1101 2500 virg.
1111 2440 1176 2487 lien.

90 2514 140 2562 mis
168 2512 307 2563 mensibus
332 2528 356 2563 a.
380 2528 407 2565 u.
430 2529 453 2565 c.
472 2516 529 2567 ill.
560 2516 616 2578 (Dio
654 2515 682 2574 6,
701 2513 764 2563 877:
783 2512 1177 2577 llomule--tellon—Custoe]

91 2586 167 2637 Cass.
188 2585 234 2647 iil,
252 2588 302 2649 at.)
323 2587 411 2639 Paullo
423 2592 484 2639 ante
502 2591 617 2641 eiusre-
654 2587 701 2637 0d.
715 2586 745 2647 l,
765 2589 809 2648 tit,
829 2587 874 2635 ii:
894 2587 998 2637 Ciutode
1013 2600 1099 2636 rerum
1115 2588 1179 2637 Coe-

89 2660 175 2711 ditum
195 2660 383 2724 (probabiliter
400 2677 423 2713 a.
443 2663 509 2727 ite.)
532 2666 616 2714 llora-
652 2674 718 2711 aare.
740 2689 767 2697 -
786 2662 892 2711 nimium
908 2661 959 2725 diu]
978 2674 1099 2711 amense
1111 2664 1178 2726 Sep-

90 2737 141 2785 tius
159 2736 212 2785 boe
230 2748 337 2787 carmen
351 2740 514 2802 composuit,
538 2739 616 2789 Drusi
653 2736 752 2786 tembri
769 2750 793 2787 a.
806 2750 833 2786 u.
848 2749 871 2786 c.
885 2736 942 2786 738.
960 2750 1047 2801 usque
1059 2736 1094 2786 ad
1104 2750 1180 2787 men-

89 2808 183 2859 laudes
206 2810 250 2859 bic
272 2812 382 2874 bumasti
401 2810 525 2863 laudibus
542 2814 616 2861 cxci·
653 2822 712 2860 sem
740 2810 913 2861 Februarium
941 2810 999 2861 iit.
1029 2838 1055 2847 —
1085 2811 1178 2861 Sancto

88 2885 179 2947 piens,
200 2884 295 2934 eadem
312 2887 428 2947 ratione,
448 2900 501 2949 qua
518 2887 615 2937 Tiberii
652 2885 764 2949 emetita]
783 2887 814 2937 Ut
833 2885 987 2948 frequenter
1004 2884 1101 2935 dicitur
1117 2899 1179 2935 eon-

89 2959 265 3022 praeeooium
288 2959 335 3009 Od.
355 2959 383 3019 l,
403 2959 443 3011 ll.
471 2960 615 3025 subsequi·
652 2958 738 3007 diiurn
748 2960 860 3019 demum,
879 2958 1028 3018 coelestium,
1047 2960 1085 3010 sic
1098 2961 1178 3009 etlam

90 3036 132 3082 tur
148 3031 340 3095 lausaugusti,
368 3046 449 3096 mrem
468 3035 511 3084 bic
529 3050 615 3086 venu—
652 3033 763 3081 Senatus
786 3034 905 3082 itomani.
944 3032 1034 3095 virgil.
1054 3037 1110 3083 Aen
1144 3036 1176 3095 i,

89 3108 213 3157 stissimis
230 3106 363 3159 blanditiis
380 3108 502 3160 ambiens
514 3110 548 3159 od
560 3125 616 3161 ma·
652 3104 712 3155 lae:
731 3106 793 3154 lora
803 3107 1015 3169 mopistrotusqne
1026 3108 1110 3170 ieptmt
1120 3121 1179 3156 son·

89 3180 233 3232 iurandum
250 3182 367 3233 reditum
378 3184 540 3235 exhortatur.
567 3187 617 3236 To-
652 3184 768 3239 vlwtiw
783 3185 905 3228 mum·
928 3204 955 3214 ·
969 3180 1007 3229 Ex
1025 3180 1108 3230 Codd·
1128 3195 1178 3230 ¹10-

89 3258 259 3306 tumentem
282 3268 390 3307 carmen
411 3259 507 3309 miram
529 3272 615 3323 quan·
652 3255 771 3303 atrorum
793 3254 1038 3316 antiquissimorum
1059 3255 1177 3304 auctori-

89 3330 151 3380 dam
188 3328 403 3393 tranquillitatem
432 3333 459 3380 et
486 3331 615 3383 felicitatis
652 3328 706 3377 lale
731 3327 901 3377 retinendum
929 3327 1046 3386 cunctim
1075 3328 1177 3377 comilis>

88 3416 199 3455 sensum
215 3406 362 3454 certumae
375 3404 487 3456 fiduciae
505 3406 621 3473 plenum¹
652 3403 745 3465 aptum
767 3403 840 3452 esset
863 3414 960 3466 prosae
980 3414 1019 3450 or.
1055 3402 1097 3449 Sic
1120 3402 1175 3451 Cic.

88 3480 180 3541 spirat.
227 3478 295 3527 Cum
326 3491 358 3527 eo
388 3480 433 3542 qui
463 3482 616 3531 conferatur
652 3474 727 3526 Catil.
742 3477 770 3535 i,
789 3474 813 3526 l.
833 3477 956 3525 senatum
971 3477 1178 3525 Romanumvo-

88 3552 184 3615 diguus
202 3551 244 3601 est
259 3549 334 3603 locus
350 3551 442 3603 Velleii
459 3554 487 3613 ἲ,
506 3554 547 3604 89.
652 3551 696 3598 cat
712 3549 779 3599 orbis
794 3554 878 3599 unae
888 3549 1071 3599 sanctissimam
1080 3550 1178 3623 prorae

120 3625 177 3677 l-l.
203 3626 278 3676 Divis
297 3632 351 3677 orte
367 3626 444 3691 bonis]
463 3627 511 3679 Od.
533 3628 563 3689 l,
582 3629 613 3688 i,
650 3624 943 3684 dommuccensem.

88 3702 134 3752 38:
147 3701 322 3761 boniquedioi.
337 3702 471 3752 Sententia
481 3705 531 3764 est,
545 3716 612 3753 non:
684 3699 740 3749 aa.
758 3698 858 3763 Lucan]
877 3696 1008 3748 «Felicem
1023 3695 1108 3747 redde
1126 3708 1177 3759 pu-

89 3776 149 3839 ·qui
172 3788 205 3825 cx
227 3774 342 3825 deorum
362 3777 444 3839 stirpe
464 3779 612 3838 ortuslest,
651 3772 729 3822 triam
747 3772 924 3822 redimine.»
952 3769 1077 3834 Aesebyl
1102 3772 1174 3821 Pers.

88 3849 261 3913 nequeenim
277 3846 616 3913 hoclocoao'gostusaon
651 3846 708 3897 300.
728 3846 763 3896 de
780 3848 873 3898 Xerxis
887 3846 989 3897 reditu:
1008 3840 1104 3909 Ἔμοῑς
1119 3842 1177 3909 μὲν

89 3925 130 3973 tus
148 3924 179 3973 D.
199 3921 264 3972 lulio
280 3921 323 3973 uel
340 3922 614 3987 omninogentelulia
652 3914 733 3983 εἶπας
761 3916 893 3985 δώμασιν
921 3916 1000 3982 φάος
1022 3920 1098 3985 μέγα
1119 3918 1176 3969 Kal

88 3997 225 4047 evenere
248 3998 276 4046 et
297 3996 411 4047 Anchisa
432 3999 544 4062 stirpem
563 3998 614 4047 du·
651 3991 754 4046 λευκὸν
770 3985 850 4066 ἦμαρ
869 3990 972 4057 νυκτὸς
989 3992 1022 4044 ἐκ
1037 3990 1176 4059 μελαγχί-

89 4073 187 4120 ceute»
217 4069 268 4120 dici
291 4072 409 4134 poterat;
441 4072 507 4134 (hic,
535 4071 611 4131 dico;
650 4084 718 4134 μου.
738 4069 826 4133 Eurip.
846 4067 1007 4118 Oresttid:
1030 4060 1095 4131 ἥκει
1112 4062 1176 4128 φῶς

88 4158 149 4194 nam
175 4144 253 4208 longe
277 4144 327 4195 alia
350 4158 394 4196 res
418 4148 460 4197 est
479 4148 504 4195 in
523 4147 611 4197 carm.
651 4144 732 4210 ἐμοῖς
749 4143 799 4194 καὶ
816 4145 881 4204 σοῖς
892 4145 1002 4203 κακοῖς.
1021 4140 1092 4204 ling.
1106 4143 1173 4191 Aen.

89 4232 142 4267 sec.
161 4220 209 4267 50:
228 4218 318 4269 clonia
334 4219 454 4269 Ancbbue
468 4221 614 4281 Venerisque
651 4222 679 4279 ἓ,
703 4220 766 4268 ast:
795 4217 878 4266 Oine
900 4216 1064 4277 Dardanide,
1090 4228 1176 4277 spero
