2934 4884
446 384 505 434 LIB.
525 386 566 435 lll.
602 386 631 435 C.
651 385 749 435 XXVll.

380 539 495 606 Peceet
518 540 626 628 Iapyx.

252 695 398 762 llostium
419 715 539 762 uxores
561 697 721 783 puerique
744 717 861 765 caecos

255 818 398 884 Sentiant
418 827 524 882 motus
547 817 679 884 orientis
702 819 808 884 Austri
831 830 863 886 et

251 939 410 1026 Aequoris
432 939 513 1026 nigri
540 937 700 1004 fremitum
721 949 754 1004 et
776 949 950 1008 trementes

380 1059 522 1126 Verbere
545 1059 642 1147 ripas.

252 1219 305 1284 Sic
327 1229 359 1284 55
381 1218 509 1304 Europe
531 1219 661 1284 niveum
684 1217 798 1285 doloso
1129 1223 1170 1287 55

146 1446 185 1494 55.
205 1444 359 1494 8555555515.
381 1471 408 1480 -
427 1443 492 1493 cairi
508 1443 527 1492 T
546 1443 607 1507 (non
626 1443 722 1506 BbSc)‚
746 1445 826 1494 Haedi
849 1448 957 1495 auctore
981 1447 1084 1498 liureio
1106 1448 1134 1497 L.

119 1548 143 1555 -
157 1525 180 1570 55
196 1521 258 1584 post
268 1532 294 1568 v.
310 1518 395 1570 Austri
407 1531 459 1568 οιιι.
473 1518 499 1580 S,
517 1518 595 1583 prob.
609 1519 738 1582 Cuninglr.
759 1519 873 1583 [Habent
884 1519 979 1583 ahio.)
994 1521 1075 1571 -53,
1088 1525 1138 1571 tre·

114 1597 200 1645 mortis
215 1595 286 1655 B'lc;
305 1599 426 1658 95555555
443 1591 560 1644 malebat
576 1591 659 1644 Benil.
680 1591 816 1656 (truncatis
830 1595 936 1646 verboru
950 1591 1077 1658 ripaei.)

84 1789 144 1838 llire
161 1789 229 1840 llP.:
258 1789 332 1840 «Ater
347 1790 416 1839 55555
437 1791 547 1854 pmpter
563 1790 605 1838 in·
641 1789 675 1840 555
686 1802 736 1853 pro
749 1792 905 1855 «surgentis,
923 1793 1080 1842 venientis.»
1096 1793 1166 1855 virg,

85 1863 239 1913 concinnum
252 1877 283 1913 ac
293 1864 427 1926 turgidum
440 1863 544 1913 dicendi
556 1876 605 1926 ge·
642 1862 695 1914 Ecl.
715 1865 744 1925 5,
766 1865 811 1915 35,
829 1866 1073 1916 emimus-aurat.
1100 1869 1166 1916 Aen.

84 1949 130 1986 nus
152 1939 209 1987 sine
230 1937 312 1986 dubio
331 1936 408 1987 valde
429 1935 606 2001 displicuisset
641 1937 668 1998 3,
683 1937 744 1988 585;
763 1945 1022 2002 serpentes-eureos.
1036 1941 1168 1990 6555555-

83 2012 187 2073 Augusti
205 2009 362 2074 aequalibus
384 2015 513 2061 enunciare
533 2012 606 2060 ueris
640 2025 807 2074 pervecanea
819 2015 877 2062 erat
887 2014 982 2064 Mureti
993 2013 1061 2062 coni.
1077 2014 1165 2062 Haedi.

82 2083 261 2134 hominibus».
294 2113 321 2122 -
344 2084 417 2149 5555]
447 2086 524 2149 «ipse
556 2083 604 2134 nli-
672 2085 713 2134 53.
733 2085 774 2136 ai.
793 2087 931 2150 5555555555]
951 2088 1167 2148 aquaetremere

83 2158 185 2220 quando
204 2160 330 2223 expertus
348 2172 441 2220 sume,
466 2172 603 2223 expugna
639 2156 764 2208 videniur
780 2159 913 2209 undarum
931 2158 1011 2222 pulsu
1032 2171 1168 2221 conquas·

82 2231 239 2296 Philippensi
250 2231 343 2292 redux,
362 2235 392 2281 ui
404 2233 506 2296 opinor.
522 2259 549 2268 -
562 2234 603 2282 55-
639 2234 739 2282 satae.»
757 2233 860 2282 Seneca
877 2231 980 2297 llippol.
995 2232 1072 2283 toti:
1091 2234 1167 2281 8555

83 2305 129 2369 ius]
143 2306 191 2354 ud.
203 2308 227 2366 i,
242 2307 266 2365 7,
281 2307 325 2355 ii:
337 2306 538 2357 dibeo-Notus.
553 2307 600 2357 od.
639 2319 696 2355 curu
705 2309 785 2370 555555
795 2311 912 2356 55555555.
938 2308 1042 2356 Lucret.
1057 2307 1086 2366 5,
1100 2306 1163 2357 955ι

82 2379 107 2438 3,
120 2382 145 2438 i,
160 2380 171 2429 5
185 2395 190 2428 :
211 2381 468 2440 coadidi--Fooouii;
483 2379 602 2430 «caelum
642 2380 895 2430 Verberuveutoneu.
913 2382 1015 2429 Seneca
1027 2378 1061 2428 de
1074 2379 1164 2430 Coust.

82 2452 205 2503 lallaciter
216 2454 325 2516 quidem
337 2467 479 2515 serenans,
496 2467 558 2505 cum
570 2456 605 2506 si·
640 2457 700 2518 Sap.
725 2453 755 2503 3:
783 2455 884 2516 Scopuli
905 2453 1038 2504 verberati.
1074 2453 1163 2515 Longe

82 2527 132 2576 mul
149 2540 262 2591 asperos
279 2527 375 2579 lluctus
392 2529 417 2578 in
433 2531 498 2579 mari
513 2530 603 2579 conci·
639 2529 728 2578 minus
746 2528 864 2578 vividum
882 2531 923 2578 555
939 2526 1050 2578 Bentleii
1067 2539 1165 2590 955555-

81 2603 140 2650 iet.»
162 2629 190 2637 -
208 2601 299 2665 Peccet]
321 2615 384 2652 cum
407 2603 603 2666 naufragiorum
640 2607 683 2652 555.
720 2601 811 2652 «Tales
837 2606 928 2652 autem
952 2603 1041 2664 ripas,
1069 2601 1096 2650 id
1115 2603 1164 2663 555,

81 2687 158 2726 causa
167 2674 205 2724 lit.
224 2703 244 2711 -
253 2676 291 2724 De
303 2677 401 2740 Iapyge
410 2691 436 2727 v.
447 2677 494 2728 0d.
506 2678 529 2738 5,
541 2679 565 2739 3,
576 2678 600 2729 l.
639 2677 737 2726 irectos
754 2676 789 2726 ad
806 2690 853 2726 eas
870 2677 967 2727 fluctus
984 2688 1091 2727 summo
1104 2688 1167 2724 oum

109 2749 149 2797 55.
163 2749 206 2798 55.
221 2749 341 2814 Hostium]
354 2749 431 2800 Solita
444 2753 600 2802 exsecratio.
639 2751 708 2799 vitae
732 2750 886 2801 discrimine
908 2751 1032 2811 sentiunt,
1060 2750 1106 2812 qui
1131 2748 1165 2798 ad

81 2823 146 2885 virg.
161 2825 208 2872 Ge.
222 2823 246 2882 3,
265 2822 326 2872 5⁴3:
346 2825 380 2874 Di
390 2825 496 2874 meliora
502 2826 554 2888 piis
564 2839 604 2876 er-
640 2837 686 2874 ees
712 2824 847 2874 undarum
871 2825 973 2888 impetu
997 2823 1164 2884 alliduntur»,

79 2909 209 2958 emurque
224 2897 332 2946 55555555
341 2898 426 2947 mum!
444 2901 562 2963 Properi.
576 2901 600 2959 3,
639 2895 681 2947 vel
709 2898 791 2948 eiiam
816 2899 978 2963 simplicius:
1018 2898 1166 2961 «quatenus
1204 2891 1208 2898 ’

79 2970 104 3030 8,
122 2971 169 3020 at:
195 2971 310 3020 Hostibus
324 2973 421 3021 5555555
437 2973 504 3023 leuto
517 2975 603 3035 puella
639 2971 700 3022 liius
718 2973 842 3021 redunt.»

78 3045 149 3093 meisi
161 3044 237 3094 Ouid,
247 3047 277 3094 Α.
285 3047 315 3095 Α.
326 3045 351 3106 3,
361 3045 418 3096 ati.
430 3047 604 3096 5555555555-
672 3047 713 3094 55.
732 3047 843 3107 Europe]
854 3045 962 3095 Fundus
974 3043 1079 3095 iabulue
1091 3043 1163 3095 lliad.

79 3117 276 3182 5555555555ιά5
289 3132 369 3168 caeno
377 3121 537 3181 pudoris
510 3135 603 3171 -cae-
639 3115 672 3181 ξ,
692 3119 750 3168 355.
776 3118 829 3168 Cir.
843 3115 1069 3180 lloschildy112
1089 3118 1163 3168 Ovid.

79 3191 124 3254 555]
147 3191 284 3244 ulortuitos
304 3195 436 3256 surgentis
450 3196 603 3245 55555555-
640 3193 746 3248 5555.,5
759 3191 817 3241 836.
845 3193 957 3251 Fasti,
971 3192 1027 3240 605.
1055 3192 1163 3241 Luciau.

79 3269 180 3328 petus.»
205 3267 361 3330 Doariugius
378 3266 600 3338 explicaturum,
639 3264 705 3316 Dial.
719 3267 799 3314 Deor.
813 3277 880 3314 mar.
894 3266 934 3313 iti.
953 3260 1165 3314 AchillesTatrus

79 3340 223 3390 tumidos.»
242 3341 388 3399 Vixrecte;
407 3355 469 3392 nam
487 3343 603 3393 555555-
639 3353 699 3404 pag.
710 3338 735 3389 l
749 3337 851 3389 lacobs.
866 3339 959 3400 Lyrrce
970 3350 1031 3387 eam
1040 3338 1167 3387 tractarat

75 3414 120 3464 'sus
138 3413 190 3464 5555
207 3411 296 3476 aliquo
309 3414 441 3465 vocabulo
453 3416 604 3479 significan·
639 3411 828 3475 Bacchylides,
860 3424 943 3475 quem
968 3412 1080 3461 tortasse
1103 3413 1165 3460 ante

78 3485 125 3537 dus
142 3489 245 3548 inisset,
265 3490 294 3538 ui
310 3490 430 3550 Lucri,
450 3491 494 3540 53,
514 3505 602 3540 555555
640 3486 730 3537 555555
741 3485 835 3535 hebuit
843 3485 975 3535 Horatius
995 3483 1082 3534 schol.
1095 3485 1162 3534 Veu.

78 3561 200 3623 terebrare,
218 3563 289 3625 Virg.
309 3564 374 3613 Aen
393 3563 422 3626 3,
441 3563 503 3614 503;
522 3565 603 3614 55555-
639 3561 674 3611 ad
695 3558 768 3610 iliad.
786 3577 827 3623 μ,
846 3559 910 3608 307;
940 3553 1084 3647 Εὐρώπην
1111 3553 1165 3622 τὴν

77 3635 418 3700 555555555555955555555,
443 3637 492 3688 sed
515 3640 603 3688 55555
639 3636 773 3696 Φοίνικος
790 3628 860 3694 Ζευς
870 3629 1055 3698 9555555559
1066 3624 1098 3680 ἕν
1108 3645 1165 3682 τινι

77 3707 137 3758 ibid.
151 3711 215 3759 599.
234 3710 386 3762 Excutimur
401 3717 512 3762 eueniet
523 3712 603 3762 caecis
640 3705 758 3775 λειμῶνι
773 3705 847 3774 μετὰ
859 3707 991 3774 Νυμφῶν
1008 3701 1116 3772 ἅνθη’
1098 3721 1166 3756 555-

77 3795 190 3833 errem
205 3785 234 3834 55
249 3785 335 3846 uadis,
362 3786 409 3836 ubi
426 3787 517 3836 tamen
538 3787 602 3836 For·
639 3784 799 3851 λέγουσαι,
816 3776 935 3854 η’ράσθη
952 3783 1003 3833 καὶ
1017 3777 1165 3833 κατελθών

77 3855 149 3920 biger
176 3857 210 3908 de
237 3857 355 3910 tenebris
381 3857 506 3924 55955555,
536 3861 600 3910 mihi
640 3853 763 3924 ηλλσξιν
787 3853 893 3908 ἑαυτὸν
917 3859 958 3920 εἰς
983 3871 1091 3945 ταιρορ
1115 3855 1165 3906 καὶ

76 3943 138 3980 vero
156 3931 306 3994 significare
323 3932 442 3983 videtur:
467 3933 600 3996 «55555555,
638 3928 699 3983 ἀπὸ
717 3930 769 3982 τοῦ
786 3928 934 3996 πόματος
950 3927 1058 4016 κρόκον
1075 3923 1162 3979 ’55555

78 4016 156 4055 55555
175 4006 277 4070 impetu
294 4019 344 4057 noa
365 4006 550 4057 iactantibus.»
572 4035 599 4043 -
640 3999 716 4058 οὕτω
732 4021 764 4057 ee
780 4003 834 4071 τὴν
849 4000 993 4076 Εὐρώπην
1009 3998 1165 4068 ἀπατήσας

77 4079 202 4143 85555555]
227 4082 256 4128 55
279 4080 326 4130 0d.
346 4081 374 4140 5,
394 4081 422 4142 i,
442 4081 470 4130 9:
498 4081 602 4130 celerem
639 4078 803 4142 ἐβάστασε,
841 4079 892 4130 καὶ
928 4075 1165 4166 διαπορθμεύσας

76 4152 162 4216 sucum
179 4149 262 4214 Senti,
282 4165 360 4204 «cum
371 4153 442 4204 malo
457 4167 506 4205 suo
519 4167 602 4218 expe-
639 4157 680 4218 εἰς
714 4151 831 4242 Κρήτην
865 4152 950 4236 ἐμίγη
970 4147 1164 4239 55595155

78 4229 207 4278 rianturi»
223 4228 373 4292 -orieutid
387 4230 479 4281 ilarius
492 4229 601 4281 deven-
640 4223 716 4282 οὕτω
734 4224 893 4295 coccineae
904 4219 996 4292 αὐτην
1006 4205 1165 4297 Ἆσιεριωνι
