2934 4884
681 355 810 408 noenu
829 357 998 410 clamauit

545 513 648 580 Valles
670 525 704 580 et
724 514 852 582 Usticae
873 514 1022 582 cubantis

590 637 688 703 Levia
709 657 912 723 personuere
935 657 1022 702 sena.

505 795 543 860 lli
566 815 617 861 me
640 804 787 872 urentur,
811 793 861 860 dis
884 794 989 882 pietas
1011 815 1084 861 mea

503 917 541 982 Et
562 917 652 981 Musa
674 915 765 982 cordi
788 925 846 982 cst.
891 917 952 982 llic
973 913 1030 982 tibi
1052 917 1147 1004 copia

549 1036 688 1104 Manebit
709 1037 751 1103 ad
774 1036 906 1124 plenum
927 1037 1068 1125 benigno
1341 1040 1386 1105 lo

327 1265 398 1387 dli.
416 1266 473 1389 piac
486 1263 592 1389 Ι4348444,
611 1266 678 1314 Pott.
698 1275 802 1324 omnes,
821 1264 896 1314 neu.
928 1265 968 1328 (Ut
984 1277 1041 1324 nos,
1061 1265 1098 1328 T.)
1114 1293 1141 1302 —
1157 1265 1205 1314 Vv.
1220 1265 1251 1314 45
1268 1267 1296 1314 et
1312 1265 1346 1314 46

345 1352 414 1389 esan
443 1353 470 1389 m
510 1374 517 1392 .

327 1537 366 1585 44.
397 1536 480 1585 ildico
504 1533 578 1585 uallis
604 1547 688 1598 prope
716 1535 816 1584 Horatii
887 1535 926 1584 lt.
946 1535 1107 1600 asplenon]
1124 1535 1232 1596 4444444444,
1250 1535 1381 1598 ubertim,

293 1609 428 1660 Sabinum.
456 1608 601 1672 SicNibby
620 1610 723 1673 Vlcpqie
741 1610 765 1658 T.
787 1623 813 1673 p.
852 1609 1020 1658 zurFa'llle.
1051 1609 1294 1672 Virg.Ge.T,Ttd:
1313 1625 1385 1676 aper

293 1683 349 1734 494.
367 1683 515 1737 Allimiuus
531 1687 605 1734 recte
616 1687 737 1734 montem
754 1695 815 1734 esse
852 1684 1386 1747 --cnaasqic--nncaaacpuncncat-

291 1757 392 1817 volunt,
410 1761 440 1808 444
455 1758 548 1808 atdans
564 1760 599 1808 sit
620 1757 752 1819 «acclivis,
769 1771 816 1808 su·
851 1763 946 1809 4444444.
965 1757 1091 1809 Consulto
1109 1760 1135 1808 ln
1146 1759 1188 1809 his
1199 1759 1384 1812 accumulavit

291 1832 400 1896 pinus.»
440 1835 558 1884 Mentem
583 1836 610 1883 et
634 1822 730 1882 uallem
756 1833 817 1882 lacit
852 1832 979 1897 pleraque
998 1833 1175 1884 abundantiae
1194 1834 1291 1885 verba:
1320 1837 1383 1886 «bic

291 1909 388 1957 Acron.
431 1906 490 1972 (Vol
522 1909 633 1958 d'tlstica
663 1909 816 1959 etiamnunc
852 1909 969 1970 opulento
997 1909 1067 1958 444444
1087 1909 1210 1959 bennum
1239 1911 1311 1972 copto
1334 1913 1384 1962 tibi

291 1981 450 2047 appellatur,
470 1987 539 2034 teste
551 1983 647 2041 l'ulllo.
660 1998 717 2033 rev.
731 1985 817 2034 archi·
853 1985 886 2046 (in
905 1984 1036 2047 gremium
1053 1985 1136 2046 tuum)
1153 1985 1266 2035 manabit
1280 1987 1315 2035 od
1324 1987 1384 2048 pte-

290 2057 452 2122 presbytero
477 2060 528 2110 vici
544 2060 652 2109 licem
667 2059 703 2109 ad
721 2061 817 2123 Digen·
851 2072 912 2108 nom
929 2058 977 2121 lex)
994 2059 1098 2122 bentqm
1114 2058 1201 2124 (largo)
1215 2075 1320 2110 como.»

291 2132 355 2186 uam
371 2135 459 2184 rivum
476 2135 532 2196 siti,
551 2147 668 2198 quocum
683 2135 720 2185 ibi
737 2134 818 2195 collo·
886 2133 925 2182 46.
960 2135 1179 2199 44444444444444]
1205 2137 1270 2184 Sunt
1285 2135 1381 2195 flores,

291 2210 369 2258 cutus
387 2211 429 2258 est
444 2210 489 2258 Dr.
507 2211 545 2259 lo.
562 2208 713 2270 llorkelius,
732 2211 817 2260 Bero-
852 2220 942 2270 poma,
960 2208 1058 2271 lruges,
1076 2209 1192 2272 denique
1209 2211 1306 2270 omnia,
1320 2213 1384 2273 qui-

292 2281 410 2334 llnensis.
445 2283 544 2333 Verum
569 2281 629 2334 talia
647 2285 755 2334 nomina
772 2297 817 2334 an·
853 2281 905 2332 bus
922 2283 1129 2345 rusboneslctcr,
1147 2287 1263 2334 ornatur.
1283 2286 1336 2334 Sat.
1351 2287 1380 2346 2,

290 2357 364 2420 tiqua
380 2357 515 2408 interdum
535 2371 551 2407 4
572 2357 816 2420 peregrinatorlbus
853 2358 878 2417 5,
896 2357 941 2405 444
967 2357 1051 2406 dulcio
1070 2371 1149 2419 ponec
1167 2359 1201 2408 Et
1221 2373 1384 2422 quosdamque

291 2431 539 2481 eruditlsrenovata
554 2435 618 2481 sunt
633 2431 768 2482 etdeinde
781 2427 815 2483 ab
851 2431 914 2492 [4444
930 2431 1009 2480 natm
1023 2432 1067 2480 libi
1082 2423 1175 2496 4444444444
1189 2434 1300 2484 baumes
1331 2434 1380 2486 Sil.

291 2505 389 2556 accolis
405 2507 478 2568 grate
499 2507 610 2568 excepta
627 2509 707 2569 atque
723 2508 749 2556 in
766 2522 817 2572 pe·
853 2504 877 2562 3.
891 2504 953 2572 tal:
972 2506 1075 2556 Nullam
1087 2521 1132 2557 uer
1144 2521 1252 2570 aequom
1266 2501 1383 2572 nullique

290 2582 377 2628 steros
402 2579 555 2643 propagata.
602 2580 645 2628 Sic
670 2593 685 2630 e
709 2579 815 2631 diverso
852 2581 954 2629 4444444444
983 2582 1094 2632 tonna.
1134 2584 1196 2632 Stat.
1224 2584 1305 2634 Theb.
1334 2586 1379 2648 44),

290 2653 443 2703 testimonio
469 2651 599 2703 Hollandii
625 2653 817 2717 (Transactions
852 2654 914 2704 783:
931 2656 998 2704 ceria
1013 2655 1100 2706 bonor.
1127 2658 1212 2707 Etiam
1228 2658 1262 2708 de
1279 2659 1382 2708 frondi-

290 2730 320 2791 44
338 2729 377 2778 tlte
399 2729 489 2788 4444444
512 2728 541 2790 ol
561 2728 693 2778 literature
717 2732 759 2781 lll.
787 2744 813 2795 p.
852 2727 916 2788 hus;
943 2730 1026 2794 Epod.
1055 2732 1095 2792 44,
1114 2731 1141 2780 9:
1165 2732 1240 2782 844444
1258 2733 1381 2784 bonorem

292 2802 358 2865 449.)
371 2815 442 2852 nunc
453 2805 563 2851 vocatur
578 2805 682 2853 44444444.
710 2805 816 2867 (644444-
852 2803 950 2853 decedit.
963 2829 991 2839 -
1003 2805 1091 2868 cornu]
1111 2806 1218 2856 «Cornu
1235 2807 1378 2870 Fortunae,

289 2876 353 2940 nal)
379 2903 407 2913 —
430 2878 551 2942 4444444444]
577 2879 689 2930 Theocr.
709 2882 749 2942 43,
768 2881 812 2932 to:
852 2877 924 2938 quod
949 2877 1077 2928 Hercules
1101 2879 1267 2931 detractum»
1287 2881 1320 2943 (iu
1338 2883 1382 2932 lu-

291 2946 388 3018 ἡμένῳ
405 2951 436 3002 ἐν
452 2948 546 3022 χώρῳ.
576 2954 682 3004 Lucret.
704 2955 728 3017 4,
750 2957 811 3007 5⁴8:
851 2954 947 3003 ctando
963 2954 1113 3020 abruptum)
1137 2955 1272 3007 «Acheloo
1289 2958 1380 3008 victor

290 3028 411 3078 4444444444
424 3033 497 3078 tecla.
515 3027 593 3091 (ronst
608 3029 765 3094 abpedccbt.)
851 3028 946 3078 dicitur
978 3029 1092 3080 donasse
1125 3031 1267 3088 Fortunae,
1301 3033 1380 3094 quod

325 3103 363 3152 44.
382 3102 466 3166 teoto]
477 3104 535 3152 Non
546 3105 600 3152 tam
612 3116 743 3166 aquarum
755 3119 816 3156 4444-
851 3102 928 3165 volgo
945 3105 1133 3165 concoeptum,
1152 3116 1204 3167 quo
1222 3105 1317 3154 dicitur
1333 3107 1380 3156 di-

290 3191 322 3226 su
339 3178 426 3228 attrita
443 3180 472 3228 et
488 3177 608 3240 levigata,
627 3191 709 3241 quam
721 3181 813 3230 natura
849 3177 926 3226 vitias
951 3179 1064 3229 Fortuna
1088 3192 1232 3230 consuesse
1258 3179 1375 3244 largiri.»

290 3251 361 3312 λεῖα,
379 3254 482 3302 utaunt
492 3265 574 3316 rupes
586 3251 731 3302 calcareae.
753 3254 815 3302 Sca·
851 3255 942 3303 Scuor..
955 3253 1033 3310 Cnuo.
1047 3253 1135 3303 Sidon.
1150 3254 1238 3304 Carm.
1257 3255 1297 3316 44,
1311 3256 1376 3305 llll:

290 3327 355 3390 liger
388 3341 438 3378 suo
474 3327 618 3392 exemplari
654 3327 811 3392 adscripsit:
846 3328 935 3390 patulo
951 3329 989 3390 (ut
1002 3328 1045 3377 liic
1065 3327 1179 3392 bnrlpno)
1194 3331 1321 3379 Fortunae
1335 3345 1380 3380 eo-

289 3399 424 3466 λισσάδες
448 3403 558 3474 πέτραι.
595 3403 698 3466 (Aescb.
721 3401 811 3468 Suppl.
846 3404 894 3465 pic
909 3415 996 3452 coron.
1034 3404 1147 3464 (Graecis
1171 3405 1257 3474 κέρας
1271 3398 1379 3470 Ἀμαλ-

289 3478 357 3541 ret.)
601 3531 608 3554 x
850 3477 948 3539 θείας,
975 3476 1009 3526 de
1035 3490 1088 3539 quo
1121 3478 1168 3528 cfr.
1195 3481 1312 3530 Eustath.
1340 3481 1378 3531 ad

322 3551 362 3601 44.
381 3552 426 3600 Hic
440 3552 583 3614 requiritur
595 3556 622 3602 et
637 3554 749 3617 propter
766 3554 813 3602 lri-
850 3553 958 3616 Dionys.
992 3551 1049 3602 434.
1084 3553 1158 3602 ovid.
1191 3557 1252 3606 llet.
1279 3556 1303 3615 9,
1330 3557 1376 3606 85.

290 3624 385 3688 plicem
401 3619 556 3695 ἀναφορὰν
579 3630 607 3676 et
623 3628 684 3690 quia
701 3641 813 3677 accura-
850 3629 919 3677 Fast.
948 3629 972 3688 5,
998 3627 1053 3677 445,
1090 3630 1156 3680 44444
1175 3631 1229 3680 44444
1249 3631 1291 3680 dec
1307 3631 1380 3680 44444-

289 3701 340 3748 tius
356 3699 499 3760 significat,
518 3702 564 3749 «in
580 3702 639 3765 ipso
656 3701 753 3752 Sabino
770 3702 812 3753 his
849 3704 924 3752 boma
937 3716 995 3751 wcr
1010 3703 1097 3752 4444444
1109 3715 1136 3752 so
1151 3705 1295 3765 4444444444,
1316 3707 1379 3755 dces

289 3774 399 3822 naturae
425 3775 582 3825 muneribus
615 3789 725 3826 usuram
751 3789 812 3826 esse
849 3779 895 3827 das
913 3778 1031 3828 Bitdticbc
1047 3779 1129 3828 4444444
1152 3780 1282 3844 canuae
1297 3782 1378 3845 odltip

288 3846 494 3909 Tyndaridem.»
520 3850 559 3900 Dc
576 3851 710 3914 anaphora
721 3853 812 3902 autem
848 3854 1010 3902 vescbeoand
1039 3854 1092 3902 und
1129 3855 1169 3903 dte
1199 3857 1292 3917 copie
1320 3857 1378 3906 uteo

289 3922 503 3985 frequentissima
528 3923 570 3974 illa
588 3925 660 3988 apud
679 3925 811 3977 Tibullum
849 3929 928 3978 44444444
942 3929 988 3976 dua
1004 3928 1167 3978 Hinzmrcten
1180 3930 1302 3980 4444444444
1324 3931 1379 3979 4444·-

289 3997 336 4047 ctr.
361 3998 456 4049 Dissen
480 3999 515 4050 de
536 4001 612 4063 poesi
627 3998 684 4048 Tib.
702 4012 728 4062 p.
748 4001 809 4051 CLl.
849 4015 958 4066 44444494
977 4017 1012 4052 aa
1025 4003 1104 4054 4444444
1120 4003 1295 4066 44444οᾶ44444
1313 4007 1377 4055 We-

288 4072 354 4122 Olim
376 4074 448 4133 binc,
476 4075 549 4136 quod
573 4073 734 4136 significaret
760 4088 812 4124 sex
848 4091 891 4127 444
904 4079 1016 4128 44444444.»
1035 4080 1145 4129 Lilaean.

288 4159 352 4207 agro
369 4147 419 4197 isto
436 4148 516 4198 etiem
532 4149 558 4197 in
577 4148 646 4200 Urbe
663 4161 723 4198 eam
735 4147 811 4200 donis
882 4152 997 4202 47-49.
1023 4155 1128 4203 redama
1143 4153 1218 4218 colle]
1234 4153 1375 4205 «conrall'e

289 4217 338 4268 illis
355 4222 597 4283 quomodocunque
615 4222 664 4272 lrui
680 4235 790 4286 posse.»
849 4225 924 4288 longe
942 4227 967 4277 in
983 4229 1089 4278 montes
1104 4228 1249 4281 recedente
1265 4243 1297 4280 ac
1308 4241 1376 4293 pro-
