<?xml version="1.0" encoding="UTF-8"?>
<!DOCTYPE html PUBLIC "-//W3C//DTD XHTML 1.0 Transitional//EN"
    "http://www.w3.org/TR/xhtml1/DTD/xhtml1-transitional.dtd">
<html xmlns="http://www.w3.org/1999/xhtml" xml:lang="en" lang="en">
 <head>
  <title>
</title>
<meta http-equiv="Content-Type" content="text/html;charset=utf-8" />
  <meta name='ocr-system' content='tesseract 3.04.00' />
  <meta name='ocr-capabilities' content='ocr_page ocr_carea ocr_par ocr_line ocrx_word'/>
</head>
<body>
  <div class='ocr_page' id='page_1' title='image "./qhoratiusflaccu04baitgoog/qhoratiusflaccu04baitgoog_0764.png"; bbox 0 0 2934 4884; ppageno 0'>
   <div class='ocr_carea' id='block_1_1' title="bbox 294 341 976 405">
    <p class='ocr_par' dir='ltr' id='par_1_1' title="bbox 294 341 976 405">
     <span class='ocr_line' id='line_1_1' title="bbox 294 341 976 405; baseline 0.001 -10"><span class='ocrx_word' id='word_1_1' title='bbox 294 341 356 405; x_wconf 79' lang='lat'>730</span> <span class='ocrx_word' id='word_1_2' title='bbox 704 345 833 397; x_wconf 75' lang='lat' dir='ltr'>nunniti</span> <span class='ocrx_word' id='word_1_3' title='bbox 850 345 976 397; x_wconf 74' lang='lat' dir='ltr'>Eronos</span> 
     </span>
    </p>
   </div>
   <div class='ocr_carea' id='block_1_2' title="bbox 334 498 1363 1313">
    <p class='ocr_par' dir='ltr' id='par_1_2' title="bbox 378 498 945 578">
     <span class='ocr_line' id='line_1_2' title="bbox 378 498 945 578; baseline 0.009 -14"><span class='ocrx_word' id='word_1_4' title='bbox 378 498 583 566; x_wconf 74' lang='lat' dir='ltr'>adulteretur</span> <span class='ocrx_word' id='word_1_5' title='bbox 604 510 636 566; x_wconf 89' lang='lat' dir='ltr'>et</span> <span class='ocrx_word' id='word_1_6' title='bbox 657 500 807 567; x_wconf 90' lang='lat' dir='ltr'>columba</span> <span class='ocrx_word' id='word_1_7' title='bbox 829 501 945 578; x_wconf 87' lang='lat' dir='ltr'>miluo,</span> 
     </span>
    </p>

    <p class='ocr_par' dir='ltr' id='par_1_3' title="bbox 337 619 1146 832">
     <span class='ocr_line' id='line_1_3' title="bbox 337 619 1146 698; baseline 0.001 -10"><span class='ocrx_word' id='word_1_8' title='bbox 337 619 477 688; x_wconf 83' lang='lat' dir='ltr'>Credula</span> <span class='ocrx_word' id='word_1_9' title='bbox 498 642 559 687; x_wconf 90' lang='lat' dir='ltr'>nec</span> <span class='ocrx_word' id='word_1_10' title='bbox 581 641 677 687; x_wconf 81' lang='lat' dir='ltr'>ravos</span> <span class='ocrx_word' id='word_1_11' title='bbox 699 622 832 688; x_wconf 81' lang='lat' dir='ltr'><strong>timeant</strong></span> <span class='ocrx_word' id='word_1_12' title='bbox 853 633 997 690; x_wconf 89' lang='lat' dir='ltr'>annenta</span> <span class='ocrx_word' id='word_1_13' title='bbox 1019 621 1146 698; x_wconf 88' lang='lat' dir='ltr'>leones,</span> 
     </span>
     <span class='ocr_line' id='line_1_4' title="bbox 376 742 1054 832; baseline 0.003 -25"><span class='ocrx_word' id='word_1_14' title='bbox 376 746 534 830; x_wconf 76' lang='lat' dir='ltr'>Ametque</span> <span class='ocrx_word' id='word_1_15' title='bbox 556 742 642 808; x_wconf 88' lang='lat' dir='ltr'>salsa</span> <span class='ocrx_word' id='word_1_16' title='bbox 665 742 745 808; x_wconf 90' lang='lat' dir='ltr'>levis</span> <span class='ocrx_word' id='word_1_17' title='bbox 768 743 878 810; x_wconf 82' lang='lat' dir='ltr'><strong>hircus</strong></span> <span class='ocrx_word' id='word_1_18' title='bbox 901 765 1054 832; x_wconf 88' lang='lat' dir='ltr'>aequora.</span> 
     </span>
    </p>

    <p class='ocr_par' dir='ltr' id='par_1_4' title="bbox 336 864 1363 1062">
     <span class='ocr_line' id='line_1_5' title="bbox 336 864 1363 950; baseline -0.002 -21"><span class='ocrx_word' id='word_1_19' title='bbox 336 865 437 941; x_wconf 87' lang='lat' dir='ltr'>llaec,</span> <span class='ocrx_word' id='word_1_20' title='bbox 461 873 494 929; x_wconf 90' lang='lat' dir='ltr'>et</span> <span class='ocrx_word' id='word_1_21' title='bbox 509 883 595 949; x_wconf 82' lang='lat' dir='ltr'>quae</span> <span class='ocrx_word' id='word_1_22' title='bbox 610 873 762 950; x_wconf 90' lang='lat' dir='ltr'>poterunt</span> <span class='ocrx_word' id='word_1_23' title='bbox 776 865 900 931; x_wconf 92' lang='lat' dir='ltr'>reditus</span> <span class='ocrx_word' id='word_1_24' title='bbox 916 864 1108 933; x_wconf 83' lang='lat' dir='ltr'>abscindere</span> <span class='ocrx_word' id='word_1_25' title='bbox 1123 865 1250 933; x_wconf 73' lang='lat' dir='ltr'>dulces¹</span> <span class='ocrx_word' id='word_1_26' title='bbox 1328 867 1363 928; x_wconf 81' lang='lat'>35</span> 
     </span>
     <span class='ocr_line' id='line_1_6' title="bbox 378 985 963 1062; baseline 0.005 -13"><span class='ocrx_word' id='word_1_27' title='bbox 378 985 496 1049; x_wconf 87' lang='lat' dir='ltr'>Eamus</span> <span class='ocrx_word' id='word_1_28' title='bbox 518 985 622 1050; x_wconf 87' lang='lat' dir='ltr'>omnis</span> <span class='ocrx_word' id='word_1_29' title='bbox 645 995 813 1052; x_wconf 80' lang='lat' dir='ltr'>exsecrata</span> <span class='ocrx_word' id='word_1_30' title='bbox 835 985 963 1062; x_wconf 90' lang='lat' dir='ltr'>civitas,</span> 
     </span>
    </p>

    <p class='ocr_par' dir='ltr' id='par_1_5' title="bbox 334 1103 1237 1313">
     <span class='ocr_line' id='line_1_7' title="bbox 334 1103 1237 1194; baseline 0.001 -24"><span class='ocrx_word' id='word_1_31' title='bbox 334 1109 395 1170; x_wconf 77' lang='lat' dir='ltr'>Aut</span> <span class='ocrx_word' id='word_1_32' title='bbox 415 1127 491 1192; x_wconf 87' lang='lat' dir='ltr'>pars</span> <span class='ocrx_word' id='word_1_33' title='bbox 513 1103 643 1171; x_wconf 83' lang='lat' dir='ltr'>indocili</span> <span class='ocrx_word' id='word_1_34' title='bbox 665 1104 780 1171; x_wconf 89' lang='lat' dir='ltr'>melior</span> <span class='ocrx_word' id='word_1_35' title='bbox 802 1126 916 1193; x_wconf 83' lang='lat' dir='ltr'>grege3</span> <span class='ocrx_word' id='word_1_36' title='bbox 940 1107 1045 1172; x_wconf 88' lang='lat' dir='ltr'>mollis</span> <span class='ocrx_word' id='word_1_37' title='bbox 1067 1119 1099 1172; x_wconf 90' lang='lat' dir='ltr'>et</span> <span class='ocrx_word' id='word_1_38' title='bbox 1120 1127 1237 1194; x_wconf 81' lang='lat' dir='ltr'>exspes</span> 
     </span>
     <span class='ocr_line' id='line_1_8' title="bbox 377 1225 908 1313; baseline 0 -23"><span class='ocrx_word' id='word_1_39' title='bbox 377 1227 553 1292; x_wconf 88' lang='lat' dir='ltr'>inominata</span> <span class='ocrx_word' id='word_1_40' title='bbox 574 1226 751 1313; x_wconf 90' lang='lat' dir='ltr'>perprimat</span> <span class='ocrx_word' id='word_1_41' title='bbox 772 1225 908 1293; x_wconf 85' lang='lat' dir='ltr'>cubilia!</span> 
     </span>
    </p>
   </div>
   <div class='ocr_carea' id='block_1_3' title="bbox 324 1421 1338 1635">
    <p class='ocr_par' dir='ltr' id='par_1_6' title="bbox 324 1421 1338 1635">
     <span class='ocr_line' id='line_1_9' title="bbox 357 1421 1336 1486; baseline 0.004 -16"><span class='ocrx_word' id='word_1_42' title='bbox 357 1423 389 1471; x_wconf 79' lang='lat' dir='ltr'>V.</span> <span class='ocrx_word' id='word_1_43' title='bbox 407 1421 447 1472; x_wconf 73' lang='lat'>32.</span> <span class='ocrx_word' id='word_1_44' title='bbox 467 1421 545 1471; x_wconf 81' lang='lat' dir='ltr'>deest</span> <span class='ocrx_word' id='word_1_45' title='bbox 560 1435 609 1472; x_wconf 88' lang='lat' dir='ltr'>suo</span> <span class='ocrx_word' id='word_1_46' title='bbox 627 1421 686 1472; x_wconf 91' lang='lat' dir='ltr'>loco</span> <span class='ocrx_word' id='word_1_47' title='bbox 703 1424 729 1472; x_wconf 93' lang='lat' dir='ltr'>iu</span> <span class='ocrx_word' id='word_1_48' title='bbox 750 1424 769 1472; x_wconf 86' lang='grc' dir='ltr'><strong>Β</strong></span> <span class='ocrx_word' id='word_1_49' title='bbox 787 1424 815 1472; x_wconf 91' lang='lat' dir='ltr'>et</span> <span class='ocrx_word' id='word_1_50' title='bbox 831 1421 927 1486; x_wconf 78' lang='lat' dir='ltr'>legitur</span> <span class='ocrx_word' id='word_1_51' title='bbox 946 1425 1007 1486; x_wconf 92' lang='lat' dir='ltr'>post</span> <span class='ocrx_word' id='word_1_52' title='bbox 1026 1437 1051 1472; x_wconf 90' lang='lat' dir='ltr'>v.</span> <span class='ocrx_word' id='word_1_53' title='bbox 1065 1423 1105 1472; x_wconf 81' lang='grc'>39.</span> <span class='ocrx_word' id='word_1_54' title='bbox 1121 1452 1147 1459; x_wconf 95' lang='grc'><strong>-</strong></span> <span class='ocrx_word' id='word_1_55' title='bbox 1168 1423 1208 1474; x_wconf 85' lang='grc'>33.</span> <span class='ocrx_word' id='word_1_56' title='bbox 1227 1427 1336 1483; x_wconf 72' lang='lat' dir='ltr'>rouosii¹</span> 
     </span>
     <span class='ocr_line' id='line_1_10' title="bbox 324 1495 1338 1562; baseline 0.003 -17"><span class='ocrx_word' id='word_1_57' title='bbox 324 1498 449 1560; x_wconf 90' lang='lat' dir='ltr'>quattuor</span> <span class='ocrx_word' id='word_1_58' title='bbox 457 1495 598 1557; x_wconf 82' lang='lat' dir='ltr'>Blandinii,</span> <span class='ocrx_word' id='word_1_59' title='bbox 617 1497 751 1560; x_wconf 86' lang='lat' dir='ltr'>Cruquius</span> <span class='ocrx_word' id='word_1_60' title='bbox 764 1495 952 1546; x_wconf 87' lang='lat' dir='ltr'>etBentleius:</span> <span class='ocrx_word' id='word_1_61' title='bbox 970 1499 1051 1560; x_wconf 74' lang='lat' dir='ltr'>(tovos</span> <span class='ocrx_word' id='word_1_62' title='bbox 1063 1496 1153 1558; x_wconf 84' lang='lat' dir='ltr'>hSTc‚</span> <span class='ocrx_word' id='word_1_63' title='bbox 1174 1499 1274 1548; x_wconf 79' lang='lat' dir='ltr'>«maior</span> <span class='ocrx_word' id='word_1_64' title='bbox 1284 1511 1338 1562; x_wconf 86' lang='lat' dir='ltr'>pars</span> 
     </span>
     <span class='ocr_line' id='line_1_11' title="bbox 327 1568 1309 1635; baseline 0.004 -16"><span class='ocrx_word' id='word_1_65' title='bbox 327 1568 429 1619; x_wconf 79' lang='lat' dir='ltr'>codd.»</span> <span class='ocrx_word' id='word_1_66' title='bbox 446 1568 574 1630; x_wconf 79' lang='lat' dir='ltr'>Bentleii,</span> <span class='ocrx_word' id='word_1_67' title='bbox 593 1570 675 1631; x_wconf 75' lang='lat' dir='ltr'>tilii,</span> <span class='ocrx_word' id='word_1_68' title='bbox 693 1583 780 1620; x_wconf 76' lang='lat' dir='ltr'>saccos</span> <span class='ocrx_word' id='word_1_69' title='bbox 795 1586 847 1635; x_wconf 82' lang='grc' dir='ltr'>γν,</span> <span class='ocrx_word' id='word_1_70' title='bbox 865 1571 981 1620; x_wconf 86' lang='lat' dir='ltr'>Pottierii</span> <span class='ocrx_word' id='word_1_71' title='bbox 999 1571 1105 1630; x_wconf 82' lang='lat' dir='ltr'>tertius,</span> <span class='ocrx_word' id='word_1_72' title='bbox 1123 1571 1205 1634; x_wconf 65' lang='lat' dir='ltr'>fidvor</span> <span class='ocrx_word' id='word_1_73' title='bbox 1221 1571 1309 1623; x_wconf 70' lang='lat' dir='ltr'>lamb.</span> 
     </span>
    </p>
   </div>
   <div class='ocr_carea' id='block_1_4' title="bbox 286 1744 1370 4261">
    <p class='ocr_par' dir='ltr' id='par_1_7' title="bbox 287 1744 1370 3448">
     <span class='ocr_line' id='line_1_12' title="bbox 290 1744 1364 1808; baseline 0 -14"><span class='ocrx_word' id='word_1_74' title='bbox 290 1746 347 1794; x_wconf 82' lang='lat' dir='ltr'>tulit</span> <span class='ocrx_word' id='word_1_75' title='bbox 363 1746 393 1794; x_wconf 80' lang='lat' dir='ltr'>cle</span> <span class='ocrx_word' id='word_1_76' title='bbox 408 1745 530 1807; x_wconf 74' lang='lat' dir='ltr'>scapulae</span> <span class='ocrx_word' id='word_1_77' title='bbox 545 1744 631 1807; x_wconf 70' lang='lat' dir='ltr'>setun.</span> <span class='ocrx_word' id='word_1_78' title='bbox 653 1771 680 1779; x_wconf 88' lang='lat'><em>-</em></span> <span class='ocrx_word' id='word_1_79' title='bbox 698 1745 815 1806; x_wconf 80' lang='lat' dir='ltr'>Credula]</span> <span class='ocrx_word' id='word_1_80' title='bbox 854 1757 915 1795; x_wconf 90' lang='lat' dir='ltr'>mae</span> <span class='ocrx_word' id='word_1_81' title='bbox 941 1746 1059 1808; x_wconf 81' lang='lat' dir='ltr'>pigritiae</span> <span class='ocrx_word' id='word_1_82' title='bbox 1086 1747 1157 1796; x_wconf 92' lang='lat' dir='ltr'>notio</span> <span class='ocrx_word' id='word_1_83' title='bbox 1185 1747 1256 1797; x_wconf 92' lang='lat' dir='ltr'>inest</span> <span class='ocrx_word' id='word_1_84' title='bbox 1282 1748 1306 1796; x_wconf 92' lang='lat' dir='ltr'>in</span> <span class='ocrx_word' id='word_1_85' title='bbox 1327 1760 1364 1794; x_wconf 82' lang='lat' dir='ltr'>vv.</span> 
     </span>
     <span class='ocr_line' id='line_1_13' title="bbox 292 1817 1369 1882; baseline 0.005 -18"><span class='ocrx_word' id='word_1_86' title='bbox 292 1832 412 1870; x_wconf 72' lang='lat' dir='ltr'>«summa</span> <span class='ocrx_word' id='word_1_87' title='bbox 429 1819 483 1868; x_wconf 90' lang='lat' dir='ltr'>iam</span> <span class='ocrx_word' id='word_1_88' title='bbox 501 1818 598 1868; x_wconf 84' lang='lat' dir='ltr'>fiducia</span> <span class='ocrx_word' id='word_1_89' title='bbox 614 1817 733 1882; x_wconf 86' lang='lat' dir='ltr'>praedita</span> <span class='ocrx_word' id='word_1_90' title='bbox 751 1831 816 1882; x_wconf 91' lang='lat' dir='ltr'>pro·</span> <span class='ocrx_word' id='word_1_91' title='bbox 851 1819 994 1882; x_wconf 73' lang='lat' dir='ltr'>perprimut</span> <span class='ocrx_word' id='word_1_92' title='bbox 1005 1820 1110 1880; x_wconf 73' lang='lat' dir='ltr'>millia,</span> <span class='ocrx_word' id='word_1_93' title='bbox 1132 1818 1315 1871; x_wconf 65' lang='lat' dir='ltr'>«somniculosi</span> <span class='ocrx_word' id='word_1_94' title='bbox 1327 1821 1369 1870; x_wconf 84' lang='lat' dir='ltr'>ho-</span> 
     </span>
     <span class='ocr_line' id='line_1_14' title="bbox 290 1892 1369 1958; baseline 0.002 -16"><span class='ocrx_word' id='word_1_95' title='bbox 290 1896 352 1958; x_wconf 84' lang='lat' dir='ltr'>ptar</span> <span class='ocrx_word' id='word_1_96' title='bbox 375 1892 484 1944; x_wconf 90' lang='lat' dir='ltr'>leonum</span> <span class='ocrx_word' id='word_1_97' title='bbox 505 1892 766 1943; x_wconf 73' lang='lat' dir='ltr'>mansuetudinem.»</span> <span class='ocrx_word' id='word_1_98' title='bbox 786 1919 814 1928; x_wconf 90' lang='lat'><em>-</em></span> <span class='ocrx_word' id='word_1_99' title='bbox 854 1895 939 1944; x_wconf 89' lang='lat' dir='ltr'>mines</span> <span class='ocrx_word' id='word_1_100' title='bbox 965 1896 1095 1957; x_wconf 89' lang='lat' dir='ltr'>perpetuo</span> <span class='ocrx_word' id='word_1_101' title='bbox 1122 1907 1153 1944; x_wconf 85' lang='lat' dir='ltr'>ea</span> <span class='ocrx_word' id='word_1_102' title='bbox 1179 1897 1303 1957; x_wconf 85' lang='lat' dir='ltr'>premant</span> <span class='ocrx_word' id='word_1_103' title='bbox 1324 1894 1369 1944; x_wconf 89' lang='lat' dir='ltr'>do-</span> 
     </span>
     <span class='ocr_line' id='line_1_15' title="bbox 291 1964 1369 2032; baseline 0.004 -17"><span class='ocrx_word' id='word_1_104' title='bbox 291 1968 375 2029; x_wconf 79' lang='lat' dir='ltr'>rcvos]</span> <span class='ocrx_word' id='word_1_105' title='bbox 394 1966 493 2018; x_wconf 81' lang='lat' dir='ltr'>«oculis</span> <span class='ocrx_word' id='word_1_106' title='bbox 509 1968 580 2018; x_wconf 79' lang='lat' dir='ltr'>ravis</span> <span class='ocrx_word' id='word_1_107' title='bbox 591 1969 619 2017; x_wconf 91' lang='lat' dir='ltr'>et</span> <span class='ocrx_word' id='word_1_108' title='bbox 628 1967 755 2016; x_wconf 86' lang='lat' dir='ltr'>atrociter</span> <span class='ocrx_word' id='word_1_109' title='bbox 765 1964 816 2014; x_wconf 86' lang='lat' dir='ltr'>lul·</span> <span class='ocrx_word' id='word_1_110' title='bbox 855 1969 944 2032; x_wconf 89' lang='lat' dir='ltr'>mique</span> <span class='ocrx_word' id='word_1_111' title='bbox 963 1966 1128 2018; x_wconf 76' lang='lat' dir='ltr'>desiderint.»</span> <span class='ocrx_word' id='word_1_112' title='bbox 1152 1967 1270 2032; x_wconf 83' lang='lat' dir='ltr'>(propria</span> <span class='ocrx_word' id='word_1_113' title='bbox 1287 1969 1369 2018; x_wconf 68' lang='lat' dir='ltr'>dard-</span> 
     </span>
     <span class='ocr_line' id='line_1_16' title="bbox 292 2038 1368 2106; baseline 0.002 -17"><span class='ocrx_word' id='word_1_114' title='bbox 292 2039 441 2103; x_wconf 80' lang='lat' dir='ltr'>gantibus.»</span> <span class='ocrx_word' id='word_1_115' title='bbox 459 2042 543 2091; x_wconf 89' lang='lat' dir='ltr'>Varro</span> <span class='ocrx_word' id='word_1_116' title='bbox 559 2043 589 2091; x_wconf 79' lang='lat' dir='ltr'>ii.</span> <span class='ocrx_word' id='word_1_117' title='bbox 602 2042 631 2091; x_wconf 80' lang='lat' dir='ltr'>li.</span> <span class='ocrx_word' id='word_1_118' title='bbox 645 2041 675 2100; x_wconf 75' lang='lat' dir='ltr'>i,</span> <span class='ocrx_word' id='word_1_119' title='bbox 693 2041 717 2090; x_wconf 79' lang='lat'>2.</span> <span class='ocrx_word' id='word_1_120' title='bbox 737 2038 817 2088; x_wconf 90' lang='lat' dir='ltr'>docet</span> <span class='ocrx_word' id='word_1_121' title='bbox 852 2043 955 2106; x_wconf 64' lang='lat' dir='ltr'>tapam</span> <span class='ocrx_word' id='word_1_122' title='bbox 967 2043 1129 2092; x_wconf 75' lang='lat' dir='ltr'>chrtiriitea</span> <span class='ocrx_word' id='word_1_123' title='bbox 1140 2043 1368 2105; x_wconf 74' lang='lat' dir='ltr'>cosdomPolstam</span> 
     </span>
     <span class='ocr_line' id='line_1_17' title="bbox 292 2114 1367 2180; baseline -0.001 -17"><span class='ocrx_word' id='word_1_124' title='bbox 292 2115 389 2164; x_wconf 87' lang='lat' dir='ltr'>arietes</span> <span class='ocrx_word' id='word_1_125' title='bbox 415 2127 475 2165; x_wconf 90' lang='lat' dir='ltr'>esse</span> <span class='ocrx_word' id='word_1_126' title='bbox 503 2114 603 2165; x_wconf 87' lang='lat' dir='ltr'>debere</span> <span class='ocrx_word' id='word_1_127' title='bbox 627 2116 697 2164; x_wconf 78' lang='lat' dir='ltr'>rocta</span> <span class='ocrx_word' id='word_1_128' title='bbox 720 2115 814 2176; x_wconf 72' lang='lat' dir='ltr'>omlis,</span> <span class='ocrx_word' id='word_1_129' title='bbox 853 2116 939 2178; x_wconf 87' lang='lat' dir='ltr'>Voss.)</span> <span class='ocrx_word' id='word_1_130' title='bbox 961 2143 988 2152; x_wconf 83' lang='lat'>-</span> <span class='ocrx_word' id='word_1_131' title='bbox 1007 2116 1091 2178; x_wconf 84' lang='lat' dir='ltr'>tollite]</span> <span class='ocrx_word' id='word_1_132' title='bbox 1109 2117 1139 2165; x_wconf 91' lang='lat' dir='ltr'>ut</span> <span class='ocrx_word' id='word_1_133' title='bbox 1156 2117 1222 2180; x_wconf 89' lang='lat' dir='ltr'>Epp.</span> <span class='ocrx_word' id='word_1_134' title='bbox 1241 2118 1269 2177; x_wconf 84' lang='lat' dir='ltr'>t,</span> <span class='ocrx_word' id='word_1_135' title='bbox 1288 2118 1324 2175; x_wconf 79' lang='lat' dir='ltr'>u,</span> <span class='ocrx_word' id='word_1_136' title='bbox 1341 2116 1367 2164; x_wconf 78' lang='lat'>3:</span> 
     </span>
     <span class='ocr_line' id='line_1_18' title="bbox 293 2187 1368 2253; baseline -0.001 -15"><span class='ocrx_word' id='word_1_137' title='bbox 293 2191 358 2252; x_wconf 86' lang='lat' dir='ltr'>Cap.</span> <span class='ocrx_word' id='word_1_138' title='bbox 369 2190 393 2237; x_wconf 82' lang='grc'>9.</span> <span class='ocrx_word' id='word_1_139' title='bbox 407 2202 503 2239; x_wconf 88' lang='lat' dir='ltr'>canem</span> <span class='ocrx_word' id='word_1_140' title='bbox 512 2189 725 2253; x_wconf 69' lang='grc' dir='ltr'>πῑρναηιὶὺωααι</span> <span class='ocrx_word' id='word_1_141' title='bbox 736 2189 814 2238; x_wconf 81' lang='lat' dir='ltr'>rucis.</span> <span class='ocrx_word' id='word_1_142' title='bbox 854 2189 917 2238; x_wconf 84' lang='lat' dir='ltr'>Tolle</span> <span class='ocrx_word' id='word_1_143' title='bbox 929 2191 1055 2251; x_wconf 53' lang='lat' dir='ltr'>pietatum</span> <span class='ocrx_word' id='word_1_144' title='bbox 1070 2187 1200 2253; x_wconf 72' lang='lat' dir='ltr'>«pellite»,</span> <span class='ocrx_word' id='word_1_145' title='bbox 1214 2188 1368 2240; x_wconf 83' lang='lat' dir='ltr'>utexGloss.</span> 
     </span>
     <span class='ocr_line' id='line_1_19' title="bbox 291 2262 1368 2328; baseline -0.001 -16"><span class='ocrx_word' id='word_1_146' title='bbox 291 2262 339 2312; x_wconf 81' lang='lat' dir='ltr'>Alii</span> <span class='ocrx_word' id='word_1_147' title='bbox 359 2264 524 2327; x_wconf 88' lang='lat' dir='ltr'>interpretati</span> <span class='ocrx_word' id='word_1_148' title='bbox 542 2266 604 2314; x_wconf 89' lang='lat' dir='ltr'>sunt</span> <span class='ocrx_word' id='word_1_149' title='bbox 620 2264 654 2313; x_wconf 90' lang='lat' dir='ltr'>da</span> <span class='ocrx_word' id='word_1_150' title='bbox 675 2262 752 2328; x_wconf 90' lang='lat' dir='ltr'>pellis</span> <span class='ocrx_word' id='word_1_151' title='bbox 769 2275 816 2312; x_wconf 95' lang='lat' dir='ltr'>co-</span> <span class='ocrx_word' id='word_1_152' title='bbox 853 2263 953 2314; x_wconf 87' lang='lat' dir='ltr'>imbcnt</span> <span class='ocrx_word' id='word_1_153' title='bbox 964 2263 1048 2314; x_wconf 83' lang='lat' dir='ltr'>Codd.</span> <span class='ocrx_word' id='word_1_154' title='bbox 1059 2263 1166 2327; x_wconf 84' lang='lat' dir='ltr'>aliquot.</span> <span class='ocrx_word' id='word_1_155' title='bbox 1178 2263 1368 2315; x_wconf 56' lang='lat' dir='ltr'>Archilochio</span> 
     </span>
     <span class='ocr_line' id='line_1_20' title="bbox 291 2332 1367 2403; baseline 0 -17"><span class='ocrx_word' id='word_1_156' title='bbox 291 2337 361 2397; x_wconf 79' lang='lat' dir='ltr'>lora,</span> <span class='ocrx_word' id='word_1_157' title='bbox 379 2341 410 2387; x_wconf 92' lang='lat' dir='ltr'>ut</span> <span class='ocrx_word' id='word_1_158' title='bbox 426 2340 468 2389; x_wconf 90' lang='lat' dir='ltr'>est</span> <span class='ocrx_word' id='word_1_159' title='bbox 483 2339 555 2402; x_wconf 83' lang='lat' dir='ltr'>opud</span> <span class='ocrx_word' id='word_1_160' title='bbox 570 2340 658 2401; x_wconf 83' lang='lat' dir='ltr'>Eurip.</span> <span class='ocrx_word' id='word_1_161' title='bbox 670 2339 748 2388; x_wconf 88' lang='lat' dir='ltr'>ilerc.</span> <span class='ocrx_word' id='word_1_162' title='bbox 763 2337 813 2387; x_wconf 88' lang='lat' dir='ltr'>iur.</span> <span class='ocrx_word' id='word_1_163' title='bbox 852 2339 882 2398; x_wconf 85' lang='grc'>8,</span> <span class='ocrx_word' id='word_1_164' title='bbox 899 2337 923 2386; x_wconf 85' lang='grc'>9.</span> <span class='ocrx_word' id='word_1_165' title='bbox 942 2337 1037 2388; x_wconf 76' lang='lat' dir='ltr'>Scin:</span> <span class='ocrx_word' id='word_1_166' title='bbox 1056 2332 1130 2387; x_wconf 81' lang='grc' dir='ltr'><strong><em>ἀλλὰ</em></strong></span> <span class='ocrx_word' id='word_1_167' title='bbox 1146 2333 1271 2396; x_wconf 79' lang='grc' dir='ltr'><em>τάχιστα</em></span> <span class='ocrx_word' id='word_1_168' title='bbox 1288 2335 1367 2403; x_wconf 64' lang='lat' dir='ltr'>iliu</span> 
     </span>
     <span class='ocr_line' id='line_1_21' title="bbox 291 2406 1368 2483; baseline 0.001 -24"><span class='ocrx_word' id='word_1_169' title='bbox 291 2411 353 2460; x_wconf 80' lang='lat'>360:</span> <span class='ocrx_word' id='word_1_170' title='bbox 380 2410 511 2474; x_wconf 73' lang='grc' dir='ltr'>λέοντος,</span> <span class='ocrx_word' id='word_1_171' title='bbox 529 2409 812 2483; x_wconf 76' lang='grc' dir='ltr'><strong><em>Πυρσοῦ--θηρός,</em></strong></span> <span class='ocrx_word' id='word_1_172' title='bbox 852 2415 1017 2478; x_wconf 68' lang='grc' dir='ltr'><strong><em>γυναικεῖον</em></strong></span> <span class='ocrx_word' id='word_1_173' title='bbox 1045 2411 1151 2473; x_wconf 74' lang='grc' dir='ltr'><strong><em>πένθος</em></strong></span> <span class='ocrx_word' id='word_1_174' title='bbox 1179 2406 1368 2478; x_wconf 69' lang='grc' dir='ltr'>ἀπωσάμενοι.</span> 
     </span>
     <span class='ocr_line' id='line_1_22' title="bbox 292 2484 1369 2549; baseline -0.002 -13"><span class='ocrx_word' id='word_1_175' title='bbox 292 2485 345 2536; x_wconf 88' lang='lat' dir='ltr'>Cir.</span> <span class='ocrx_word' id='word_1_176' title='bbox 359 2486 407 2536; x_wconf 89' lang='lat' dir='ltr'>Od.</span> <span class='ocrx_word' id='word_1_177' title='bbox 420 2487 449 2548; x_wconf 89' lang='grc'>3,</span> <span class='ocrx_word' id='word_1_178' title='bbox 461 2488 506 2547; x_wconf 71' lang='lat'>27,</span> <span class='ocrx_word' id='word_1_179' title='bbox 519 2486 547 2536; x_wconf 81' lang='lat'>3:</span> <span class='ocrx_word' id='word_1_180' title='bbox 566 2489 661 2536; x_wconf 80' lang='lat' dir='ltr'>Roca-</span> <span class='ocrx_word' id='word_1_181' title='bbox 671 2487 741 2548; x_wconf 85' lang='lat' dir='ltr'>topc.</span> <span class='ocrx_word' id='word_1_182' title='bbox 762 2487 816 2534; x_wconf 89' lang='lat' dir='ltr'>iio·</span> <span class='ocrx_word' id='word_1_183' title='bbox 855 2485 1050 2537; x_wconf 85' lang='lat' dir='ltr'>-Felicissime</span> <span class='ocrx_word' id='word_1_184' title='bbox 1060 2489 1150 2536; x_wconf 88' lang='lat' dir='ltr'>autern</span> <span class='ocrx_word' id='word_1_185' title='bbox 1160 2484 1291 2549; x_wconf 78' lang='lat' dir='ltr'>gloriosae</span> <span class='ocrx_word' id='word_1_186' title='bbox 1300 2487 1369 2536; x_wconf 85' lang='lat' dir='ltr'>buius</span> 
     </span>
     <span class='ocr_line' id='line_1_23' title="bbox 292 2558 1368 2624; baseline 0 -15"><span class='ocrx_word' id='word_1_187' title='bbox 292 2561 375 2611; x_wconf 88' lang='lat' dir='ltr'>ratius</span> <span class='ocrx_word' id='word_1_188' title='bbox 391 2560 497 2611; x_wconf 81' lang='lat' dir='ltr'>videtur</span> <span class='ocrx_word' id='word_1_189' title='bbox 509 2561 675 2624; x_wconf 78' lang='lat' dir='ltr'>expressisse</span> <span class='ocrx_word' id='word_1_190' title='bbox 692 2561 815 2610; x_wconf 86' lang='lat' dir='ltr'>Homeri·</span> <span class='ocrx_word' id='word_1_191' title='bbox 852 2558 928 2623; x_wconf 81' lang='lat' dir='ltr'>iugae</span> <span class='ocrx_word' id='word_1_192' title='bbox 938 2559 1103 2610; x_wconf 83' lang='lat' dir='ltr'>celeritatem</span> <span class='ocrx_word' id='word_1_193' title='bbox 1115 2561 1180 2624; x_wconf 92' lang='lat' dir='ltr'>ipsis</span> <span class='ocrx_word' id='word_1_194' title='bbox 1192 2563 1311 2612; x_wconf 89' lang='lat' dir='ltr'>numeris</span> <span class='ocrx_word' id='word_1_195' title='bbox 1322 2563 1368 2610; x_wconf 75' lang='lat' dir='ltr'>nm</span> 
     </span>
     <span class='ocr_line' id='line_1_24' title="bbox 291 2632 1370 2703; baseline 0 -18"><span class='ocrx_word' id='word_1_196' title='bbox 291 2648 354 2685; x_wconf 87' lang='lat' dir='ltr'>cum</span> <span class='ocrx_word' id='word_1_197' title='bbox 365 2635 420 2697; x_wconf 82' lang='lat' dir='ltr'>(cd.</span> <span class='ocrx_word' id='word_1_198' title='bbox 431 2633 455 2695; x_wconf 82' lang='lat' dir='ltr'>i,</span> <span class='ocrx_word' id='word_1_199' title='bbox 468 2635 536 2695; x_wconf 73' lang='lat' dir='ltr'>fiii.)</span> <span class='ocrx_word' id='word_1_200' title='bbox 554 2636 680 2703; x_wconf 76' lang='grc' dir='ltr'><strong><em>χαροποί</em></strong></span> <span class='ocrx_word' id='word_1_201' title='bbox 694 2648 725 2683; x_wconf 79' lang='grc' dir='ltr'>τε</span> <span class='ocrx_word' id='word_1_202' title='bbox 739 2632 815 2684; x_wconf 80' lang='grc' dir='ltr'><strong><em>λέον·</em></strong></span> <span class='ocrx_word' id='word_1_203' title='bbox 852 2633 1010 2685; x_wconf 82' lang='lat' dir='ltr'>volubilibus</span> <span class='ocrx_word' id='word_1_204' title='bbox 1023 2635 1154 2698; x_wconf 86' lang='lat' dir='ltr'>expressit</span> <span class='ocrx_word' id='word_1_205' title='bbox 1161 2638 1251 2699; x_wconf 78' lang='lat' dir='ltr'>poeta.</span> <span class='ocrx_word' id='word_1_206' title='bbox 1264 2661 1292 2672; x_wconf 91' lang='lat'>-</span> <span class='ocrx_word' id='word_1_207' title='bbox 1301 2649 1370 2698; x_wconf 76' lang='lat' dir='ltr'>prce·</span> 
     </span>
     <span class='ocr_line' id='line_1_25' title="bbox 292 2707 1369 2778; baseline -0.001 -20"><span class='ocrx_word' id='word_1_208' title='bbox 292 2723 346 2771; x_wconf 76' lang='grc' dir='ltr'>τες.</span> <span class='ocrx_word' id='word_1_209' title='bbox 381 2709 464 2760; x_wconf 86' lang='lat' dir='ltr'>Gloss.</span> <span class='ocrx_word' id='word_1_210' title='bbox 483 2708 582 2759; x_wconf 85' lang='lat' dir='ltr'>Philox.</span> <span class='ocrx_word' id='word_1_211' title='bbox 605 2723 697 2770; x_wconf 70' lang='lat' dir='ltr'>raom,</span> <span class='ocrx_word' id='word_1_212' title='bbox 723 2722 815 2778; x_wconf 80' lang='grc' dir='ltr'><strong><em>χαρο-</em></strong></span> <span class='ocrx_word' id='word_1_213' title='bbox 851 2709 1013 2773; x_wconf 83' lang='lat' dir='ltr'>tar—voluta]</span> <span class='ocrx_word' id='word_1_214' title='bbox 1030 2707 1369 2774; x_wconf 71' lang='lat' dir='ltr'>«celerrimepraetemaii-</span> 
     </span>
     <span class='ocr_line' id='line_1_26' title="bbox 290 2781 1369 2848; baseline 0 -16"><span class='ocrx_word' id='word_1_215' title='bbox 290 2782 353 2845; x_wconf 79' lang='grc' dir='ltr'><strong><em>πός.</em></strong></span> <span class='ocrx_word' id='word_1_216' title='bbox 382 2785 479 2833; x_wconf 80' lang='lat' dir='ltr'>Firmat</span> <span class='ocrx_word' id='word_1_217' title='bbox 495 2783 564 2832; x_wconf 89' lang='lat' dir='ltr'>hanc</span> <span class='ocrx_word' id='word_1_218' title='bbox 581 2782 641 2832; x_wconf 90' lang='lat' dir='ltr'>lect.</span> <span class='ocrx_word' id='word_1_219' title='bbox 662 2783 727 2833; x_wconf 92' lang='lat' dir='ltr'>Cod.</span> <span class='ocrx_word' id='word_1_220' title='bbox 746 2785 815 2832; x_wconf 90' lang='lat' dir='ltr'>anti·</span> <span class='ocrx_word' id='word_1_221' title='bbox 851 2785 910 2846; x_wconf 82' lang='lat' dir='ltr'>gale</span> <span class='ocrx_word' id='word_1_222' title='bbox 920 2784 1022 2834; x_wconf 88' lang='lat' dir='ltr'>Etrusci</span> <span class='ocrx_word' id='word_1_223' title='bbox 1034 2784 1115 2832; x_wconf 88' lang='lat' dir='ltr'>maris</span> <span class='ocrx_word' id='word_1_224' title='bbox 1135 2781 1221 2844; x_wconf 84' lang='lat' dir='ltr'>litera,</span> <span class='ocrx_word' id='word_1_225' title='bbox 1243 2787 1271 2834; x_wconf 91' lang='lat' dir='ltr'>ui</span> <span class='ocrx_word' id='word_1_226' title='bbox 1284 2795 1369 2848; x_wconf 84' lang='lat' dir='ltr'>perve-</span> 
     </span>
     <span class='ocr_line' id='line_1_27' title="bbox 289 2855 1368 2921; baseline 0.001 -16"><span class='ocrx_word' id='word_1_227' title='bbox 289 2859 374 2920; x_wconf 88' lang='lat' dir='ltr'>quias.</span> <span class='ocrx_word' id='word_1_228' title='bbox 392 2859 421 2907; x_wconf 89' lang='lat' dir='ltr'>B.</span> <span class='ocrx_word' id='word_1_229' title='bbox 439 2855 557 2906; x_wconf 80' lang='lat' dir='ltr'>Aliorum</span> <span class='ocrx_word' id='word_1_230' title='bbox 572 2859 653 2921; x_wconf 70' lang='lat' dir='ltr'>ponor</span> <span class='ocrx_word' id='word_1_231' title='bbox 669 2857 696 2907; x_wconf 86' lang='lat' dir='ltr'>h.</span> <span class='ocrx_word' id='word_1_232' title='bbox 714 2856 731 2906; x_wconf 92' lang='lat' dir='ltr'>l.</span> <span class='ocrx_word' id='word_1_233' title='bbox 746 2859 814 2907; x_wconf 91' lang='lat' dir='ltr'>otio-</span> <span class='ocrx_word' id='word_1_234' title='bbox 851 2859 927 2907; x_wconf 89' lang='lat' dir='ltr'>niatis</span> <span class='ocrx_word' id='word_1_235' title='bbox 945 2857 971 2906; x_wconf 92' lang='lat' dir='ltr'>in</span> <span class='ocrx_word' id='word_1_236' title='bbox 983 2858 1118 2907; x_wconf 90' lang='lat' dir='ltr'>Oceanum</span> <span class='ocrx_word' id='word_1_237' title='bbox 1133 2857 1319 2908; x_wconf 78' lang='lat' dir='ltr'>Atlanticum·</span> <span class='ocrx_word' id='word_1_238' title='bbox 1334 2859 1368 2907; x_wconf 85' lang='lat' dir='ltr'>De</span> 
     </span>
     <span class='ocr_line' id='line_1_28' title="bbox 288 2926 1367 3001; baseline -0.002 -20"><span class='ocrx_word' id='word_1_239' title='bbox 288 2943 349 2981; x_wconf 91' lang='lat' dir='ltr'>sum</span> <span class='ocrx_word' id='word_1_240' title='bbox 367 2932 476 2979; x_wconf 87' lang='lat' dir='ltr'>estnec</span> <span class='ocrx_word' id='word_1_241' title='bbox 492 2931 557 2980; x_wconf 87' lang='lat' dir='ltr'>satis</span> <span class='ocrx_word' id='word_1_242' title='bbox 573 2926 673 3001; x_wconf 75' lang='grc' dir='ltr'><strong><em>κύριον</em></strong></span> <span class='ocrx_word' id='word_1_243' title='bbox 689 2943 739 2995; x_wconf 89' lang='lat' dir='ltr'>pro</span> <span class='ocrx_word' id='word_1_244' title='bbox 760 2931 814 2994; x_wconf 69' lang='grc' dir='ltr'>Μ-</span> <span class='ocrx_word' id='word_1_245' title='bbox 851 2931 927 2982; x_wconf 87' lang='lat' dir='ltr'>solito</span> <span class='ocrx_word' id='word_1_246' title='bbox 944 2943 1036 2980; x_wconf 88' lang='lat' dir='ltr'>earum</span> <span class='ocrx_word' id='word_1_247' title='bbox 1059 2933 1165 2982; x_wconf 86' lang='lat' dir='ltr'>nuvium</span> <span class='ocrx_word' id='word_1_248' title='bbox 1189 2945 1285 2992; x_wconf 86' lang='lat' dir='ltr'>cursu,</span> <span class='ocrx_word' id='word_1_249' title='bbox 1307 2943 1367 2995; x_wconf 85' lang='lat' dir='ltr'>quae</span> 
     </span>
     <span class='ocr_line' id='line_1_29' title="bbox 287 3003 1368 3070; baseline 0.001 -17"><span class='ocrx_word' id='word_1_250' title='bbox 287 3019 340 3055; x_wconf 85' lang='lat' dir='ltr'>cos.</span> <span class='ocrx_word' id='word_1_251' title='bbox 368 3003 446 3068; x_wconf 82' lang='lat' dir='ltr'>(virg.</span> <span class='ocrx_word' id='word_1_252' title='bbox 465 3007 530 3054; x_wconf 81' lang='lat' dir='ltr'>Aen.</span> <span class='ocrx_word' id='word_1_253' title='bbox 543 3005 575 3066; x_wconf 77' lang='lat' dir='ltr'>i,</span> <span class='ocrx_word' id='word_1_254' title='bbox 593 3005 661 3068; x_wconf 74' lang='lat' dir='ltr'>iii.)</span> <span class='ocrx_word' id='word_1_255' title='bbox 679 3004 741 3066; x_wconf 80' lang='lat' dir='ltr'>lilii,</span> <span class='ocrx_word' id='word_1_256' title='bbox 768 3007 813 3069; x_wconf 87' lang='lat' dir='ltr'>qui</span> <span class='ocrx_word' id='word_1_257' title='bbox 851 3005 944 3056; x_wconf 86' lang='lat' dir='ltr'>Gallias</span> <span class='ocrx_word' id='word_1_258' title='bbox 960 3007 988 3054; x_wconf 94' lang='lat' dir='ltr'>et</span> <span class='ocrx_word' id='word_1_259' title='bbox 1004 3006 1142 3070; x_wconf 84' lang='lat' dir='ltr'>Hispanias</span> <span class='ocrx_word' id='word_1_260' title='bbox 1159 3009 1284 3070; x_wconf 83' lang='lat' dir='ltr'>petentes</span> <span class='ocrx_word' id='word_1_261' title='bbox 1297 3017 1368 3070; x_wconf 80' lang='lat' dir='ltr'>prae·</span> 
     </span>
     <span class='ocr_line' id='line_1_30' title="bbox 289 3079 1368 3142; baseline -0.001 -12"><span class='ocrx_word' id='word_1_262' title='bbox 289 3094 341 3130; x_wconf 92' lang='lat' dir='ltr'>non</span> <span class='ocrx_word' id='word_1_263' title='bbox 365 3081 449 3142; x_wconf 76' lang='lat' dir='ltr'>magis</span> <span class='ocrx_word' id='word_1_264' title='bbox 469 3093 495 3128; x_wconf 86' lang='lat' dir='ltr'>v.</span> <span class='ocrx_word' id='word_1_265' title='bbox 516 3093 593 3129; x_wconf 71' lang='lat' dir='ltr'>roaros</span> <span class='ocrx_word' id='word_1_266' title='bbox 617 3079 811 3142; x_wconf 80' lang='lat' dir='ltr'>intelligebant,</span> <span class='ocrx_word' id='word_1_267' title='bbox 851 3079 1368 3130; x_wconf 73' lang='lat' dir='ltr'>tervehcbantroincsiltdcsclctcenue</span> 
     </span>
     <span class='ocr_line' id='line_1_31' title="bbox 288 3153 1368 3218; baseline -0.003 -13"><span class='ocrx_word' id='word_1_268' title='bbox 288 3154 483 3205; x_wconf 87' lang='lat' dir='ltr'>substituerunt</span> <span class='ocrx_word' id='word_1_269' title='bbox 492 3167 588 3215; x_wconf 74' lang='lat' dir='ltr'>mecca,</span> <span class='ocrx_word' id='word_1_270' title='bbox 601 3157 630 3204; x_wconf 90' lang='lat' dir='ltr'>ut</span> <span class='ocrx_word' id='word_1_271' title='bbox 641 3154 724 3203; x_wconf 70' lang='lat' dir='ltr'>cado.</span> <span class='ocrx_word' id='word_1_272' title='bbox 738 3154 810 3203; x_wconf 87' lang='lat' dir='ltr'>Leid.</span> <span class='ocrx_word' id='word_1_273' title='bbox 850 3155 894 3203; x_wconf 83' lang='lat' dir='ltr'>nic</span> <span class='ocrx_word' id='word_1_274' title='bbox 916 3155 990 3216; x_wconf 70' lang='lat' dir='ltr'>foeda</span> <span class='ocrx_word' id='word_1_275' title='bbox 1012 3155 1101 3217; x_wconf 82' lang='lat' dir='ltr'>Casca,</span> <span class='ocrx_word' id='word_1_276' title='bbox 1122 3181 1137 3192; x_wconf 96' lang='lat'><em>-</em></span> <span class='ocrx_word' id='word_1_277' title='bbox 1156 3183 1172 3192; x_wconf 97' lang='lat'><em>-</em></span> <span class='ocrx_word' id='word_1_278' title='bbox 1195 3156 1323 3218; x_wconf 59' lang='lat' dir='ltr'>umatum</span> <span class='ocrx_word' id='word_1_279' title='bbox 1340 3153 1368 3201; x_wconf 84' lang='lat' dir='ltr'>cl&gt;</span> 
     </span>
     <span class='ocr_line' id='line_1_32' title="bbox 291 3227 1368 3293; baseline -0.005 -14"><span class='ocrx_word' id='word_1_280' title='bbox 291 3258 318 3266; x_wconf 84' lang='lat'>-</span> <span class='ocrx_word' id='word_1_281' title='bbox 337 3229 404 3292; x_wconf 67' lang='lat' dir='ltr'>twa]</span> <span class='ocrx_word' id='word_1_282' title='bbox 423 3228 504 3280; x_wconf 82' lang='lat' dir='ltr'>«lavis</span> <span class='ocrx_word' id='word_1_283' title='bbox 515 3227 613 3293; x_wconf 78' lang='grc' dir='ltr'><strong><em>(λεῖος)</em></strong></span> <span class='ocrx_word' id='word_1_284' title='bbox 628 3229 713 3278; x_wconf 86' lang='lat' dir='ltr'>iactus</span> <span class='ocrx_word' id='word_1_285' title='bbox 729 3228 813 3278; x_wconf 90' lang='lat' dir='ltr'>instar</span> <span class='ocrx_word' id='word_1_286' title='bbox 850 3228 954 3278; x_wconf 74' lang='lat' dir='ltr'>Herode</span> <span class='ocrx_word' id='word_1_287' title='bbox 968 3234 1069 3290; x_wconf 78' lang='lat' dir='ltr'>poruun</span> <span class='ocrx_word' id='word_1_288' title='bbox 1096 3229 1166 3292; x_wconf 84' lang='lat' dir='ltr'>(sive</span> <span class='ocrx_word' id='word_1_289' title='bbox 1184 3230 1329 3293; x_wconf 80' lang='lat' dir='ltr'>Cosanum)</span> <span class='ocrx_word' id='word_1_290' title='bbox 1345 3229 1368 3276; x_wconf 90' lang='lat' dir='ltr'>et</span> 
     </span>
     <span class='ocr_line' id='line_1_33' title="bbox 288 3302 1367 3368; baseline -0.001 -16"><span class='ocrx_word' id='word_1_291' title='bbox 288 3304 382 3368; x_wconf 89' lang='lat' dir='ltr'>piscis,</span> <span class='ocrx_word' id='word_1_292' title='bbox 411 3316 473 3353; x_wconf 87' lang='lat' dir='ltr'>cum</span> <span class='ocrx_word' id='word_1_293' title='bbox 498 3306 593 3353; x_wconf 88' lang='lat' dir='ltr'>natura</span> <span class='ocrx_word' id='word_1_294' title='bbox 617 3303 726 3354; x_wconf 88' lang='lat' dir='ltr'>villosus</span> <span class='ocrx_word' id='word_1_295' title='bbox 751 3303 811 3353; x_wconf 73' lang='lat' dir='ltr'>sit.»</span> <span class='ocrx_word' id='word_1_296' title='bbox 850 3305 957 3366; x_wconf 89' lang='lat' dir='ltr'>portum</span> <span class='ocrx_word' id='word_1_297' title='bbox 974 3305 1125 3353; x_wconf 88' lang='lat' dir='ltr'>Lunensem</span> <span class='ocrx_word' id='word_1_298' title='bbox 1151 3303 1290 3368; x_wconf 76' lang='lat' dir='ltr'>(Currere)</span> <span class='ocrx_word' id='word_1_299' title='bbox 1314 3302 1367 3352; x_wconf 81' lang='lat' dir='ltr'>vide</span> 
     </span>
     <span class='ocr_line' id='line_1_34' title="bbox 287 3373 1243 3448; baseline -0.003 -19"><span class='ocrx_word' id='word_1_300' title='bbox 287 3379 394 3429; x_wconf 86' lang='lat' dir='ltr'>Dictum</span> <span class='ocrx_word' id='word_1_301' title='bbox 410 3379 452 3426; x_wconf 90' lang='lat' dir='ltr'>est</span> <span class='ocrx_word' id='word_1_302' title='bbox 468 3390 518 3440; x_wconf 90' lang='lat' dir='ltr'>par</span> <span class='ocrx_word' id='word_1_303' title='bbox 534 3373 690 3448; x_wconf 74' lang='grc' dir='ltr'><strong><em>πρόληψιν.</em></strong></span> <span class='ocrx_word' id='word_1_304' title='bbox 850 3376 936 3428; x_wconf 88' lang='lat' dir='ltr'>Rutilii</span> <span class='ocrx_word' id='word_1_305' title='bbox 953 3379 1120 3427; x_wconf 89' lang='lat' dir='ltr'>itinerarium</span> <span class='ocrx_word' id='word_1_306' title='bbox 1138 3379 1166 3436; x_wconf 90' lang='lat' dir='ltr'>l,</span> <span class='ocrx_word' id='word_1_307' title='bbox 1185 3377 1243 3428; x_wconf 72' lang='lat'>285.</span> 
     </span>
    </p>

    <p class='ocr_par' dir='ltr' id='par_1_8' title="bbox 286 3447 1367 4261">
     <span class='ocr_line' id='line_1_35' title="bbox 320 3447 1365 3514; baseline -0.005 -12"><span class='ocrx_word' id='word_1_308' title='bbox 320 3447 424 3502; x_wconf 73' lang='lat' dir='ltr'>att-io.</span> <span class='ocrx_word' id='word_1_309' title='bbox 444 3452 717 3514; x_wconf 58' lang='lat' dir='ltr'>iiam-annorum]</span> <span class='ocrx_word' id='word_1_310' title='bbox 747 3453 811 3502; x_wconf 72' lang='lat' dir='ltr'>«iiis</span> <span class='ocrx_word' id='word_1_311' title='bbox 881 3451 992 3503; x_wconf 71' lang='lat' dir='ltr'>lii-ii.</span> <span class='ocrx_word' id='word_1_312' title='bbox 1024 3451 1212 3514; x_wconf 76' lang='lat' dir='ltr'>circmnoapur]</span> <span class='ocrx_word' id='word_1_313' title='bbox 1243 3453 1272 3501; x_wconf 92' lang='lat' dir='ltr'>ut</span> <span class='ocrx_word' id='word_1_314' title='bbox 1300 3449 1365 3500; x_wconf 71' lang='lat' dir='ltr'>osiel.</span> 
     </span>
     <span class='ocr_line' id='line_1_36' title="bbox 287 3525 1365 3590; baseline -0.002 -16"><span class='ocrx_word' id='word_1_315' title='bbox 287 3526 356 3577; x_wconf 86' lang='lat' dir='ltr'>votis</span> <span class='ocrx_word' id='word_1_316' title='bbox 373 3537 435 3587; x_wconf 81' lang='lat' dir='ltr'>eum</span> <span class='ocrx_word' id='word_1_317' title='bbox 452 3526 635 3576; x_wconf 81' lang='lat' dir='ltr'>exsecratione</span> <span class='ocrx_word' id='word_1_318' title='bbox 647 3527 810 3590; x_wconf 76' lang='lat' dir='ltr'>conceptis.»</span> <span class='ocrx_word' id='word_1_319' title='bbox 849 3528 910 3578; x_wconf 83' lang='lat' dir='ltr'>Met.</span> <span class='ocrx_word' id='word_1_320' title='bbox 930 3527 976 3586; x_wconf 79' lang='lat' dir='ltr'>tt,</span> <span class='ocrx_word' id='word_1_321' title='bbox 1002 3525 1063 3576; x_wconf 81' lang='lat'><strong>739:</strong></span> <span class='ocrx_word' id='word_1_322' title='bbox 1096 3525 1258 3589; x_wconf 67' lang='lat' dir='ltr'>circumfluae</span> <span class='ocrx_word' id='word_1_323' title='bbox 1284 3527 1365 3575; x_wconf 70' lang='lat' dir='ltr'>mnne.</span> 
     </span>
     <span class='ocr_line' id='line_1_37' title="bbox 288 3599 1367 3663; baseline 0.001 -15"><span class='ocrx_word' id='word_1_324' title='bbox 288 3602 335 3649; x_wconf 82' lang='lat' dir='ltr'>vv.</span> <span class='ocrx_word' id='word_1_325' title='bbox 354 3605 486 3649; x_wconf 65' lang='lat' dir='ltr'>ecseoeotc</span> <span class='ocrx_word' id='word_1_326' title='bbox 502 3601 591 3650; x_wconf 69' lang='lat' dir='ltr'>civim</span> <span class='ocrx_word' id='word_1_327' title='bbox 609 3613 671 3650; x_wconf 91' lang='lat' dir='ltr'>cum</span> <span class='ocrx_word' id='word_1_328' title='bbox 688 3601 714 3648; x_wconf 83' lang='lat' dir='ltr'>vi</span> <span class='ocrx_word' id='word_1_329' title='bbox 730 3612 812 3663; x_wconf 88' lang='lat' dir='ltr'>repe·</span> <span class='ocrx_word' id='word_1_330' title='bbox 850 3600 966 3649; x_wconf 88' lang='lat' dir='ltr'>Haerent</span> <span class='ocrx_word' id='word_1_331' title='bbox 983 3601 1141 3663; x_wconf 87' lang='lat' dir='ltr'>interpretes</span> <span class='ocrx_word' id='word_1_332' title='bbox 1165 3599 1192 3648; x_wconf 93' lang='lat' dir='ltr'>iu</span> <span class='ocrx_word' id='word_1_333' title='bbox 1217 3612 1262 3648; x_wconf 82' lang='lat' dir='ltr'>vu.</span> <span class='ocrx_word' id='word_1_334' title='bbox 1286 3599 1367 3649; x_wconf 78' lang='lat' dir='ltr'>disda-</span> 
     </span>
     <span class='ocr_line' id='line_1_38' title="bbox 287 3673 1365 3736; baseline 0.002 -13"><span class='ocrx_word' id='word_1_335' title='bbox 287 3675 332 3723; x_wconf 84' lang='lat' dir='ltr'>tito</span> <span class='ocrx_word' id='word_1_336' title='bbox 345 3675 408 3724; x_wconf 88' lang='lat' dir='ltr'>sunt</span> <span class='ocrx_word' id='word_1_337' title='bbox 419 3686 451 3722; x_wconf 88' lang='lat' dir='ltr'>ex</span> <span class='ocrx_word' id='word_1_338' title='bbox 461 3687 486 3721; x_wconf 89' lang='lat' dir='ltr'>v.</span> <span class='ocrx_word' id='word_1_339' title='bbox 501 3674 540 3722; x_wconf 86' lang='lat' dir='ltr'>t8.</span> <span class='ocrx_word' id='word_1_340' title='bbox 557 3699 584 3708; x_wconf 88' lang='lat'><em>-</em></span> <span class='ocrx_word' id='word_1_341' title='bbox 597 3674 812 3736; x_wconf 63' lang='lat' dir='ltr'>incauti-prope]</span> <span class='ocrx_word' id='word_1_342' title='bbox 850 3675 945 3736; x_wconf 82' lang='lat' dir='ltr'>ctione,</span> <span class='ocrx_word' id='word_1_343' title='bbox 959 3687 1021 3724; x_wconf 87' lang='lat' dir='ltr'>eum</span> <span class='ocrx_word' id='word_1_344' title='bbox 1031 3673 1072 3724; x_wconf 85' lang='lat' dir='ltr'>alii</span> <span class='ocrx_word' id='word_1_345' title='bbox 1084 3673 1201 3724; x_wconf 85' lang='lat' dir='ltr'>habeant</span> <span class='ocrx_word' id='word_1_346' title='bbox 1210 3675 1233 3736; x_wconf 85' lang='lat' dir='ltr'>l)</span> <span class='ocrx_word' id='word_1_347' title='bbox 1245 3677 1365 3725; x_wconf 83' lang='lat' dir='ltr'>nostram.</span> 
     </span>
     <span class='ocr_line' id='line_1_39' title="bbox 287 3747 1367 3812; baseline 0.006 -20"><span class='ocrx_word' id='word_1_348' title='bbox 287 3747 385 3811; x_wconf 81' lang='lat' dir='ltr'>«volgo</span> <span class='ocrx_word' id='word_1_349' title='bbox 414 3748 554 3811; x_wconf 84' lang='lat' dir='ltr'>imperito,</span> <span class='ocrx_word' id='word_1_350' title='bbox 584 3749 627 3797; x_wconf 90' lang='lat' dir='ltr'>cui</span> <span class='ocrx_word' id='word_1_351' title='bbox 654 3747 812 3812; x_wconf 88' lang='lat' dir='ltr'>persuaderi</span> <span class='ocrx_word' id='word_1_352' title='bbox 850 3761 918 3810; x_wconf 86' lang='lat' dir='ltr'>quae</span> <span class='ocrx_word' id='word_1_353' title='bbox 945 3749 996 3797; x_wconf 86' lang='lat' dir='ltr'>hoc</span> <span class='ocrx_word' id='word_1_354' title='bbox 1021 3747 1168 3811; x_wconf 82' lang='lat' dir='ltr'>significat:</span> <span class='ocrx_word' id='word_1_355' title='bbox 1199 3749 1268 3798; x_wconf 75' lang='lat' dir='ltr'>«Nos</span> <span class='ocrx_word' id='word_1_356' title='bbox 1291 3749 1367 3798; x_wconf 71' lang='lat' dir='ltr'>maaet</span> 
     </span>
     <span class='ocr_line' id='line_1_40' title="bbox 286 3815 1365 3891; baseline 0.004 -20"><span class='ocrx_word' id='word_1_357' title='bbox 286 3823 379 3885; x_wconf 90' lang='lat' dir='ltr'>nequit</span> <span class='ocrx_word' id='word_1_358' title='bbox 398 3819 493 3872; x_wconf 91' lang='lat' dir='ltr'>melius</span> <span class='ocrx_word' id='word_1_359' title='bbox 511 3835 571 3872; x_wconf 89' lang='lat' dir='ltr'>esse</span> <span class='ocrx_word' id='word_1_360' title='bbox 589 3821 741 3886; x_wconf 87' lang='lat' dir='ltr'>relinquere</span> <span class='ocrx_word' id='word_1_361' title='bbox 762 3835 811 3885; x_wconf 87' lang='lat' dir='ltr'>pu·</span> <span class='ocrx_word' id='word_1_362' title='bbox 850 3823 962 3872; x_wconf 63' lang='lat' dir='ltr'>wocara</span> <span class='ocrx_word' id='word_1_363' title='bbox 984 3824 1175 3886; x_wconf 74' lang='lat' dir='ltr'>cimmmapur,</span> <span class='ocrx_word' id='word_1_364' title='bbox 1201 3815 1365 3891; x_wconf 78' lang='grc' dir='ltr'><strong><em>ἀψόῤῥοος,</em></strong></span> 
     </span>
     <span class='ocr_line' id='line_1_41' title="bbox 287 3892 1366 3960; baseline -0.001 -15"><span class='ocrx_word' id='word_1_365' title='bbox 287 3896 365 3946; x_wconf 86' lang='lat' dir='ltr'>triam</span> <span class='ocrx_word' id='word_1_366' title='bbox 377 3909 458 3960; x_wconf 84' lang='lat' dir='ltr'>quom</span> <span class='ocrx_word' id='word_1_367' title='bbox 470 3898 627 3946; x_wconf 88' lang='lat' dir='ltr'>servitutem</span> <span class='ocrx_word' id='word_1_368' title='bbox 638 3898 752 3954; x_wconf 86' lang='lat' dir='ltr'>servire;</span> <span class='ocrx_word' id='word_1_369' title='bbox 768 3897 812 3946; x_wconf 86' lang='lat' dir='ltr'>hic</span> <span class='ocrx_word' id='word_1_370' title='bbox 850 3892 943 3947; x_wconf 78' lang='grc' dir='ltr'><em>πάντα</em></span> <span class='ocrx_word' id='word_1_371' title='bbox 974 3893 1102 3955; x_wconf 79' lang='grc' dir='ltr'>κυκλῶν,</span> <span class='ocrx_word' id='word_1_372' title='bbox 1140 3896 1186 3958; x_wconf 84' lang='lat' dir='ltr'>qui</span> <span class='ocrx_word' id='word_1_373' title='bbox 1219 3909 1252 3945; x_wconf 82' lang='lat' dir='ltr'>ex</span> <span class='ocrx_word' id='word_1_374' title='bbox 1287 3897 1366 3959; x_wconf 86' lang='lat' dir='ltr'>prisca</span> 
     </span>
     <span class='ocr_line' id='line_1_42' title="bbox 286 3970 1367 4034; baseline -0.003 -15"><span class='ocrx_word' id='word_1_375' title='bbox 286 3983 350 4032; x_wconf 81' lang='lat' dir='ltr'>grex</span> <span class='ocrx_word' id='word_1_376' title='bbox 371 3970 571 4033; x_wconf 80' lang='lat' dir='ltr'>(contemptim)</span> <span class='ocrx_word' id='word_1_377' title='bbox 595 3971 762 4021; x_wconf 80' lang='lat' dir='ltr'>effeminatus</span> <span class='ocrx_word' id='word_1_378' title='bbox 784 3973 813 4020; x_wconf 90' lang='lat' dir='ltr'>et</span> <span class='ocrx_word' id='word_1_379' title='bbox 850 3971 988 4020; x_wconf 88' lang='lat' dir='ltr'>hominum</span> <span class='ocrx_word' id='word_1_380' title='bbox 1000 3971 1123 4034; x_wconf 90' lang='lat' dir='ltr'>opinione</span> <span class='ocrx_word' id='word_1_381' title='bbox 1140 3971 1225 4020; x_wconf 88' lang='lat' dir='ltr'>totuin</span> <span class='ocrx_word' id='word_1_382' title='bbox 1242 3971 1367 4018; x_wconf 84' lang='lat' dir='ltr'>terramm</span> 
     </span>
     <span class='ocr_line' id='line_1_43' title="bbox 286 4039 1365 4107; baseline -0.004 -14"><span class='ocrx_word' id='word_1_383' title='bbox 286 4045 397 4107; x_wconf 83' lang='lat' dir='ltr'>propter</span> <span class='ocrx_word' id='word_1_384' title='bbox 423 4045 542 4094; x_wconf 85' lang='lat' dir='ltr'>animum</span> <span class='ocrx_word' id='word_1_385' title='bbox 576 4044 711 4095; x_wconf 90' lang='lat' dir='ltr'>abiectum</span> <span class='ocrx_word' id='word_1_386' title='bbox 739 4045 811 4095; x_wconf 88' lang='lat' dir='ltr'>omni</span> <span class='ocrx_word' id='word_1_387' title='bbox 850 4046 944 4095; x_wconf 82' lang='lat' dir='ltr'>orbern</span> <span class='ocrx_word' id='word_1_388' title='bbox 973 4045 1151 4103; x_wconf 83' lang='lat' dir='ltr'>circumlinit;</span> <span class='ocrx_word' id='word_1_389' title='bbox 1181 4044 1222 4106; x_wconf 76' lang='lat' dir='ltr'>tut</span> <span class='ocrx_word' id='word_1_390' title='bbox 1247 4039 1365 4104; x_wconf 75' lang='lat' dir='ltr'>Aeschyl.</span> 
     </span>
     <span class='ocr_line' id='line_1_44' title="bbox 286 4111 1366 4187; baseline -0.001 -22"><span class='ocrx_word' id='word_1_391' title='bbox 286 4130 335 4179; x_wconf 91' lang='lat' dir='ltr'>spe</span> <span class='ocrx_word' id='word_1_392' title='bbox 352 4118 462 4169; x_wconf 89' lang='lat' dir='ltr'>meliora</span> <span class='ocrx_word' id='word_1_393' title='bbox 480 4118 622 4170; x_wconf 87' lang='lat' dir='ltr'>destitutus</span> <span class='ocrx_word' id='word_1_394' title='bbox 640 4118 763 4170; x_wconf 89' lang='lat' dir='ltr'>desidem</span> <span class='ocrx_word' id='word_1_395' title='bbox 775 4122 812 4168; x_wconf 84' lang='lat' dir='ltr'>at·</span> <span class='ocrx_word' id='word_1_396' title='bbox 850 4120 937 4168; x_wconf 89' lang='lat' dir='ltr'>Prom.</span> <span class='ocrx_word' id='word_1_397' title='bbox 952 4117 1012 4168; x_wconf 84' lang='lat' dir='ltr'>t38:</span> <span class='ocrx_word' id='word_1_398' title='bbox 1033 4113 1091 4169; x_wconf 83' lang='grc' dir='ltr'>Τοῦ</span> <span class='ocrx_word' id='word_1_399' title='bbox 1103 4117 1166 4187; x_wconf 75' lang='grc' dir='ltr'>περὶ</span> <span class='ocrx_word' id='word_1_400' title='bbox 1178 4111 1278 4167; x_wconf 76' lang='grc' dir='ltr'>πᾶσάν</span> <span class='ocrx_word' id='word_1_401' title='bbox 1295 4116 1323 4166; x_wconf 66' lang='lat' dir='ltr'>dt</span> <span class='ocrx_word' id='word_1_402' title='bbox 1335 4114 1366 4165; x_wconf 79' lang='lat' dir='ltr'>sl-</span> 
     </span>
     <span class='ocr_line' id='line_1_45' title="bbox 286 4184 1367 4261; baseline 0.003 -24"><span class='ocrx_word' id='word_1_403' title='bbox 286 4203 340 4252; x_wconf 87' lang='lat' dir='ltr'>qoe</span> <span class='ocrx_word' id='word_1_404' title='bbox 352 4191 493 4243; x_wconf 71' lang='lat' dir='ltr'>infaustam</span> <span class='ocrx_word' id='word_1_405' title='bbox 503 4195 586 4243; x_wconf 89' lang='lat' dir='ltr'>vitam</span> <span class='ocrx_word' id='word_1_406' title='bbox 597 4197 684 4257; x_wconf 70' lang='lat' dir='ltr'>agat.»</span> <span class='ocrx_word' id='word_1_407' title='bbox 697 4222 724 4231; x_wconf 89' lang='lat'><em>-</em></span> <span class='ocrx_word' id='word_1_408' title='bbox 738 4195 813 4244; x_wconf 87' lang='lat' dir='ltr'>sum·</span> <span class='ocrx_word' id='word_1_409' title='bbox 850 4189 1027 4257; x_wconf 79' lang='grc' dir='ltr'><strong><em>λισσομένου</em></strong></span> <span class='ocrx_word' id='word_1_410' title='bbox 1040 4188 1132 4242; x_wconf 74' lang='grc' dir='ltr'><em>Χθόν·</em></span> <span class='ocrx_word' id='word_1_411' title='bbox 1145 4186 1299 4258; x_wconf 77' lang='grc' dir='ltr'><em>ἀκοιμήτῳ</em></span> <span class='ocrx_word' id='word_1_412' title='bbox 1310 4184 1367 4261; x_wconf 74' lang='grc' dir='ltr'>ῥεό-</span> 
     </span>
    </p>
   </div>
   <div class='ocr_carea' id='block_1_5' title="bbox 0 0 1472 4884">
    <p class='ocr_par' dir='ltr' id='par_1_9' title="bbox 0 0 1472 4884">
     <span class='ocr_line' id='line_1_46' title="bbox 0 0 1472 4884; baseline 0 2"><span class='ocrx_word' id='word_1_413' title='bbox 0 0 1472 4884; x_wconf 95' lang='lat' dir='ltr'> </span> 
     </span>
    </p>
   </div>
  </div>
 </body>
</html>
