2934 4884
525 381 584 430 iiii.
608 381 637 430 ll.
674 381 701 432 C.
722 383 775 432 xv.

466 850 701 914 cm
735 855 827 916 KV·

282 1019 348 1082 lam
370 1037 474 1103 pauca
497 1027 603 1084 aratro
626 1020 738 1107 iugera
759 1023 869 1108 regiae

281 1137 381 1204 lloles
403 1137 600 1226 relinquent,
624 1140 770 1228 undique
791 1141 886 1208 latius

327 1259 459 1324 Extenta
480 1259 626 1325 visentur
647 1261 786 1327 Lucrino

365 1379 485 1465 Stagna
506 1378 597 1456 lacu,
621 1380 834 1469 platanusque
862 1383 1005 1459 caelebs,

179 1558 229 1607 iiv.
257 1559 339 1608 inscr.
358 1555 426 1620 voig.
461 1557 490 1606 in
512 1559 551 1608 sui
573 1559 648 1608 secuti
670 1561 810 1611 tumidam.
838 1589 865 1599 -
889 1563 948 1613 Om.
967 1564 1008 1615 BT
1025 1565 1079 1628 (qui
1096 1564 1165 1616 banc

145 1632 212 1682 oden
229 1625 402 1696 praecedenti
420 1632 573 1694 continuat).
589 1661 617 1669 -
629 1633 697 1684 Haec
713 1635 744 1684 da
754 1639 894 1698 prosam
907 1639 975 1688 ottae
988 1639 1095 1690 lauatio
1106 1641 1165 1689 dicit

143 1705 249 1830 {aa}
269 1707 405 1768 Aeneam
429 1707 584 1756 mantuam
605 1707 714 1758 laudam
736 1711 851 1770 omniur
867 1713 898 1762 de
915 1714 1043 1775 praemi
1059 1715 1165 1764 laetitiis

143 1928 195 1978 liv.
213 1927 376 1978 Dehortatur
392 1927 519 1992 aequales
537 1929 571 1980 ab
593 1931 635 1979 in·
672 1931 750 1982 lieret
774 1932 854 1982 ltalia.
889 1933 1010 1986 Tiberius
1035 1936 1106 2000 apud
1134 1937 1194 1986 l'ac.

114 2015 175 2052 sano
192 2003 347 2065 magnificas
365 2003 444 2066 atque
457 2002 634 2067 amplissimas
672 2009 739 2056 inu.
753 2007 782 2066 3,
801 2008 846 2057 53:
866 2008 932 2070 (tatii
942 2011 1054 2070 primun
1066 2010 1199 2070 probibere

114 2075 190 2126 aedes
217 2075 372 2127 exstruendi
406 2076 501 2126 morbo
532 2091 633 2142 eosque
671 2085 695 2129 ct
713 2080 827 2142 prismm
849 2083 884 2130 od
905 2097 1000 2132 moran
1021 2085 1132 2132 recidero
1148 2085 1197 2132 od-

114 2150 143 2198 ad
155 2151 290 2214 antiquam
300 2149 496 2214 simplicitatem
504 2164 632 2202 revocare
670 2153 796 2216 prodier?
810 2155 962 2205 odiumne
978 2157 1078 2219 infinito
1093 2156 1197 2217 spatia?

114 2229 226 2274 conatur.
269 2227 401 2287 perquam
428 2224 555 2275 credibile
582 2229 631 2286 est,
671 2230 722 2278 cet.
743 2229 845 2278 Seneca
863 2229 987 2280 Controv.
1006 2231 1036 2289 5,
1059 2231 1087 2278 a:
1115 2231 1197 2279 Arato

114 2299 159 2347 boc
180 2301 206 2349 et
228 2299 322 2349 similia
341 2300 460 2350 carmina
478 2299 537 2361 [Od.
557 2301 587 2362 3,
606 2303 630 2350 2,
670 2303 797 2362 quondam
821 2302 921 2363 populis
947 2316 1014 2351 mu
1040 2301 1196 2366 daniam

114 2373 134 2420 6.
151 2373 211 2436 ii),
231 2373 330 2436 quibus
347 2375 374 2422 in
391 2373 473 2424 seculi
488 2375 530 2424 sui
540 2373 632 2426 luxum
668 2389 737 2424 auno
753 2377 939 2438 erpostutomm
955 2382 1020 2425 aaut.

114 2445 252 2508 invehitur,
266 2448 632 2511 uonsineaugustiassensu
702 2449 725 2498 3.
756 2449 879 2514 oioentm]
909 2463 990 2500 «curn
1020 2450 1194 2502 admiratione

113 2519 217 2584 ipsoque
235 2521 349 2571 sortasse
367 2521 505 2584 instigante
524 2535 632 2586 compo-
669 2524 866 2586 conspicientur
888 2538 921 2574 ex
938 2523 1122 2589 omni‘parte,
1148 2525 1195 2575 ubi

113 2594 156 2643 sita
173 2608 247 2652 esse,
268 2607 330 2645 nam
349 2609 418 2659 quae
436 2596 513 2645 huius
526 2597 631 2658 generis
669 2600 804 2660 spectator
820 2599 993 2648 constiterit.»
1027 2601 1091 2650 Mire
1110 2600 1194 2648 Sobo-

112 2668 258 2728 proiarebat
292 2670 427 2730 Horatius,
461 2683 494 2719 ea
522 2669 632 2732 Augusti
668 2669 760 2720 liastaa
787 2672 897 2735 iungunt
918 2673 995 2721 latita
1014 2675 1135 2722 abeatur.
1164 2700 1191 2710 -

113 2741 269 2793 voluntatem
297 2745 447 2807 exprimere
471 2755 551 2794 nemo
575 2746 630 2792 tum
668 2745 785 2809 Lucrino]
810 2759 892 2810 prope
914 2747 991 2796 baias
1012 2748 1083 2796 iuxta
1104 2747 1192 2798 lacum

112 2828 159 2865 non
174 2817 293 2867 uidebat.
321 2817 462 2882 [Scriptum
479 2829 587 2866 carmen
605 2831 629 2867 a.
669 2823 818 2876 Avernum,
854 2819 915 2870 lacu
944 2821 1051 2884 piscoso
1083 2824 1194 2872 ostreis·

112 2901 135 2936 u.
151 2905 173 2940 c.
192 2891 273 2952 itai)
669 2906 721 2955 que
745 2891 908 2944 abundante.
930 2921 957 2930 —
977 2897 1006 2944 in
1023 2895 1075 2944 hoc
1092 2908 1191 2956 genere

141 2965 162 3012 i.
174 2967 198 3014 Ξ.
218 2966 306 3028 rapias
316 2965 401 3029 litotes]
412 2966 538 3028 «nepam,
558 2963 631 3027 quod
668 2965 853 3016 incredibilem
870 2969 896 3016 in
908 2968 1020 3017 modum
1031 2969 1194 3018 insanierant

111 3039 186 3100 regis,
213 3039 316 3102 rapoto,
344 3040 417 3102 quod
439 3051 503 3102 rege
521 3038 630 3101 dignum
667 3042 695 3089 L.
711 3039 848 3099 Lucullus,
862 3041 892 3099 Q.
906 3041 1074 3100 Hortensius,
1092 3041 1121 3090 C.
1136 3042 1193 3092 Hir-

112 3116 169 3161 est.»
187 3115 341 3164 Ascensus.
360 3115 428 3164 Sana
445 3114 489 3164 bic
508 3115 548 3162 est
570 3127 631 3163 are·
667 3115 727 3163 tius.
753 3114 894 3176 Aptissima
906 3117 998 3163 autem
1009 3115 1124 3176 piscinas
1136 3113 1192 3164 illas

110 3185 179 3246 gibus
197 3189 322 3250 dignae.»
340 3187 406 3237 Sunt
422 3186 509 3252 ampla
529 3190 556 3237 et
571 3199 630 3237 ma·
667 3186 816 3237 luxuriosas
834 3189 972 3249 comparat
988 3199 1051 3236 cum
1068 3186 1128 3236 lacu
1139 3190 1192 3237 Lu-

111 3261 196 3321 gnifica
220 3261 356 3320 aedificia,
383 3263 419 3311 nti
438 3265 539 3310 turrem
557 3262 630 3312 biae-
667 3261 749 3321 crino,
768 3262 861 3324 utpote
878 3259 904 3308 in
922 3273 976 3322 quo
993 3259 1151 3311 Octavianus
1165 3274 1190 3310 a.

111 3337 272 3385 cenatianam
298 3334 346 3384 0d.
365 3334 394 3395 3,
418 3335 464 3395 29,
490 3335 530 3383 10.
552 3335 630 3384 vocat
667 3347 693 3385 u.
712 3348 737 3384 o.
756 3335 812 3384 iii.
832 3336 858 3382 in
875 3345 1002 3395 magnum
1018 3333 1122 3396 imperii
1139 3334 1193 3383 iio-

112 3407 194 3458 1111111
204 3410 377 3471 propinquam
384 3407 496 3458 1111111111.
512 3408 564 3459 Cir.
576 3406 628 3458 Sui.
666 3409 740 3458 mani
763 3406 935 3458 commodum
958 3409 1065 3470 portum
1082 3403 1191 3466 iulium,

111 3481 176 3532 Catil.
195 3485 238 3534 13.
259 3485 287 3532 et
302 3484 344 3532 20.
363 3481 433 3533 Talia
450 3483 540 3532 autem
556 3481 631 3546 paui·
668 3483 754 3546 «repis
775 3495 855 3544 1111111»
881 3479 923 3541 (Α.
945 3481 973 3529 P.
995 3479 1192 3542 6111111111-

110 3552 174 3607 iatim
198 3556 358 3607 coartabant
382 3569 444 3606 arva
464 3555 557 3606 tortilia
575 3569 629 3606 non
666 3557 765 3614 xisset;
792 3554 891 3604 vivaria
917 3555 1008 3604 contra
1032 3553 1075 3604 illa
1097 3553 1192 3618 privati

109 3629 157 3679 tam
172 3645 224 3696 per
240 3643 272 3681 se
289 3632 347 3694 ipsa
365 3643 446 3694 quam
463 3632 574 3693 propter
588 3628 631 3679 sil·
667 3630 805 3681 dumtaxat
820 3629 898 3680 luxus
914 3629 1000 3693 turpia
1013 3631 1193 3679 erantmonu·

109 3713 162 3764 vas,
180 3707 315 3770 porticus,
338 3705 512 3768 gestationes,
531 3703 629 3753 ambu-
667 3707 766 3755 menta.

109 3773 228 3840 tationes,
247 3780 392 3844 leporaria,
411 3780 542 3844 piscinas,
561 3779 631 3828 euri-
699 3780 723 3831 i.
743 3779 849 3844 Siopna]
862 3780 963 3830 Seneca
978 3781 1103 3830 Controv.
1117 3777 1141 3836 i,
1160 3779 1189 3826 a:

109 3863 165 3914 pos,
191 3854 268 3904 lacus
292 3854 419 3904 adiectos.
455 3856 492 3903 iic
513 3867 543 3903 re
565 3867 629 3903 vera
666 3854 823 3919 noaipcbitio
849 3855 1007 3916 Mnemon
1037 3854 1111 3916 troia
1151 3852 1215 3900 De·

23 3989 24 3992 Ἴ
109 3923 146 3974 bic
168 3927 293 3978 villarum
321 3927 411 3988 luxus,
441 3941 503 3977 cum
528 3927 628 3977 domini
667 3929 775 3992 piscinis
792 3926 901 3979 consule
918 3927 993 3976 Varr.
1013 3928 1041 3976 ii.
1055 3927 1083 3974 ii.
1100 3923 1129 3982 3,
1149 3924 1187 3972 ii.

108 4011 151 4060 per
170 4003 303 4052 maiorem
320 4004 382 4052 anni
402 4003 507 4066 partem
528 4003 628 4052 Romae
668 4004 767 4052 Harum
785 4003 932 4061 amatores,
952 3997 1086 4057 Lucullos,
1110 3999 1191 4048 Cras-

109 4073 243 4137 degerent,
264 4078 289 4126 in
303 4089 383 4126 causa
396 4075 454 4137 fuit,
468 4089 517 4126 cur
528 4075 628 4126 sensim
666 4089 740 4137 sum,
764 4075 932 4125 Hortensium
945 4072 1097 4136 peucetios
1112 4075 1191 4122 vocat

109 4145 275 4200 desereretur
292 4151 399 4213 antiqua
417 4149 458 4200 illa
476 4153 504 4200 et
520 4153 628 4200 strenua
666 4153 721 4202 Cic.
736 4150 770 4199 ad
781 4152 831 4200 Ati.
847 4150 874 4208 t,
895 4149 935 4209 iu,
950 4148 973 4196 6.
988 4175 1014 4182 -
1023 4147 1193 4209 platonisque

23 4285 25 4308 ἱ
108 4223 156 4280 aad
181 4221 286 4273 cultura
312 4236 473 4288 semperque
498 4223 629 4274 desertior
665 4225 767 4288 castate]
792 4220 902 4273 Martiali
927 4221 957 4281 3,
984 4222 1028 4283 58,
1056 4221 1085 4272 3:
1112 4223 1190 4271 sidua
