2934 4884
795 359 924 409 nunniti

486 514 639 581 Romulae
662 516 750 601 genti
771 514 846 581 date
868 535 1005 601 remque
1031 514 1222 604 prolemque

572 638 610 701 Et
631 635 732 703 decus
756 637 873 703 omne!

469 807 646 893 -Quaeque
668 826 728 871 vos
750 804 857 871 bobus
880 815 1054 870 veneratur
1075 804 1156 873 albis

487 926 600 993 Clarus
622 925 783 993 Anchisae
806 927 1007 1013 Venerisque
1029 927 1179 1013 sanguis,
1372 930 1413 991 544

430 1038 435 1065 ⁴
488 1051 654 1137 impetret,
677 1046 820 1114 bellante
846 1046 953 1133 prior,
977 1048 1135 1113 iacentem

571 1171 668 1237 Lenis
691 1170 723 1234 in
752 1168 894 1235 bostem!

386 1370 427 1421 49.
448 1370 544 1432 (latique
560 1370 627 1419 Pott.
647 1369 677 1429 9,
692 1370 738 1429 46,
750 1370 810 1429 ²2..
829 1369 887 1418 iti.
908 1371 947 1431 (Ut
964 1382 1028 1430 uos,
1046 1368 1111 1430 libo,
1123 1367 1155 1429 β,
1174 1381 1214 1431 pr.
1232 1384 1251 1418 κ
1272 1372 1318 1419 ι64
1335 1369 1380 1419 6444

354 1446 439 1507 duca,
459 1446 493 1505 C,
511 1442 606 1505 Beati,
626 1442 684 1507 iit.)
706 1470 732 1479 -
751 1442 867 1493 bubusb.
883 1470 911 1479 -
929 1444 969 1493 64.
988 1444 1094 1505 Imperet
1110 1445 1177 1493 Pott.
1194 1441 1308 1507 plures,
1330 1445 1381 1493 iti

353 1519 503 1645 hhonhhhhih
519 1520 559 1644 ξι
569 1534 628 1583 μω,
647 1532 688 1581 pr.
707 1534 724 1567 κ
742 1520 802 1567 etv
818 1520 881 1581 post
897 1518 1044 1581 cruquium
1061 1518 1175 1568 correxit
1186 1516 1336 1569 Bentleius.
1352 1547 1379 1553 —

320 1782 430 1833 prorsus
452 1770 575 1819 contenta
599 1772 640 1818 est
661 1769 714 1817 vita
733 1770 760 1817 et
780 1770 842 1817 ante
879 1772 992 1834 apparet
1008 1782 1042 1819 ex
1053 1770 1216 1833 ignoratione
1227 1772 1410 1821 constructio-

320 1844 378 1891 acta
400 1844 426 1891 et
447 1854 492 1903 ea,
520 1854 588 1905 quaa
611 1840 764 1891 etiamnunc
790 1843 842 1905 ipsi
879 1844 921 1892 nis
937 1844 1054 1893 cenanti
1064 1844 1338 1907 diaconatiputdlut
1351 1858 1410 1907 pre

320 1929 448 1967 concessa
483 1918 554 1966 est.»
589 1913 752 1967 Manendum
785 1919 844 1965 erat
880 1918 1211 1979 eari,poscere,postutare,
1224 1932 1325 1981 rapere
1336 1920 1408 1979 cet),

318 1994 430 2057 propter
454 2002 597 2055 perversas
623 1988 751 2041 lectiones
773 2004 843 2040 sene·
881 2005 950 2054 quae
974 2006 1007 2041 ex
1030 1993 1178 2056 antiquiore
1195 1993 1341 2045 latinitate
1366 2008 1409 2043 re—

319 2066 392 2117 ctutis
404 2066 520 2128 placidae
537 2068 564 2114 et
577 2066 706 2127 placidum
726 2067 841 2127 66464646.
880 2069 954 2116 tenta
966 2070 1008 2116 est
1024 2068 1104 2117 etiam
1116 2066 1150 2117 ab
1162 2069 1191 2118 Α.
1205 2069 1325 2118 Caecina
1338 2068 1408 2133 apud

323 2168 350 2177 -
369 2142 400 2190 V.
419 2141 443 2190 4.
471 2141 549 2202 igitur
570 2141 648 2191 huius
665 2141 791 2205 strophae
809 2141 844 2191 ad
882 2142 935 2192 Cic.
953 2141 989 2191 ad
1006 2143 1077 2192 Fam.
1096 2143 1124 2203 6,
1143 2143 1173 2191 7:
1191 2144 1235 2203 qui
1251 2144 1338 2193 mutu
1353 2146 1407 2193 deos

320 2215 484 2264 iuventutem
496 2214 619 2277 retertur,
634 2228 660 2264 v.
671 2216 695 2265 6.
707 2215 742 2264 ad
753 2229 841 2276 senes,
878 2217 992 2265 amnti
1014 2221 1072 2266 m
1094 2221 1184 2266 conto
1207 2218 1261 2266 eius
1284 2219 1404 2267 mititem:

319 2290 418 2353 quibus
440 2290 491 2340 hae
515 2291 588 2354 ipsae
613 2303 708 2354 preces
737 2290 842 2353 egregie
881 2290 974 2353 sicque
991 2292 1043 2341 Sat.
1056 2292 1085 2351 2,
1104 2292 1133 2352 2,
1152 2290 1214 2341 tat:
1231 2291 1267 2341 Ae
1282 2298 1407 2343 mata

319 2364 425 2428 placere
443 2363 592 2424 debebant3
619 2379 644 2415 v.
662 2366 677 2414 3
695 2366 722 2413 64
739 2362 763 2414 4.
782 2364 843 2412 uni·
881 2365 965 2426 Ceres,
983 2366 1022 2415 lta
1037 2366 1118 2415 culmo
1133 2372 1247 2429 moeret
1262 2368 1329 2417 atto.
1352 2370 1401 2416 Sat.

319 2437 845 2504 versumpopulumitomanumcomple·
880 2440 909 2499 Ξ,
929 2439 957 2498 6,
975 2440 1005 2489 6;
1023 2440 1052 2488 st
1067 2452 1173 2489 amaror
1190 2442 1305 2504 (precor)
1319 2442 1405 2491 stultus

320 2517 442 2571 ctuntur3
468 2526 520 2576 qua
538 2514 721 2565 distributione
747 2526 843 2577 magna
879 2513 942 2562 nibil
956 2513 1054 2562 bonan.
1074 2514 1243 2575 -Anebisccl
1262 2514 1402 2565 Pulchram

320 2600 383 2640 cum
404 2592 460 2637 arte
483 2601 548 2637 usus
570 2591 612 2638 est
637 2590 725 2651 poeta.
747 2589 844 2637 -lio-
879 2588 1011 2637 Anchisae
1023 2587 1058 2637 ab
1070 2590 1159 2637 Aenea
1169 2589 1197 2638 in
1207 2588 1335 2639 humeris
1345 2602 1404 2653 pcr-

319 2662 411 2727 mulne]
430 2675 478 2725 pro
490 2663 634 2720 4466464666,
651 2664 681 2709 ut
696 2661 745 2711 0d.
765 2660 794 2720 4,
812 2664 842 2721 6,
880 2663 925 2711 tati
943 2663 1086 2723 imaginem
1102 2662 1163 2711 vide
1180 2664 1207 2711 in
1219 2663 1344 2713 Gerhard
1359 2664 1403 2711 i'o·

320 2738 344 2786 4.
365 2764 392 2773 -
410 2735 519 2799 reusque]
539 2747 636 2797 uopum
653 2734 841 2785 allluentiam.»
878 2750 946 2800 aanp.
976 2738 1018 2786 111.
1043 2738 1071 2786 T.
1097 2736 1215 2787 CClivll.
1244 2765 1274 2773 -
1301 2738 1403 2788 66416646

321 2836 348 2845 -
363 2809 517 2872 proteritque]
536 2822 582 2870 orte
599 2805 765 2870 colliquescit
779 2822 842 2859 cum
875 2814 959 2873 prior,
969 2811 1068 2875 -tensJ
1083 2812 1187 2874 «itaque
1198 2810 1238 2861 dis
1254 2812 1402 2863 laventibus

318 2898 344 2935 v.
363 2898 421 2947 seq.
452 2883 489 2933 Cl.
504 2882 551 2932 Od.
565 2882 594 2943 4,
607 2884 638 2943 i,
651 2884 692 2933 64.
706 2884 748 2933 23.
879 2898 988 2949 semper
997 2886 1081 2935 victor
1091 2885 1209 2935 hostium
1222 2885 1337 2945 evadat,
1351 2886 1401 2937 cle·

351 2958 438 3009 itt-us.
458 2957 583 3021 Oricoque]
598 2959 645 3008 «at
661 2972 743 3021 quae,
757 2958 842 3010 boves
880 2962 983 3009 menter
995 2963 1097 3020 autem,
1116 2962 1146 3011 ut
1157 2960 1237 3010 decet
1247 2962 1340 3011 virum
1351 2962 1400 3011 ior·

319 3034 392 3085 albas
410 3034 508 3097 (Verus.
527 3030 617 3095 Sibyll.
632 3034 682 3096 46.)
700 3034 777 3085 vobis
794 3035 843 3083 im·
878 3037 934 3084 tem
945 3036 1087 3097 pariterue
1098 3046 1276 3097 generosum,
1295 3036 1400 3086 domitis

318 3107 430 3169 motans,
447 3121 496 3159 vos
511 3110 637 3172 precatur
648 3111 790 3172 Augustus,
809 3122 841 3157 ea
878 3110 997 3172 parcat.»
1026 3108 1096 3171 Virg.
1114 3111 1179 3159 Aen.
1200 3109 1230 3169 6,
1249 3109 1314 3160 8544
1340 3113 1400 3160 Pur-

319 3187 523 3249 consequamur»
543 3185 664 3235 Caesaris
675 3183 784 3247 quidem
796 3196 842 3232 no-
878 3196 934 3233 cere
957 3182 1070 3233 mbieetis
1085 3188 1109 3232 et
1129 3183 1253 3232 debellme
1275 3186 1397 3247 morbos.

318 3274 394 3321 men,
414 3261 472 3323 ipso
490 3260 547 3309 sine
565 3258 646 3309 dubio
664 3259 703 3307 sic
719 3257 839 3318 volente,
879 3260 956 3321 Prop.
970 3257 999 3318 3,
1014 3258 1057 3317 49,
1070 3257 1116 3307 28:
1136 3257 1237 3319 (Minos)
1252 3259 1399 3308 l'ictorerat

318 3348 368 3399 per
398 3337 483 3384 totum
517 3346 626 3384 carmen
661 3334 772 3382 tacetur.
810 3356 838 3367 -
878 3332 1005 3393 omnen,
1023 3344 1118 3393 666666
1132 3332 1161 3381 io
1176 3332 1244 3381 toste
1258 3333 1315 3395 tuit.

317 3412 405 3473 Longe
423 3422 488 3460 vero
506 3408 642 3472 pulchrior
654 3411 696 3457 est
706 3409 763 3471 ipsa
776 3419 842 3469 quo-
910 3405 994 3456 6466.
1007 3406 1101 3467 Medic]
1110 3406 1232 3455 Parthus.
1243 3408 1311 3457 Nota
1319 3420 1398 3470 quam

317 3498 370 3547 que
388 3484 517 3535 sententia
535 3496 614 3533 verae
627 3483 704 3531 huius
721 3479 840 3530 lectionis
878 3482 955 3529 caute
978 3482 1064 3529 totum
1088 3492 1138 3543 per
1158 3492 1270 3529 carmen
1292 3494 1397 3531 omnem

318 3560 407 3623 (etiam
425 3558 489 3609 Cod.
507 3556 628 3620 Franco)
652 3568 735 3619 quam
757 3556 841 3604 inter·
877 3553 1009 3606 bellorum
1024 3554 1152 3615 civilium,
1171 3569 1241 3619 quae
1260 3559 1397 3622 imperium

317 3632 434 3699 polatae:
454 3632 720 3693 Quique--imparet;
740 3632 840 3681 namin
876 3629 1076 3689 laceraverant,
1112 3627 1155 3679 vel
1191 3630 1398 3684 occultissimam

317 3708 359 3759 illa
377 3710 428 3758 hoc
445 3709 524 3757 inest:
546 3718 629 3769 «quae
647 3710 708 3755 vota
726 3704 841 3757 illesus·
878 3706 1041 3755 mentionem
1065 3702 1166 3754 devitet
1188 3717 1222 3754 ac
1246 3704 1282 3755 de
1305 3707 1397 3756 esteris

317 3784 380 3848 cipit
404 3796 453 3847 pro
486 3780 570 3832 salute
601 3781 705 3845 imperii
730 3782 841 3830 Romani
878 3780 1014 3831 dumtaxat
1042 3779 1192 3830 nationibus
1220 3778 1255 3829 ab
1284 3783 1397 3844 Augusto

317 3870 420 3921 proque
429 3858 605 3921 prosperitate
613 3868 722 3907 suorum
731 3855 839 3917 civium,
877 3854 985 3905 domitis
1010 3851 1148 3917 loquatur,
1174 3856 1233 3904 turn
1257 3868 1284 3904 v.
1307 3857 1349 3904 57.
1368 3854 1396 3904 de

318 3946 349 3981 ea
367 3934 424 3981 rata
441 3930 537 3989 nanto
557 3930 584 3979 iu
601 3931 650 3981 hac
668 3926 780 3993 simplex
801 3930 841 3978 rei
878 3928 930 3979 fide
954 3942 987 3979 ac
1008 3942 1076 3992 pace
1093 3928 1128 3977 ab
1149 3928 1248 3977 eodem
1269 3931 1395 3979 restituta.

317 4007 422 4055 dunas
439 4004 577 4055 faciundae
599 4004 711 4063 meatim
738 4004 842 4065 imperet
879 4031 907 4040 -
930 4003 1049 4067 Albanus]
1068 4004 1265 4053 anomoeorum
1285 4016 1318 4053 ea
1335 4002 1395 4053 Alba

318 4082 407 4130 autem
432 4079 575 4144 explicant:
604 4080 771 4135 «dominetur
792 4078 841 4127 toti
877 4080 964 4141 Longa
981 4081 1127 4128 ortorum.»
1147 4102 1174 4113 —
1187 4078 1317 4141 responsu]
1336 4078 1396 4127 cedi·

319 4158 450 4205 terrarum
475 4154 566 4215 orbiu,
593 4158 622 4204 ut
643 4153 691 4204 od.
709 4154 738 4211 i,
763 4152 791 4213 6,
813 4154 837 4202 t.
863 4145 918 4201 *etc
933 4150 975 4201 illa
991 4150 1059 4201 lulio
1076 4150 1132 4214 lOd.
1148 4150 1178 4211 4,
1197 4153 1241 4212 ts,
1258 4152 1323 4215 ἢ),
1337 4165 1395 4214 quo

319 4228 549 4292 interpolationem
575 4242 639 4278 vero
664 4230 750 4278 ortam
777 4240 838 4277 esse
877 4226 958 4276 modo
974 4226 1119 4277 seditiones
1136 4226 1273 4277 intestinas
1291 4238 1394 4289 compo
