2934 4884
474 407 534 457 uit.
553 408 584 457 li.
620 409 649 456 C.
668 408 711 457 lv.
1105 406 1166 470 235

252 560 405 627 Thessalo
426 562 549 629 victore
574 573 607 628 et
628 562 801 650 ademptus
824 564 943 629 lloctor
1128 563 1168 627 ll)

251 682 393 749 Tradidit
415 684 509 750 sessis
532 684 654 750 leviora
677 683 743 749 tolli

377 806 534 891 Pergama
555 805 657 871 Grais.

251 961 398 1039 Nescius,
422 983 463 1027 an
485 973 516 1028 te
538 984 695 1050 generum
716 963 801 1029 beati

249 1082 405 1171 Phyllidis
427 1082 530 1150 flavae
551 1083 707 1151 decorent
727 1098 894 1173 parentes:

250 1204 383 1290 Regium
404 1216 492 1271 certe
514 1226 617 1293 genus
639 1218 672 1273 et
692 1218 827 1293 penates

377 1328 497 1392 Maeret
518 1327 656 1415 iniquos.

149 1551 186 1598 tr.
205 1550 282 1599 Grais
298 1549 337 1599 Td
356 1550 407 1612 (De
425 1554 524 1602 ceteris
541 1555 609 1603 meis
627 1566 698 1603 nunc
715 1566 769 1603 non
787 1554 933 1618 memmii:
954 1556 1040 1607 Graiis
1056 1556 1134 1614 Edd,

116 1624 193 1673 etiam
209 1625 233 1673 J.
255 1652 283 1659 -
304 1622 343 1674 tt.
362 1626 482 1675 decoram
498 1626 525 1675 T.
547 1654 574 1663 -
595 1628 635 1675 tt.
650 1628 752 1689 poeto
768 1630 796 1679 B.

85 1808 179 1870 turen,
198 1787 225 1858 id
238 1812 293 1869 est,
312 1809 434 1873 Phrygia.
456 1812 608 1861 -cecidere
645 1812 714 1873 dea,
734 1814 891 1865 immoratur
908 1816 933 1865 in
951 1816 1064 1879 imagine
1076 1818 1168 1867 Troiae

84 1884 192 1947 ime]
228 1882 367 1945 cladibus,
402 1897 470 1948 quas
503 1886 608 1935 troiani
645 1891 825 1951 expugnatae,
849 1902 930 1952 quam
948 1891 1085 1953 quomodo
1101 1904 1169 1941 non-

84 1970 164 2021 trsqno
185 1958 221 2009 ad
239 1956 315 2009 urbis
335 1958 469 2009 excidium
485 1960 607 2023 perpessi
645 1975 726 2013 nemo
739 1965 769 2012 ut
779 1962 886 2013 Horatio
899 1964 1033 2028 indignam
1045 1978 1169 2015 resecare

86 2035 165 2083 erant.
644 2033 773 2098 voluerit,
792 2038 920 2100 equidem
939 2052 993 2088 non
1012 2038 1135 2101 intelligo.

116 2109 154 2157 to.
173 2108 288 2158 Thmto
308 2108 410 2172 uictore]
432 2108 508 2158 Hunc
525 2110 608 2159 Grae·
678 2110 718 2160 ts.
738 2110 778 2161 li.
798 2114 914 2173 Nescius,
933 2111 975 2175 un]
996 2126 1057 2172 ean,
1077 2116 1169 2163 contra

86 2184 139 2232 riae
154 2180 287 2247 populum
304 2185 413 2247 praeter
429 2185 535 2233 ceteros
552 2197 609 2233 me-
644 2196 727 2246 quam
745 2187 772 2233 tu
791 2184 902 2235 tortasse
921 2200 991 2235 nunc
1008 2188 1168 2249 patescet..

84 2262 167 2307 morat
194 2260 222 2307 et
249 2260 361 2321 propter
388 2256 531 2316 Achillem,
561 2258 608 2321 qui
645 2260 714 2307 «Nos
725 2258 863 2319 vertimus,
876 2260 952 2323 quasi
964 2262 1169 2310 essetannonm

84 2344 188 2395 magnas
210 2333 292 2381 antea
314 2334 417 2394 strages
433 2333 503 2382 inter
519 2332 608 2381 Troia·
644 2331 720 2381 Hand
746 2331 820 2381 Ture.
847 2334 867 2382 1.
895 2346 921 2397 p.
946 2333 1003 2383 305.
1046 2332 1171 2384 «inclinat

84 2420 130 2456 nos
157 2406 282 2457 ediderat
308 2406 522 2470 Rectoremque,
552 2407 608 2457 belli
644 2404 678 2455 ud
695 2404 928 2457 affirmationem.»
946 2408 1013 2457 lbid.
1027 2422 1053 2471 p.
1068 2408 1124 2459 320.
1141 2436 1169 2445 -

82 2495 190 2543 worn,
222 2480 371 2543 occiderat,
404 2486 431 2531 et
458 2484 520 2546 qnia
548 2484 605 2533 sine
645 2482 783 2531 «Fortasse
801 2480 943 2544 aliquando
961 2483 1080 2546 reperies
1093 2481 1171 2533 nobi-

82 2556 271 2619 h'coptolemo,
311 2556 511 2619 Myrmidonum
544 2559 607 2606 tuuc
643 2553 761 2606 lissimos
778 2569 810 2604 ac
827 2554 973 2621 locupletes
985 2556 1111 2620 Phyllidis
1126 2570 1172 2623 pa-

81 2630 159 2689 ducc,
186 2632 266 2681 lroia
284 2631 342 2694 capi
360 2632 469 2681 omnino
486 2645 540 2681 non
556 2644 607 2695 po-
644 2632 736 2679 rentes
761 2629 808 2679 tibi
834 2631 925 2681 decori
949 2644 1023 2692 esse,
1051 2632 1119 2681 adeo
1142 2634 1172 2681 ut

83 2707 156 2753 terat.
178 2732 207 2741 -
226 2706 358 2767 udaupwr
373 2705 475 2770 Hector]
493 2704 556 2755 iliad
568 2722 607 2767 ω,
644 2705 701 2755 sine
727 2703 780 2755 ulla
805 2706 999 2769 vituperatione
1023 2706 1076 2755 iam
1100 2720 1171 2757 nuno

83 2778 139 2828 tta:
157 2774 299 2849 Ῥηΐιεροι
316 2776 372 2850 γὰρ
386 2775 501 2845 μᾶλλον
514 2774 608 2840 Ἀχαι·
644 2794 694 2844 pro
702 2793 786 2830 uxore
796 2780 897 2831 habeas
910 2783 979 2831 hanc
990 2782 1169 2845 peregrinam,

82 2860 155 2903 οῖσιν
166 2851 203 2918 δὴ
213 2848 320 2904 ἔσεσθε
330 2854 434 2905 Kelroo
446 2852 608 2920 τεθνηῶτος
644 2857 724 2918 atque
743 2856 778 2905 ita
795 2854 900 2907 illorum
917 2856 953 2906 sis
971 2858 1109 2919 umquam
1124 2868 1172 2918 ge-

82 2930 239 2999 έναιρέμεν.
257 2929 349 2993 Eurip.
367 2930 432 2980 ileo.
450 2931 496 2979 il:
518 2930 608 2999 Τροία
645 2943 719 2979 ner.»
755 2930 806 2979 Per
822 2931 911 2981 iocum
929 2932 1016 2981 omnia
1035 2931 1103 2981 haee
1120 2930 1172 2980 dici

80 3004 106 3053 θ’
121 3000 266 3075 Ἕκτορός
282 3005 306 3053 τ’
331 2996 491 3055 ἀπόλλυται
511 3001 606 3069 Ψυχή.
645 3004 817 3053 manifestum
843 3006 891 3055 est.
917 3032 945 3039 -
969 3005 1060 3067 Popilie
1081 3006 1171 3055 autem

83 3081 224 3143 -lnspice
242 3081 381 3131 certamen
398 3077 608 3130 interhchillem
644 3080 736 3129 utrum
754 3077 849 3129 eadem
868 3079 913 3140 sit,
932 3091 1015 3141 quom
1030 3078 1077 3129 Od.
1091 3078 1116 3139 l,
1129 3080 1170 3139 tt,

81 3157 106 3201 et
125 3154 275 3204 Hectorem
297 3153 418 3204 Gerhard
441 3155 545 3217 Vasonp.
564 3155 607 3204 lll.
645 3152 686 3201 at.
714 3165 818 3201 tuorum
842 3154 918 3215 pinon
942 3166 1059 3201 amorim
1083 3155 1171 3213 vocat,

82 3229 106 3277 Τ.
131 3230 196 3279 CCI.
224 3240 303 3291 seqq.
331 3229 453 3279 Hectoris
476 3228 555 3279 iunus
582 3230 608 3279 in
646 3239 742 3287 necne,
761 3225 840 3277 stulte
859 3238 873 3274 a
892 3226 1053 3289 quibusdam
1071 3226 1173 3290 disqui-

84 3303 167 3354 Braun
184 3303 607 3354 nutilellomtonoorltedlecuet.
646 3301 726 3351 situm
745 3304 798 3359 est;
825 3301 893 3349 haec
914 3301 1042 3350 xanthiae
1062 3314 1171 3361 servae,

81 3379 216 3440 stuttgart.
237 3376 311 3428 tots.
331 3379 361 3427 N.
380 3378 404 3427 9.
647 3374 934 3445 idatrolpoglihertae
947 3378 1037 3439 partes
1050 3375 1170 3424 sustinet.
1239 3364 1241 3371 ’

112 3454 153 3501 il.
191 3453 319 3517 Tradidit]
350 3455 512 3516 «postquam
541 3466 608 3503 nece
680 3451 721 3500 tt.
741 3450 781 3500 te.
801 3452 910 3499 Summa
928 3462 1020 3499 rursus
1037 3449 1131 3497 locatio
1146 3448 1172 3498 in

81 3528 135 3577 eius
153 3526 284 3577 ellectum
301 3528 355 3586 est,
374 3529 404 3576 ut
420 3526 521 3578 lucilius
533 3529 609 3577 Troia
647 3538 724 3588 seqq.
748 3524 827 3573 inest:
856 3524 951 3573 «Certe
972 3524 1042 3586 regis
1063 3521 1174 3573 alieuius

81 3602 610 3665 cspuguamtnnitaqueipsoeamquasi
647 3597 783 3649 orientalis
807 3596 857 3647 filia
882 3600 924 3649 est
947 3600 973 3647 et
996 3598 1117 3660 queritur
1139 3597 1173 3647 de

79 3678 184 3725 tradidit
202 3677 307 3726 Grais.»
328 3702 356 3712 —-
374 3676 452 3739 inde]
475 3676 610 3735 «Quorum
648 3673 701 3723 tato
714 3674 813 3736 iniquo,
825 3672 1018 3723 cuiussaevitia
1034 3670 1134 3721 exaula
1146 3672 1172 3721 in

80 3752 151 3800 sires
160 3763 211 3814 per
219 3750 383 3801 decennium
392 3749 455 3799 illud
465 3750 538 3800 duris
547 3748 611 3799 belii
647 3749 805 3798 servitutem
824 3747 933 3799 detrusa
946 3749 1011 3797 est.»
1033 3771 1059 3781 -
1077 3744 1118 3795 Ad
1130 3758 1172 3795 vv.

79 3823 219 3875 latioribus
239 3838 326 3889 prope
344 3824 490 3875 exhaustae
507 3826 609 3874 erant.»
647 3823 747 3885 replum
762 3836 841 3885 genitr
857 3820 908 3872 noli
922 3820 1047 3885 supplere
1059 3825 1106 3881 κη
1125 3820 1174 3870 sed

81 3926 107 3933 -
121 3899 229 3963 leriortq
248 3912 298 3963 pro
317 3897 484 3959 «laoiliora»,
508 3901 537 3949 ut
554 3899 608 3949 Liv.
647 3897 921 3960 pendetav.mooret;
936 3897 1174 3961 «proptereamae-

76 3976 106 4033 5,
134 3973 182 4022 23:
222 3974 326 4023 tandem
350 3987 395 4034 eo,
427 3974 494 4034 quod
517 3973 613 4023 lenissi-
648 3973 689 4020 sta
708 3973 765 4031 est,
784 3971 857 4034 quod
874 3970 978 4033 regium
995 3983 1074 4021 suum
1089 3981 1174 4033 genus

75 4062 149 4097 mum
162 4048 309 4109 rimato,
327 4049 459 4097 dmwnm
470 4052 512 4097 est.
532 4048 613 4107 Quin-
649 4047 717 4097 adeo
736 4047 903 4111 deprensum
920 4058 952 4096 nc
971 4048 1082 4111 propter
1092 4042 1175 4093 servi-

75 4122 112 4171 tii.
133 4123 164 4182 5,
184 4122 214 4179 o,
233 4121 262 4170 3:
281 4122 334 4171 leoe
350 4136 381 4171 oe
396 4124 479 4185 focile
501 4151 528 4159 -
551 4123 612 4173 Tolli
649 4124 734 4175 tutem
756 4122 865 4186 pristina
888 4120 1013 4184 dignitate
1031 4115 1173 4181 spoliatum

74 4200 172 4247 antem
189 4196 217 4245 in
234 4208 315 4259 prosa
333 4200 415 4246 orat:
436 4197 613 4262 «copiacde-
649 4198 708 4248 sit.»
740 4196 860 4261 Apollon.
880 4197 964 4247 lthod.
984 4194 1012 4254 i,
1036 4191 1081 4242 3i:
1107 4188 1173 4251 βλε-

74 4271 155 4321 icri.»
181 4270 261 4320 Brevi
283 4270 462 4333 digressione,
485 4285 549 4322 vere
569 4271 611 4334 ly·
650 4267 754 4341 φόρων
785 4269 815 4321 δὲ
843 4267 905 4320 κάτ’
938 4263 1035 4338 ἀθρόα
1062 4262 1175 4339 δάκρυα
