2934 4884
567 409 753 461 amalario
1169 413 1202 464 tx

116 566 251 630 ticorum
267 561 511 651 explicationes
531 565 601 631 sine
620 565 685 632 ulla
710 577 817 633 tamen
841 569 872 631 in
899 589 1096 657 quemquam
1118 571 1205 636 insc-

117 685 253 752 ctatione
284 695 339 751 aut
367 683 573 752 contumelia:
607 687 687 774 quin
714 688 745 752 in
769 686 831 754 boc
860 709 992 777 quoque
1014 711 1134 778 genere
1157 701 1204 756 ta-

118 808 186 873 citis
208 807 401 894 plerumque
425 807 635 885 adversariis,
662 828 749 895 quae
767 809 897 876 verium
916 809 1038 898 ubique
1053 813 1205 878 videren-

118 939 182 1004 tur,
212 928 409 1014 argumentis
434 926 551 995 additis
573 929 725 1017 exposui,
743 951 785 997 ne
808 930 1070 1018 tranquillissima
1093 931 1205 1021 dispu-

120 1049 194 1115 tatio
217 1049 304 1116 acris
328 1049 416 1115 rixae
441 1069 516 1116 oum
541 1048 603 1116 boo
623 1051 675 1117 vel
698 1049 752 1116 illo
773 1051 903 1118 inimico
925 1062 1108 1120 contractae
1131 1075 1206 1141 spe·

120 1171 203 1237 ciem
229 1190 374 1258 unquam
403 1191 481 1258 prae
504 1191 540 1237 se
563 1171 676 1251 lerret;
706 1191 773 1259 quo
798 1171 932 1260 quidem
955 1193 1030 1241 cum
1058 1173 1129 1240 aliis
1158 1174 1207 1241 di-

120 1291 283 1379 gladiandi
307 1301 339 1357 et
363 1289 569 1380 depugnandi
593 1291 699 1358 studio
725 1293 758 1358 in
783 1292 966 1361 huiusmodi
991 1295 1119 1382 scriptis
1141 1305 1208 1362 stn-

122 1413 235 1480 diosae
258 1413 413 1480 iuventuti
434 1413 609 1500 propositis
633 1411 710 1479 nihil
733 1414 877 1500 prolecto
901 1415 1088 1502 perversius
1114 1435 1208 1503 repe

121 1535 175 1599 riri
197 1545 314 1622 potest.

185 1657 362 1723 Praeterea
376 1655 523 1723 crebrius
547 1677 645 1744 quam
666 1656 802 1725 fortasse
824 1657 985 1725 nonnullis
1009 1657 1206 1746 probabitur,

122 1777 211 1845 locos
235 1776 357 1844 similes
379 1776 431 1844 vel
456 1777 585 1844 aliunde
608 1789 755 1866 sumptos
775 1779 827 1847 vel
849 1801 868 1846 a
892 1801 945 1848 me
968 1781 1040 1868 ipso
1062 1791 1208 1868 repertos

124 1898 271 1964 omnibus
295 1897 405 1964 verbis
432 1899 568 1978 inserui,
603 1900 680 1987 quia
706 1899 858 1968 diuturna
882 1901 1080 1990 experientia
1100 1901 1208 1978 didici,

125 2020 184 2087 hoc
205 2019 267 2086 nisi
292 2020 407 2095 faciae,
431 2020 485 2086 vix
508 2019 550 2086 ab
573 2020 657 2099 aliie,
682 2031 910 2110 praeterquam
931 2021 972 2089 ab
986 2043 1052 2089 uno
1067 2021 1209 2090 alterove

126 2142 276 2228 magistro
312 2141 389 2208 satis
421 2141 589 2229 religioso,
628 2141 703 2209 talia
732 2143 880 2232 exempla
914 2144 1002 2231 apud
1034 2145 1209 2230 scriptores

128 2263 211 2349 ipsos
243 2262 361 2350 inquiri
397 2273 494 2350 atque
525 2265 707 2330 accuratius
737 2265 923 2332 examinari.
967 2267 1034 2331 Nec
1064 2285 1143 2331 vero
1177 2265 1209 2328 in

128 2383 194 2470 ipsu
216 2383 295 2450 ludo
318 2383 472 2450 litterario
501 2405 576 2451 oum
602 2385 769 2473 discipulis
798 2385 840 2453 de
868 2386 909 2452 iis
927 2386 1090 2453 disserere
1118 2384 1207 2461 licet,

129 2505 185 2571 nisi
201 2505 348 2592 ipsorum
371 2504 473 2571 oeulis
499 2506 644 2574 subiecta
666 2519 748 2573 sunt.
793 2508 917 2588 Quodsi
944 2519 1047 2575 totum
1067 2507 1129 2576 boc
1154 2529 1211 2595 ge·

127 2648 183 2692 nus
204 2625 315 2693 multis
341 2637 374 2693 et
398 2647 677 2714 supervacaneum
702 2630 833 2696 omnino
860 2640 894 2698 et
917 2631 1065 2718 putidum
1086 2629 1211 2696 videbi-

128 2759 188 2826 tur,
214 2749 380 2815 diversam
403 2749 589 2836 opinionem
610 2752 703 2839 sequi
726 2751 803 2817 mibi
818 2751 933 2820 saltem
951 2771 1145 2819 concessum
1159 2751 1209 2817 sit.

127 2869 319 2938 indicandae
344 2870 430 2936 enim
446 2870 533 2957 apud
555 2871 642 2939 bunc
662 2879 791 2958 po'etam
813 2873 999 2940 necessario
1019 2882 1096 2938 sunt
1111 2871 1211 2940 Grae-

126 3013 236 3058 corum
267 2991 502 3079 exemplarium
537 2992 725 3060 manifestae
756 2992 966 3072 imitationes;
1001 2994 1089 3059 iuvat
1115 2994 1213 3060 etiam

126 3113 263 3181 subinde
298 3111 494 3202 significare,
527 3113 583 3180 ubi
616 3133 694 3182 casu
721 3115 829 3202 potius
860 3135 958 3203 quam
988 3112 1123 3182 consilio
1153 3112 1212 3178 bas

126 3234 234 3302 illasve
255 3233 433 3301 sententias
456 3254 530 3301 cum
550 3232 620 3301 aliis
646 3255 749 3322 prope
772 3255 960 3303 communes
981 3233 1112 3310 habeat,
1145 3242 1212 3299 tum

125 3357 330 3444 praesertim,
357 3376 432 3422 cum
454 3357 487 3422 in
505 3355 663 3423 similibus
680 3357 877 3445 argumentis
891 3353 1125 3443 pertractandis
1138 3375 1213 3422 vcr-

126 3489 222 3544 satur.
267 3477 441 3565 Inprimis
473 3489 581 3545 autem
612 3477 786 3545 lectoribus
811 3477 920 3542 minus
949 3476 1130 3544 exercitatis
1155 3474 1213 3542 de-

127 3598 372 3666 monstrandum
386 3609 449 3676 est,
473 3597 646 3686 permulta,
670 3620 756 3686 quae
772 3598 852 3685 ipsis
866 3598 1040 3686 singularia
1052 3597 1103 3665 vel
1120 3617 1213 3685 pror·

128 3741 181 3786 sus
211 3720 339 3786 insolita
365 3719 547 3798 videantur,
582 3720 698 3808 partim
718 3719 837 3787 Graeco
853 3720 938 3805 sonte
958 3718 1100 3786 eccidisse
1114 3739 1213 3806 parce

127 3841 262 3922 detorta,
286 3843 401 3929 partim
424 3841 541 3909 eadem
556 3839 693 3929 reperiri
714 3841 812 3908 modo
835 3842 922 3929 apud
937 3841 1135 3929 antiquiores
1153 3841 1214 3906 La-

129 3964 223 4038 tinos,
248 3963 346 4030 modo
366 3962 454 4050 apud
478 3962 599 4029 Horatii
621 3962 793 4051 aequales,
820 3962 918 4029 modo
940 3973 1071 4049 recepta
1086 3981 1159 4028 esse
1176 3982 1214 4028 ac

131 4085 264 4172 repetita
298 4105 317 4150 a
347 4085 591 4172 posterioribus.
647 4085 891 4172 Saepenumero
927 4085 1024 4150 etiam
1054 4082 1214 4170 pedestris

132 4207 282 4273 orationis
304 4206 506 4274 consuetudo
525 4206 614 4274 velut
636 4206 829 4295 opponenda
853 4216 903 4272 est
927 4205 1088 4292 poeticae,
1114 4213 1151 4268 ut
1172 4203 1214 4268 de
