2934 4884
594 335 598 340 ⁴
672 339 802 390 Nomii
820 339 949 390 NeoooN

398 494 437 562 Ut
457 513 580 580 nuper,
605 504 695 560 actus
717 513 791 560 cum
814 493 894 560 lreto
915 494 1093 580 Neptunius

439 617 512 679 Dux
532 614 612 702 fugit
633 614 714 680 ustis
736 613 886 690 navibus,

402 735 538 802 Minatus
560 734 637 803 Urbi
659 733 779 812 vinela,
804 755 890 822 quae
912 733 1095 802 detraxerat

438 856 549 923 Servis
570 856 693 922 amicus
715 853 859 942 perfidis.

398 980 579 1054 Romanus,
603 975 753 1052 444444-
766 974 887 1062 posteri
909 975 1066 1062 negabitis
1080 1013 1122 1025 —

442 1097 667 1184 Emancipatus
689 1093 827 1162 feminae

398 1222 474 1286 Fert
493 1217 613 1284 vallum
635 1226 668 1284 et
688 1237 779 1282 arma
800 1215 893 1282 miles
916 1225 950 1283 et
969 1215 1169 1302 spadonibus

442 1340 571 1406 Sei-vire
592 1338 720 1425 rugosis
745 1345 867 1424 potest,

335 1521 375 1569 44.
393 1520 441 1570 beu
455 1520 504 1570 batt
519 1519 546 1569 F.
565 1545 593 1555 -·
612 1519 652 1568 44.
670 1515 781 1570 Ultimus
797 1516 876 1567 huius
893 1517 1018 1566 carminis
1035 1529 1060 1565 v.
1079 1516 1105 1566 in
1120 1517 1150 1566 B.

270 1676 364 1727 Athen.
378 1677 402 1736 4,
415 1675 461 1726 884
475 1667 619 1746 (Ὄμηρος)
629 1677 692 1736 τοῖς
703 1702 719 1712 -
728 1671 798 1743 βαρ-
834 1673 910 1722 veste
927 1672 1053 1722 nimirum
1070 1685 1187 1736 cyanea,
1206 1675 1296 1724 coulra
1308 1673 1358 1723 lio-

269 1746 372 1821 βάροις
400 1743 559 1799 ἀποδίδωσι
587 1743 654 1810 τοὺς
678 1741 795 1810 αὐλούς.
835 1747 890 1796 stes
915 1745 1077 1810 pugnabat.»
1107 1747 1191 1797 Cous.
1210 1747 1287 1806 Caco.
1317 1749 1359 1798 Si·

270 1817 507 1896 Estrid’poyrort,
526 1823 796 1886 quaecompotationi
834 1818 905 1869 milia
930 1819 1038 1871 tradunt
1062 1821 1111 1870 Dio
1136 1819 1183 1883 48,
1202 1822 1243 1872 49.
1269 1820 1356 1872 Aurei.

271 1901 314 1950 est
329 1897 616 1949 accommodatissima.
644 1897 692 1948 od.
705 1896 735 1958 9,
755 1894 795 1958 49,
834 1894 933 1944 Victor.
953 1895 981 1944 C.
1004 1893 1047 1944 st:
1078 1895 1140 1945 Cum
1164 1896 1232 1946 mori
1256 1896 1359 1959 feliciter

273 1975 355 2037 liisq.
369 1972 422 2024 Cir.
429 1970 522 2022 Catull.
534 1970 574 2032 64,
585 1969 648 2022 464ι
667 1970 798 2020 Barbara
833 1973 957 2028 uteretur,
975 1969 1084 2029 Neptuni
1101 1983 1126 2017 aa
1140 1968 1221 2032 44444444
1237 1969 1359 2032 conferam

274 2045 796 2110 quesorrtoitiratdatotttttocnum.
834 2041 1359 2104 seminecessemineces

271 2122 428 2186 (4444444444
437 2135 487 2186 pro
498 2120 701 2183 Pbrygio;uide
713 2117 795 2171 Stanl.
831 2115 953 2177 placavit.
974 2139 1001 2152 ·-
1026 2117 1088 2166 ortis
1108 2117 1222 2181 mnibus]
1248 2119 1296 2168 llio
1314 2117 1357 2174 49.

270 2197 306 2246 ad
322 2196 421 2247 dasch.
446 2197 520 2246 Pers.
543 2195 600 2244 484.
626 2194 718 2256 Nam.)
748 2193 796 2246 Alii
835 2189 881 2239 tl:
900 2184 994 2240 πάντα
1011 2183 1047 2239 τοὶ
1064 2187 1167 2255 σκάφη
1185 2187 1358 2255 (Σέξτου)τά

271 2273 397 2337 quidam,
420 2274 450 2321 nt
470 2273 549 2334 puto,
572 2271 661 2321 minus
677 2272 752 2320 racto
769 2283 795 2321 v.
834 2276 864 2313 rs
880 2262 910 2326 ἐς
932 2259 966 2314 τὸ
983 2261 1140 2330 τεναγῶδες
1159 2257 1316 2316 duellem
1332 2259 1358 2328 (ὁ

270 2346 410 2396 lorcam
429 2345 464 2395 de
486 2345 570 2408 Lydia
590 2344 731 2394 harmonia
749 2357 798 2394 ex·
834 2337 958 2408 Καῖσαρ)
978 2341 1171 2410 κατεκίμκρη.
1194 2365 1221 2376 -
1249 2341 1359 2391 Misetos

270 2419 378 2485 plicant.
408 2445 436 2456 -
469 2419 542 2469 lianc
575 2423 667 2468 autem
699 2413 797 2470 αὐλῶν
836 2413 895 2462 Urbi
905 2414 997 2478 4444444]
1016 2427 1126 2478 semper
1138 2417 1237 2474 tamen,
1259 2413 1301 2464 vel
1311 2428 1359 2478 per

273 2491 346 2564 πρὸς
370 2489 460 2564 λύραν
482 2493 636 2543 κοινωνίαν
660 2493 797 2557 Ephippus
834 2501 972 2548 nummos,
991 2489 1074 2552 patris
1091 2488 1225 2539 vindicem
1245 2501 1306 2539 asse
1323 2489 1358 2538 le·

270 2570 410 2634 ,respicens
425 2569 529 2638 τέρψιν
545 2570 625 2618 vocat
640 2581 683 2631 ap.
699 2568 795 2617 Alben.
835 2573 907 2612 rens·
927 2589 955 2598 -
973 2562 1066 2627 844444]
1088 2563 1137 2612 ὓίῠ
1154 2560 1200 2622 48,
1215 2564 1261 2612 4θέ
1279 2558 1313 2612 τό
1329 2575 1358 2640 'f

271 2639 317 2704 44,
335 2642 375 2702 9.,
394 2644 422 2691 et
437 2643 534 2691 usitata
552 2643 610 2691 erat
630 2643 684 2691 lam
701 2640 796 2690 iudea
834 2635 945 2688 ἐκείνου
972 2637 1060 2698 (Sexti)
1086 2631 1224 2686 ναυτικὸν
1253 2639 1302 2687 καὶ
1325 2651 1356 2687 ro

270 2715 438 2780 temporibus
456 2716 604 2765 Homericis
627 2714 655 2765 ll.
674 2728 708 2775 ο,
731 2713 795 2764 tic:
833 2707 892 2761 τῶν
907 2705 1019 2762 δούλων
1041 2705 1097 2760 τῶν
1119 2708 1153 2761 ἐκ
1174 2705 1227 2775 τῆς
1243 2705 1357 2773 ltaliae

271 2784 361 2840 Artior
382 2786 543 2857 φόρμιγγές
564 2801 595 2837 ra
615 2782 692 2852 βοὴν
715 2781 795 2847 ἔχον.
834 2779 1058 2848 ἀφικνουμένων
1091 2782 1204 2850 πλῆθος
1232 2785 1356 2856 προσλα-

302 2863 375 2913 4-44.
396 2864 427 2911 444
441 2862 531 2924 omer]
546 2859 797 2921 «Quemadmodum
834 2856 896 2921 βών
913 2855 1051 2924 πάμπολυ
1067 2853 1195 2925 ηὐξήθη.
1217 2857 1357 2912 Τοσοῦτοι

177 2975 183 2982 ,
271 2936 370 2987 abbinc
386 2937 515 2987 sexennio
533 2935 566 2998 (a.
584 2949 611 2985 u.
628 2949 653 2986 c.
670 2935 738 2997 448.)
757 2936 797 2986 lo·
834 2931 890 3005 γδο
913 2930 949 2999 δὴ
978 2928 1180 3000 ηὐτομόλουν,
1209 2927 1285 2986 ὥστε
1311 2936 1357 2984 sat

271 3012 371 3072 cimus,
390 3012 420 3060 ut
431 3009 560 3061 sollemne
571 3011 724 3061 convivium
736 3025 798 3074 age·
834 3005 887 3073 τάς
903 3003 1111 3079 ἀειιιαρθένους
1127 3009 1193 3060 καθ’
1212 3005 1296 3079 ἱερῶν
1317 3002 1358 3059 rri-

271 3096 363 3134 ramos
378 3087 490 3148 propter
505 3085 565 3135 Sex.
579 3086 735 3149 Pompeium
752 3084 799 3134 de-
834 3080 943 3148 ξασθαι
970 3081 1160 3150 ἐπισχεθῆναι
1190 3082 1277 3146 σφῶν
1310 3082 1357 3146 τὰς

270 3160 371 3208 victam
398 3157 432 3208 ab
460 3159 602 3209 Octaviam
627 3161 655 3209 at
681 3159 797 3222 Agrippa
834 3153 1020 3224 αὐτομολίας.
1035 3161 1109 3210 Oros.
1123 3160 1151 3219 o,
1166 3159 1209 3210 ⁴8:
1228 3159 1356 3219 04444444,

269 3245 355 3298 prope
381 3233 532 3284 Nessanam
556 3235 584 3283 et
610 3234 696 3284 44444444
719 3230 797 3296 (duo-
833 3239 997 3283 cumcontra
1014 3238 1120 3295 pactum
1140 3235 1271 3295 Pompeiae
1292 3233 1357 3297 prpi-

270 3307 394 3368 χθένια,
412 3307 540 3370 iugatum)
566 3319 600 3357 4ι
624 3306 691 3357 irato
708 3306 797 3357 Sicrdo
834 3309 897 3358 tioor
907 3305 1045 3370 4444494444,
1063 3313 1092 3357 ut
1108 3308 1185 3356 4444444
1200 3307 1301 3358 44444444
1315 3311 1354 3357 ssi.

272 3384 429 3448 (pomaque
445 3383 473 3432 iu
491 3382 553 3432 Asia
570 3381 739 3432 interiectum
761 3381 796 3432 ab
835 3383 888 3435 Cir.
907 3381 991 3447 Epod.
1004 3382 1035 3443 4,
1054 3382 1095 3432 49.
1113 3380 1205 3432 Vellei.
1219 3383 1249 3442 2,
1270 3383 1309 3433 43.

270 3456 444 3518 Antonianis).
458 3457 623 3520 Oppressum
631 3459 723 3508 autem
735 3459 794 3507 Sex.
867 3459 894 3507 44
903 3456 963 3508 -44,
981 3458 1110 3507 lloroasos
1119 3483 1133 3492 -
1143 3482 1159 3492 -
1169 3454 1354 3518 Nmoueipotrcl

270 3529 427 3593 Pompeium
460 3533 598 3593 tamquam
628 3529 796 3594 praeludium
832 3531 1003 3593 Emancipcre
1019 3544 1044 3580 ss
1060 3531 1138 3580 4444444
1155 3532 1196 3580 est
1214 3543 1260 3581 use
1279 3529 1355 3580 veluti

271 3606 352 3668 atque
376 3615 457 3653 omen
481 3604 608 3653 victoriae
625 3604 660 3654 de
684 3605 797 3655 Antonio
834 3605 860 3656 iu
878 3605 937 3656 elus
954 3606 1117 3670 mancipium
1133 3604 1293 3666 transferre,
1318 3606 1356 3653 to-

272 3676 450 3741 reportandae
461 3679 604 3727 memorat.
617 3705 645 3714 —
657 3679 798 3740 Neptunias
834 3681 890 3730 tum
902 3693 932 3730 sa
944 3678 1019 3731 alteri
1031 3679 1164 3729 tradere.»
1183 3679 1278 3741 (4444444
1292 3681 1356 3729 rrae

272 3753 345 3814 Dim]
361 3753 392 3802 In
408 3753 468 3802 Sex.
488 3751 607 3815 Pompeii
625 3764 736 3802 nummo
756 3753 798 3804 est
833 3754 1015 3818 bdocipcrar.»
1033 3753 1121 3816 Voss.)
1137 3751 1221 3802 Plaut.
1232 3752 1352 3804 Bacchid.

270 3829 410 3890 Neptunus
426 3824 757 3890 aplustremanugastans
770 3830 798 3878 et
835 3829 864 3890 4,
892 3829 919 3890 4,
947 3829 994 3878 49;
1022 3827 1108 3888 Nicro,
1134 3826 1238 3887 44444444,
1263 3827 1307 3877 4444
1320 3839 1355 3875 arc

271 3899 361 3950 additu
377 3913 467 3965 prora.
495 3899 597 3963 (llllller
612 3901 717 3952 14444444.
730 3902 750 3951 l.
764 3903 795 3951 N.
834 3915 987 3965 anonam·
1018 3902 1082 3951 Tanta
1097 3913 1168 3961 rum,
1193 3899 1238 3949 4444
1256 3911 1355 3964 macr

271 3971 339 4033 344.)
368 3975 646 4038 «Sex.Pompciusse
664 3975 798 4027 flliomdi·
835 3977 874 4026 rlo.
905 3977 959 4028 Cic.
979 3975 1355 4038 collustrandum

272 4044 353 4095 cebat
369 4059 429 4097 essa
447 4049 576 4113 Neptuni,
595 4052 624 4100 ut
640 4051 678 4099 ait
693 4051 794 4109 Livius,
834 4051 914 4100 44444444
924 4049 1196 4112 apopompeum
1206 4048 1356 4099 4444444444

272 4117 357 4171 alama
378 4135 471 4172 rerum
493 4124 560 4174 mari
582 4125 719 4186 gestarum
739 4124 797 4175 leli·
834 4125 943 4174 4444444444
963 4126 1050 4176 occec
1068 4125 1192 4188 opposuit.
1222 4125 1278 4174 lam
1297 4135 1355 4188 pro-

273 4193 366 4254 citate,
393 4208 477 4258 quare
499 4198 526 4247 in
552 4195 644 4248 habitu
663 4199 795 4263 Neptuni,
833 4199 891 4264 pria
926 4198 1034 4262 quidem
1067 4211 1138 4250 unus
1171 4199 1300 4250 Antonius
1327 4209 1353 4246 so
