2934 4884
665 353 793 402 llOliATll
812 351 982 402 (liuditum

656 859 994 922 cmlv·

407 1065 544 1146 Qualem
567 1066 747 1132 ministrum
767 1064 907 1131 fulminis
929 1065 1059 1141 alitem,

410 1188 468 1254 Cui
492 1207 548 1254 rex
571 1185 707 1252 deorum
729 1207 864 1273 regnum
887 1187 919 1250 in
941 1207 1019 1253 aves
1046 1207 1144 1274 vagas

348 1367 390 1418 lV.
409 1369 491 1418 laser.
510 1365 579 1429 vulg.
598 1366 677 1416 uruat
693 1366 780 1416 modos
795 1363 837 1416 vel
854 1367 893 1418 Ad
907 1367 994 1417 orbem
1010 1368 1123 1416 timum.
1144 1394 1171 1401 —
1190 1367 1230 1414 Ad
1254 1365 1338 1414 urbem

314 1443 454 1494 Romanam
470 1443 500 1491 dc
515 1442 597 1491 indole
614 1442 705 1490 domun
720 1441 766 1490 Rc.
782 1467 810 1478 -
827 1441 866 1491 Ad
881 1441 995 1490 Diuum
1007 1441 1155 1504 pricipamn
1171 1439 1279 1502 aurumi
1295 1439 1338 1500 qui

311 1522 412 1578 patrem
423 1515 644 1566 Narooantobuit
656 1517 681 1565 S.
697 1542 724 1552 -
744 1517 774 1566 lu
785 1516 864 1565 Drud
874 1516 982 1566 Neronis
991 1513 1144 1564 druoemb.
1160 1542 1188 1550 -
1201 1515 1228 1564 2.
1241 1515 1335 1562 ooirB.

316 1675 358 1723 tv.
377 1674 453 1723 Dnrsi
470 1685 515 1723 res
526 1675 615 1734 gestus
629 1673 741 1735 egregiis
753 1670 809 1721 lau·
844 1671 920 1722 sibus
928 1673 990 1720 anta
1002 1683 1125 1721 mensem
1137 1669 1265 1720 Sextilem
1277 1685 1302 1720 a.
1312 1670 1367 1719 739.
1397 1727 1400 1732 ¹

283 1746 362 1798 dibus
379 1745 510 1806 celebrat,
530 1747 564 1795 ita
582 1748 612 1795 ut
629 1748 685 1796 eius
697 1747 808 1796 virtutes
845 1747 1023 1810 compositum
1031 1745 1135 1794 ridetur
1147 1747 1259 1794 Frankio
1271 1746 1298 1794 F.
1309 1746 1368 1794 lior.

283 1821 445 1879 educationi,
470 1833 521 1883 qua
541 1833 603 1870 aum
621 1820 749 1870 formarat
767 1820 808 1868 vi·
844 1833 871 1884 p.
888 1821 958 1881 tid,
978 1821 1023 1882 qui
1040 1818 1074 1868 de
1092 1818 1175 1869 rebus
1185 1820 1284 1881 gestis,
1303 1832 1368 1882 quas

284 1895 365 1945 uicus
386 1896 532 1956 Augustus,
561 1895 692 1957 imprimis
714 1892 808 1942 deberi
845 1893 975 1956 significat
990 1895 1082 1956 poeta,
1102 1893 1210 1942 omnino
1228 1889 1371 1942 consulen-

284 1967 422 2031 signiflcot.
453 1966 577 2017 Claudius
600 1969 701 2016 Drusus
723 1969 806 2025 Nero,
846 1967 896 2016 dus
919 1970 974 2026 est,
1001 1979 1053 2016 nec
1078 1969 1167 2016 tamon
1191 1965 1235 2014 bic
1258 1965 1370 2016 exscribi

285 2041 371 2092 minor
389 2042 470 2091 irater
486 2041 595 2100 Tiberii,
615 2043 691 2090 natus
704 2053 727 2089 a.
743 2053 768 2089 u.
782 2054 806 2088 c.
845 2042 943 2104 potuim
965 2041 1089 2104 quocirca
1111 2041 1136 2090 in
1156 2041 1208 2089 bac
1228 2040 1278 2089 Ed.
1297 2041 1370 2090 tertia

284 2117 352 2176 ild„
378 2117 466 2166 xxm
494 2128 625 2166 annorum
651 2113 808 2164 adolescens
846 2127 899 2164 non
910 2113 1002 2164 sustuli
1015 2116 1069 2164 lani
1080 2113 1163 2164 verba
1176 2116 1330 2164 quxcursu
1341 2116 1369 2170 l..

284 2205 308 2240 a.
328 2205 354 2241 u.
374 2205 397 2241 c.
417 2191 474 2240 739.
493 2204 545 2240 una
568 2203 629 2239 cum
651 2189 694 2239 illo
712 2191 808 2240 Raetos
846 2201 929 2252 quem
950 2186 992 2238 ille
1014 2190 1162 2252 inspexisse
1184 2203 1240 2238 non
1257 2189 1370 2239 videtur.

284 2264 489 2329 Vindelicosqua
524 2263 678 2324 debellavit,
714 2267 808 2327 postea
880 2264 904 2313 l.
924 2263 1035 2324 Oudon]
1054 2264 1169 2313 Protasis
1186 2263 1311 2326 procedit
1328 2277 1371 2312 us·

284 2338 377 2388 consul
395 2353 419 2388 a.
438 2351 465 2388 u.
483 2353 507 2388 c.
520 2339 577 2389 itt.
597 2339 622 2388 in
641 2338 809 2403 expeditione
847 2351 900 2400 quo
918 2337 953 2386 ad
969 2351 994 2386 v.
1015 2339 1059 2387 lli:
1088 2337 1215 2396 «Qualem
1240 2336 1371 2388 novellam

285 2413 441 2463 Germanica
459 2415 573 2463 mortem
594 2412 667 2464 obiit.
698 2414 735 2462 Ex
754 2414 809 2462 An·
847 2410 999 2473 aquilam·-
1007 2409 1148 2474 qualemve
1159 2409 1277 2470 leonem,
1292 2409 1372 2461 talem

285 2487 367 2546 tonia,
396 2487 526 2536 triumviri
544 2485 609 2546 illia,
637 2488 726 2548 genuit
744 2489 809 2535 Ger·
846 2485 938 2534 videre
950 2483 1078 2535 Vindelici
1089 2487 1207 2535 Drusum
1218 2484 1374 2536 adolescen-

285 2561 591 2620 morinummontem,
611 2558 751 2610 Claudium
762 2561 812 2609 im·
849 2563 929 2609 tem.»
945 2588 972 2596 -
984 2560 1128 2609 ministrum
1142 2561 1264 2622 mininis]
1279 2559 1373 2624 Aquila

284 2637 449 2699 paratorem,
477 2633 603 2683 Liuillam.
632 2635 712 2683 Tacit.
742 2636 808 2683 tun.
848 2634 916 2684 lovis
933 2633 1043 2684 fulmina
1059 2633 1175 2684 custodit
1191 2637 1273 2698 atque
1292 2637 1320 2685 ei
1336 2637 1373 2684 ia-

287 2710 315 2768 i,
334 2708 380 2758 33:
398 2709 477 2757 Dnui
492 2721 589 2770 mopno
606 2709 675 2769 opud
688 2708 811 2769 poputum
848 2708 942 2758 cienda
962 2709 1080 2772 porrigit.
1117 2709 1184 2757 llinc
1203 2709 1330 2759 Ciceroni
1350 2711 1372 2758 in

284 2785 425 2833 umanum
440 2783 575 2842 monario„
599 2782 809 2844 credebaturque,
848 2783 922 2833 ilarii
939 2783 1041 2844 fragm.
1060 2795 1087 2845 p.
1105 2783 1166 2831 tar:
1192 2783 1259 2832 Iouis
1274 2784 1374 2832 wicum

285 2857 307 2906 si
332 2869 419 2906 rarum
441 2857 535 2916 potitos
564 2855 630 2917 forat
663 2856 810 2918 (angustus
847 2857 998 2918 --pinooto
1007 2856 1112 2906 mtottet.
1136 2856 1212 2906 idem
1222 2861 1297 2907 Arat.
1312 2856 1371 2907 eat:

287 2931 358 2980 anim
380 2943 431 2979 una
455 2941 518 2978 cum
534 2927 632 2994 populo
651 2942 713 2980 eum
730 2929 811 2979 Tibe·
847 2932 936 2982 sonunt
952 2930 1199 2980 looitolcsnunttm.
1218 2931 1292 2994 tirg.
1306 2935 1370 2981 Aen.

286 3004 325 3052 rio
354 3003 431 3065 longe
455 3003 642 3065 anteferebat),
673 3003 811 3053 libertatem
848 3007 877 3065 t,
895 3005 956 3054 255:
983 3004 1048 3053 Iouis
1063 3003 1185 3067 ormiqcr.
1212 3003 1280 3054 Pliu.
1299 3006 1371 3056 nu.

285 3077 436 3128 redditurus.
469 3077 602 3128 consolat.
616 3076 652 3126 ad
662 3079 764 3127 Liviam
776 3077 810 3127 de
849 3080 889 3138 ld,
902 3078 926 3139 3,
940 3077 968 3128 l:
986 3079 1085 3141 Nepant
1096 3091 1209 3139 uuquam
1219 3079 1304 3128 tolum
1313 3081 1374 3128 tono

286 3155 372 3201 morte
390 3153 467 3203 Drusi
486 3153 531 3202 ⁴3:
559 3153 653 3202 Occidit
669 3153 811 3214 aoanptrim
848 3154 1117 3202 monocentaurum
1131 3152 1251 3214 fotiniam·
1269 3154 1375 3203 idooan

285 3227 382 3275 iuuenis
395 3226 536 3276 aromatite
551 3240 663 3285 morum·
681 3229 812 3277 dlaconus
849 3229 977 3290 migeram
994 3227 1063 3276 lovis
1077 3227 1226 3276 conmotudo
1243 3227 1373 3277 iudicarit.

286 3301 326 3349 itta
343 3301 434 3363 omis,
451 3302 580 3350 mavimam
596 3301 636 3350 itte
653 3307 719 3364 toqo.
743 3303 811 3350 Sue·
848 3300 972 3365 Sioupud
984 3299 1048 3350 Plat.
1060 3300 1158 3350 Phaed.
1169 3301 1287 3363 p.85.d.
1300 3301 1374 3364 cycni

286 3374 374 3424 tonius
395 3375 421 3424 in
444 3376 541 3424 Horatii
562 3376 628 3424 vita:
661 3375 809 3437 (Augustus)
848 3377 911 3426 sunt
934 3373 1061 3437 Apollinis
1086 3369 1272 3444 θεράποντες.
1308 3374 1374 3425 Alibi

286 3448 381 3509 scripta
398 3449 497 3510 quidem
513 3451 565 3498 etos
581 3463 659 3511 usquo
675 3450 738 3499 odeo
750 3462 813 3510 pro·
848 3447 909 3498 talia
935 3447 1058 3498 animalia
1084 3447 1197 3498 deorum
1217 3449 1314 3511 famuli
1329 3462 1374 3498 vo-

286 3521 355 3570 booit
369 3535 541 3583 mansuroque
556 3528 677 3584 perpetuo
694 3523 812 3584 opinatus
849 3525 951 3572 cantur.
971 3522 1024 3571 Cir.
1038 3523 1139 3571 Grimm
1155 3522 1278 3572 norton
1299 3523 1375 3572 mats

286 3600 334 3654 ast,
363 3600 391 3644 ut
411 3611 461 3644 non
481 3598 554 3646 niodo
575 3595 687 3646 iaculoue
708 3609 812 3646 carmon
849 3609 876 3660 p.
889 3597 975 3646 XLIV.
994 3597 1092 3646 Contra
1109 3595 1197 3656 tobit,
1215 3597 1242 3646 7.
1264 3597 1375 3659 [abnuis

286 3671 646 3732 concatenationum,
665 3671 707 3720 sed
718 3675 742 3720 ot
756 3671 813 3720 Vio-
847 3671 915 3734 filios
930 3668 1044 3733 appellat
1062 3668 1172 3734 aquilas.

287 3743 392 3792 dotiom
415 3744 548 3793 victoriam
574 3745 662 3794 Tiberii
684 3746 812 3807 nmisque
881 3746 906 3794 2.
935 3745 1055 3808 rapaton]
1081 3744 1124 3794 Sic
1149 3744 1264 3794 Pindaro
1289 3743 1374 3809 aquila

283 3819 473 3881 prtotqomum,
497 3831 600 3880 armique
621 3821 729 3882 coeperit
749 3833 812 3881 pro-
850 3823 892 3871 ast
913 3812 1006 3888 ἀρχὸς
1028 3814 1140 3868 οἰωνῶν
1163 3819 1254 3881 (Pytb.
1275 3822 1307 3880 t,
1332 3820 1372 3880 ti.

284 3897 342 3954 plor
362 3891 407 3940 boc
427 3890 506 3940 moos
526 3893 668 3942 cuminian
688 3893 759 3943 libris
778 3901 812 3943 tto
850 3892 961 3943 οἰωνῶν
976 3888 1124 3955 βασιλεύς.
1149 3891 1194 3956 (01.
1215 3893 1257 3954 43,
1276 3895 1319 3944 at.
1338 3893 1372 3952 Bi

287 3965 360 4029 toupo
393 3965 525 4016 innovatio
557 3973 677 4029 quartum
709 3969 810 4017 Mdcra
852 3995 879 4002 -
898 3969 1056 4030 oomoopos]
1076 3961 1316 4036 ιὴεροφοὶτους.»
1335 3969 1373 4016 Sic

288 4039 376 4089 «llaec
398 4041 439 4089 est
460 4039 570 4103 Ecloga,
596 4043 706 4105 propter
728 4053 810 4104 quam
850 4041 898 4091 0d.
916 4042 946 4101 3,
963 4043 1008 4100 27,
1028 4041 1074 4090 ⁴6:
1100 4055 1169 4104 ooqc
1185 4043 1287 4092 comte.
1305 4043 1371 4102 Virp.

287 4115 358 4162 totus
381 4111 423 4162 bic
448 4111 516 4163 liber
538 4115 624 4164 aditus
648 4117 715 4164 est.»
745 4117 812 4164 Pon·
850 4117 903 4166 Cir.
923 4116 983 4165 ⁴97:
1002 4117 1240 4180 oenoe-oolam.

287 4197 402 4234 numios.
425 4187 540 4239 Carmen
556 4189 607 4238 hoc
623 4186 722 4251 aliquot
734 4199 812 4236 men·
882 4187 907 4239 l.
934 4190 962 4237 io
978 4189 1129 4250 Ganymede]
1152 4190 1189 4239 Ex
1210 4190 1313 4239 Horatii
1330 4189 1373 4251 igi-
