2934 4884
636 312 764 362 HOliA'l'll
783 313 952 363 cambitu

564 765 986 827 (imfim-

500 934 570 998 Non
592 933 673 1000 ebur
694 954 802 1020 neque
824 953 958 1000 aureum

543 1055 614 1120 llea
635 1053 761 1120 renidet
781 1055 814 1118 in
835 1053 932 1121 domo
955 1053 1102 1128 lacunar,

501 1177 570 1242 Non
593 1175 700 1241 trabes
722 1176 904 1264 Hymettiae

312 1347 399 1397 xv111.
418 1349 501 1396 Inscr.
519 1345 588 1408 volg.
609 1345 648 1396 ,tu
664 1359 774 1396 otram
791 1347 818 1394 et
834 1345 873 1395 sic
890 1345 936 1394 st.
958 1372 985 1381 -
1003 1345 1042 1396 Ad
1057 1359 1151 1396 ιιιιιιιιιι
1167 1347 1196 1396 Β.
1217 1373 1246 1383 -
1263 1348 1304 1397 Aa

278 1419 409 1470 aoromb.
430 1447 458 1457 -
476 1421 515 1470 De
531 1421 682 1470 continentia
699 1433 751 1482 queo
763 1425 940 1482 poaapertotem
955 1433 1029 1470 aooto
1044 1421 1137 1470 outae
1151 1421 1264 1483 proesm
1275 1435 1301 1472 c.

279 1494 510 1630 Eughgpmettim
522 1522 537 1533 -
549 1523 563 1532 -
578 1496 673 1545 recisae
693 1495 741 1545 I’h.
760 1492 836 1555 Gale,
859 1507 914 1544 nou
935 1493 1148 1558 improbantibus
1170 1493 1255 1545 Bentl.
1274 1499 1303 1545 et

280 1705 367 1756 xvnl.
392 1707 462 1770 «Ego
480 1708 609 1758 mediocri
625 1721 685 1758 nica
700 1709 772 1757 sorte
809 1721 859 1759 seu
875 1705 976 1768 Libyco
990 1706 1064 1770 (Epp.
1080 1709 1105 1766 4,
1121 1708 1161 1768 to,
1181 1707 1242 1769 ⁴9l»
1260 1707 1337 1770 quod

251 1780 390 1832 contentus
416 1781 535 1844 despicio
561 1794 673 1840 avaros,
703 1795 772 1844 quos
809 1780 886 1844 volgo
895 1779 1061 1844 appellamus
1071 1782 1150 1844 piatio
1161 1781 1253 1830 muco.
1271 1782 1335 1832 Fu.

249 1865 334 1914 aeque
357 1867 389 1903 ao
409 1865 543 1917 pauperes
564 1867 638 1904 mors
654 1857 772 1905 manet.»
810 1854 904 1907 Strabo
930 1855 954 1904 9.
981 1868 1008 1920 p.
1035 1855 1100 1905 6⁴3:
1126 1851 1286 1925 μαρμάρου
1308 1854 1335 1904 δ’

249 1927 383 1990 Scriptum
407 1928 514 1978 videtur
535 1941 644 1980 carmen
668 1931 775 1980 circIter
809 1921 1337 1994 ἐστὶτῆςτιὙμηττίαςκαὶτῆςΠεν-

249 2013 272 2050 a.
292 2013 318 2049 ιι.
338 2014 362 2050 o.
382 2000 439 2050 tac.
460 2001 512 2052 Cir.
531 2001 579 2052 0d,
598 2003 682 2064 Ml.
702 2005 775 2054 simi-
809 2004 922 2070 τελικῆς
946 2000 1086 2054 κάλλιστα
1110 2003 1239 2070 μέταλλα
1260 2004 1338 2072 κλη-

248 2071 279 2124 lis
296 2073 374 2138 plana
392 2077 593 2138 argumenti·
611 2079 774 2141 lpsaautem
810 2081 876 2130 otor
899 2075 954 2143 τῆς
975 2074 1093 2140 πόλεως.
1128 2078 1261 2130 Amabant
1284 2094 1337 2130 au-

249 2147 342 2208 metri‚
361 2150 391 2198 ut
407 2149 442 2198 lta
460 2148 560 2211 dicam,
579 2147 729 2204 volubilitas
748 2153 776 2202 et
810 2156 867 2204 tem
888 2153 989 2216 antiqui
1009 2153 1079 2203 banc
1101 2165 1268 2204 marmorum
1284 2167 1338 2205 va-

250 2220 373 2273 celeritus
398 2223 509 2275 mirifica
534 2224 638 2276 coalart
660 2227 695 2277 ad
712 2227 776 2278 atie-
810 2228 947 2287 rietatem,
966 2227 996 2276 ut
1010 2229 1037 2277 in
1049 2226 1266 2292 IIippiaebalneo
1278 2229 1339 2292 pn·-

250 2298 323 2346 otum
340 2298 420 2348 animi
438 2311 485 2348 sua
498 2301 570 2350 sorta
582 2313 693 2364 prorsus
707 2314 775 2351 con·
811 2313 886 2352 mum
903 2303 962 2351 erat
977 2302 1153 2362 Laconicum,
1172 2305 1230 2352 tum
1247 2303 1338 2365 Pbry-

249 2371 314 2420 tenti
331 2373 411 2434 atque
429 2373 532 2434 omnia,
557 2385 626 2436 quae
644 2388 775 2439 super-va·
810 2377 895 2439 glum,
922 2375 1038 2438 denique
1055 2371 1158 2439 Νομᾶς
1174 2374 1275 2439 λίθος,
1305 2381 1339 2426 ut

249 2456 332 2494 cauea
349 2447 422 2506 aunt,
447 2459 510 2496 cum
526 2447 638 2499 honesta
656 2449 774 2512 quadm
810 2450 862 2500 hic.
880 2449 1063 2500 VidaLucian.
1074 2449 1259 2513 utppaatat.
1270 2449 1335 2500 Stlv.

248 2515 346 2569 laetitia
378 2521 530 2583 spernentis
558 2523 771 2586 exprimendum.
812 2525 840 2585 4,
866 2523 897 2584 3,
924 2523 972 2573 35:
1006 2523 1147 2574 Iouem
1171 2525 1269 2586 boba,
1299 2539 1339 2575 on

250 2593 384 2654 (Ceterum
408 2594 531 2649 Horatius
554 2597 598 2647 hic
621 2600 722 2649 tantum
741 2611 774 2648 eo
809 2599 915 2650 Mowos
938 2597 1048 2659 undique
1068 2602 1163 2660 possa,
1188 2599 1227 2648 Aa
1247 2600 1339 2661 pietu-

249 2679 313 2718 usus
329 2667 389 2732 est.)
808 2677 870 2722 roto
885 2672 993 2721 luceam
1007 2684 1141 2721 motatore
1154 2685 1221 2722 oeno
1235 2672 1340 2723 Ita'rer?

282 2741 305 2790 4.
324 2742 348 2791 2.
367 2741 436 2807 abae]
455 2758 516 2806 «pro
532 2746 670 2796 maleo
686 2746 774 2796 altur-
809 2749 838 2798 In
863 2745 960 2796 balneo
993 2743 1095 2796 Claudii
1126 2746 1229 2797 Etrusci
1262 2747 1338 2811 apud

249 2828 359 2866 neum.»
369 2816 773 2884 Gloss.CodicisT.Bacchylidis
810 2824 874 2872 Stat.
888 2820 950 2871 sttv.
963 2821 992 2880 4,
1005 2822 1036 2881 b,
1054 2819 1100 2870 36:
1118 2821 1181 2870 Solo
1190 2822 1252 2871 uitat
1259 2824 1339 2886 poris

250 2891 290 2940 Fr.
301 2891 448 2956 tteergm
461 2890 560 2963 χρυσῷ
568 2891 592 2943 δ’
602 2893 774 2957 impanare
809 2897 953 2947 Nomadum
973 2895 1056 2944 wito
1075 2895 1183 2945 mdollb
1205 2897 1335 2958 mmm.

248 2967 457 3036 pappotpoww
477 2962 562 3018 οἶκοι.
586 2997 614 3007 -
635 2984 743 3021 aureum
759 2998 774 3009 -
810 2972 930 3036 propert,
948 2969 980 3030 3,
997 2971 1029 3030 2,
1048 2969 1078 3018 9:
1110 2972 1182 3032 Quod
1202 2984 1254 3020 noe
1271 2971 1339 3021 Toa-

249 3039 368 3104 marne]
389 3041 530 3094 eebumeis
548 3047 575 3095 et
591 3046 679 3097 aureis
696 3044 775 3096 lami-
809 3047 891 3097 nortis
907 3047 994 3096 αοηιιιι
1009 3049 1045 3094 est
1060 3046 1122 3095 miti
1137 3045 1340 3108 panacem&

251 3113 292 3163 nis
309 3118 432 3166 ornatum
448 3116 558 3168 lacunar
572 3133 594 3170 s.
607 3118 717 3184 laquear
731 3121 775 3172 vel
809 3123 862 3172 Nec
884 3133 988 3170 comm
1013 3125 1121 3170 aoratos
1146 3121 1213 3170 buter
1239 3121 1340 3172 elveno

250 3187 390 3252 laqueare,
409 3188 600 3254 laquearium.»
629 3194 774 3246 Deformis
809 3195 941 3247 trutm—
955 3195 987 3244 At
1001 3196 1090 3245 Meroe
1105 3196 1213 3245 comites.
1231 3195 1338 3246 Seneca

168 3325 176 3336 .
250 3261 329 3314 huius
345 3275 406 3314 voc.
425 3265 472 3314 cir.
491 3265 627 3318 Markland
646 3268 680 3319 ad
700 3269 775 3319 Statii
810 3270 918 3332 Thyest.
931 3267 997 3319 646:
1015 3269 1127 3319 lutam
1142 3273 1246 3330 botran,
1264 3270 1340 3320 οιιόιισ

251 3335 312 3387 sllv.
325 3335 354 3398 t,
368 3338 397 3399 2,
410 3337 451 3389 34.
471 3339 557 3391 Itaail.
570 3343 594 3403 t,
608 3343 670 3393 292:
693 3343 776 3393 tricli-
810 3348 918 3394 emutat
941 3341 1025 3392 uota
1042 3343 1125 3392 Vertis
1140 3343 1272 3392 columae
1287 3358 1338 3394 no-

252 3411 404 3474 niotomplis
415 3413 575 3477 conectam,
594 3417 774 3478 actiqueoaro
810 3419 869 3468 biles
891 3416 998 3467 maculis
1021 3416 1113 3478 soant.
1159 3416 1213 3466 Cir.
1231 3417 1338 3469 Becker

254 3485 436 3538 tomoescimor
445 3501 518 3538 maro.
537 3491 648 3540 Paueau.
660 3492 684 3552 4,
698 3490 772 3551 48,9;
810 3493 933 3543 Gattaei.
952 3489 996 3540 ed.
1015 3487 1060 3540 alt.
1078 3504 1104 3555 p.
1123 3489 1155 3540 33
1172 3503 1214 3554 sq.

252 3555 399 3624 οἰκήματα
411 3590 426 3601 -
438 3555 566 3632 -ὀρόφῳ
583 3577 613 3613 τε
627 3563 773 3636 ἐπιχρύσῳ
843 3568 868 3617 o.
886 3578 965 3627 naqaoe
980 3563 1072 3628 Attuli]
1092 3565 1199 3627 «Neque
1211 3577 1290 3625 voro,
1307 3567 1339 3615 ut

177 3667 179 3670 -
251 3633 301 3683 καὶ
317 3627 492 3705 ἀλαβάστρῳ
509 3633 589 3703 λίθῳ.
616 3664 643 3674 -
669 3640 773 3704 renidet]
810 3638 952 3703 aliquando
983 3638 1015 3700 (a.
1036 3652 1063 3688 u.
1084 3651 1109 3688 o.
1131 3638 1198 3700 624.)
1224 3641 1339 3690 Itomaui

252 3707 304 3758 Clr.
315 3707 363 3757 0d.
376 3708 402 3768 2,
414 3710 439 3770 a,
454 3710 493 3759 49.
511 3711 615 3761 Lucret.
628 3713 653 3774 2,
666 3714 710 3763 tt:
723 3715 775 3764 Nec
809 3712 891 3764 veluti
914 3727 947 3763 ex
971 3713 1107 3776 Insperato
1131 3712 1248 3763 heredes
1273 3712 1337 3764 tacti

251 3783 450 3846 donnuorpoute
460 3783 538 3848 palpet
549 3789 773 3847 aereqaereateat.
810 3789 873 3839 sunt
887 3785 965 3838 Attali
981 3787 1023 3837 III.
1045 3785 1241 3847 Philometoris,
1264 3790 1338 3851 rogis

284 3857 308 3908 3.
332 3856 422 3907 traua
437 3858 577 3919 Hpmeatae
592 3860 655 3910 sunt
672 3862 775 3925 episty-
810 3861 976 3925 Pergameni,
992 3862 1104 3925 eiusque
1115 3861 1217 3924 regiam
1228 3859 1339 3911 thesau-

250 3931 632 3997 lia(orcbttrooi)axmarmore
641 3932 772 3987 albicante
810 3949 909 4000 rosque
926 3939 1103 4001 occuparunt,
1122 3949 1175 3999 qua
1192 3936 1337 3986 occasione

251 4007 348 4057 montis
366 4007 482 4070 Hymetti
497 4019 581 4072 prope
598 4007 727 4068 athenam
747 4011 774 4059 et
811 4009 893 4061 multa
921 4011 1031 4076 impune
1062 4013 1185 4060 avertere
1212 4011 1338 4074 poterant

249 4078 379 4131 celeninae
402 4084 496 4134 reoiaoa
520 4095 554 4134 ec
575 4083 666 4134 titinio
685 4082 774 4147 Africo
810 4083 888 4148 legati
905 4085 940 4135 ad
954 4098 1015 4136 eam
1025 4097 1085 4136 rem
1096 4083 1337 4135 administrandam

249 4153 313 4202 sunt
321 4153 623 4210 columnaeemarmore
632 4157 773 4210 Numidico
810 4160 899 4222 missi,
926 4161 961 4212 ita
987 4173 1036 4224 ego
1063 4159 1221 4223 necopinato
1246 4156 1337 4222 aliquo
