2934 4884
683 355 811 406 tionum
829 354 998 406 curtismunt

548 514 632 581 Clari
655 513 810 599 Giganteo
832 508 1014 595 triumpho,

595 635 715 702 Cuncta
738 630 912 718 supercilio
935 630 1104 695 moventis.

509 795 579 867 Est,
602 803 638 857 ut
659 791 728 856 viro
751 789 800 854 vir
822 789 916 854 latius
938 787 1067 854 ordinet

508 913 645 978 Arbusta
670 910 785 986 sulcis,
809 909 862 976 hic
884 910 1075 997 generosior

551 1032 737 1100 Descendnt
759 1032 790 1096 in
813 1033 971 1119 Campum
992 1033 1123 1119 petitor,

594 1153 737 1221 Moribus
760 1153 813 1220 hic
834 1152 1016 1240 meliorque
1038 1153 1122 1219 fama

510 1312 701 1388 Contendat,
726 1311 769 1376 illi
792 1311 887 1377 turba
911 1310 1074 1378 clientium

363 1517 387 1566 9.
405 1510 600 1563 usasmaiebat
618 1508 759 1560 Bentleius.

297 1685 327 1741 n,
346 1683 375 1742 7,
394 1679 440 1730 tt:
471 1677 499 1727 St
516 1677 583 1739 quart
599 1677 688 1738 imperi
705 1681 741 1726 est
756 1677 784 1724 in
801 1681 824 1726 to
860 1675 960 1725 Verum
983 1689 1048 1726 sene
1082 1677 1121 1726 sic
1151 1676 1304 1740 procedunt
1329 1678 1389 1726 iun·

297 1756 365 1805 mitri.
402 1755 474 1803 Pers.
494 1751 524 1812 3,
543 1753 571 1812 i,
591 1752 636 1800 itt:
654 1753 747 1810 Meum,
766 1750 824 1812 opi·
861 1752 1011 1813 gunturqne
1040 1751 1207 1800 sententies:
1245 1750 1311 1800 «Vei
1339 1753 1388 1815 ipsi

297 1843 355 1890 nor,
371 1829 505 1890 imperium
521 1828 548 1875 in
565 1831 596 1886 te,
614 1839 665 1874 non
680 1825 707 1874 in
723 1838 764 1874 me
780 1823 824 1873 titi
861 1835 952 1887 reges,
991 1824 1036 1886 qui
1060 1824 1139 1887 primi
1164 1824 1389 1875 intermorientes

297 1909 340 1954 est.
360 1902 412 1952 Cir.
426 1901 539 1952 Liibker.
555 1925 583 1935 -·
603 1899 724 1962 thanteo
735 1899 825 1948 trtrun-
861 1899 995 1949 ducuntur
1012 1901 1040 1948 et
1055 1898 1228 1962 popularibus
1238 1900 1297 1949 suis
1310 1901 1389 1949 timo-

294 1977 357 2041 pto]
375 1989 428 2040 quo
443 1976 501 2039 ipse
518 1973 664 2036 legitimum
682 1971 756 2022 orbis
768 1974 824 2022 ter-
861 1987 921 2024 rem
944 1974 1087 2034 incutiunt,
1116 1986 1223 2024 summo
1248 1975 1321 2025 ioris
1338 1976 1390 2024 im-

297 2065 388 2102 rarum
412 2051 545 2113 totiusque
563 2047 655 2098 mundi
680 2047 823 2110 imperium
861 2049 937 2112 perio
954 2048 1066 2099 subiecti
1092 2050 1168 2100 sunt:
1197 2049 1302 2111 pariter
1322 2061 1389 2113 quo-

297 2127 410 2190 edeptus
423 2127 488 2175 eret.
504 2151 531 2160 -
547 2123 633 2173 Curru
645 2121 672 2171 in
684 2121 823 2183 Gigantum
861 2136 914 2187 que
931 2121 1095 2186 locupletes,
1126 2124 1261 2185 generosi,
1293 2127 1390 2188 poten-

298 2205 386 2263 stregc
420 2201 555 2249 invectum
589 2199 681 2246 iovem
714 2193 824 2244 exhibet
861 2197 955 2248 tissimi
972 2197 1072 2260 quique
1089 2198 1159 2246 inter
1175 2200 1285 2247 ceteros
1302 2199 1390 2248 homi-

298 2272 500 2326 Wiuckelmann
519 2275 587 2323 Mon.
608 2272 672 2320 inea.
691 2283 718 2332 p.
740 2269 764 2317 9.
791 2268 821 2316 N.
862 2285 910 2321 nes
927 2272 1084 2321 Necessitati
1095 2272 1204 2334 parent,
1223 2271 1302 2322 cuius
1318 2273 1389 2321 iussa

255 2395 256 2398 ,
298 2349 329 2398 X.
347 2351 433 2399 Musca
450 2347 557 2397 Borbon.
578 2348 597 2395 1.
616 2347 644 2395 T.
664 2344 703 2392 53.
728 2343 824 2404 Gigen-
861 2359 956 2396 severa
989 2346 1086 2395 eadem
1110 2359 1176 2396 sene
1212 2348 1276 2395 sunt
1309 2350 1390 2408 etque

298 2424 446 2482 tomechin‚
473 2422 499 2470 in
524 2435 576 2484 que
602 2417 729 2470 Hercules
755 2416 823 2466 iovis
861 2421 930 2473 iovis
946 2422 1066 2484 supremi
1087 2421 1256 2484 imperium.»

298 2501 340 2548 est
364 2497 463 2558 auriga.
490 2497 556 2545 Mus.
578 2495 683 2557 Grapor.
710 2491 752 2541 T(
768 2443 845 2539 Vll.h
894 2496 918 2544 9.
944 2495 1002 2556 Est,
1028 2494 1067 2559 ut]
1087 2489 1200 2554 «ἔστιν,
1219 2488 1301 2556 ὅπως
1317 2493 1388 2548 κτλ..

299 2571 429 2634 imprimis
458 2567 577 2618 Gerherd
606 2569 708 2629 i'asenp.
735 2567 767 2614 11.
794 2565 822 2613 T.
862 2583 912 2619 usu
929 2569 1013 2630 venit,
1031 2571 1062 2618 ut
1077 2567 1145 2619 atius
1163 2568 1232 2618 etio»
1250 2573 1305 2619 cet.
1336 2569 1388 2619 Cir.

298 2643 429 2694 LXXXIV.
446 2642 574 2692 Arctacot.
593 2643 646 2704 th.
669 2642 700 2689 ii.
720 2653 746 2702 p.
765 2635 822 2686 eci.
862 2645 927 2707 Epp.
947 2645 975 2703 t,
996 2644 1041 2703 ts,
1060 2645 1084 2692 2.
1123 2641 1331 2706 «Quatecunquc
1350 2646 1391 2692 est

299 2719 326 2768 et
344 2716 401 2767 380.
436 2717 554 2780 Iuppiter
571 2714 700 2764 imberbis
718 2713 824 2762 Titanus
862 2719 931 2767 inter
948 2717 1074 2768 mortales
1091 2717 1251 2778 discrimen,
1275 2722 1308 2767 ut
1324 2717 1390 2768 eiius

299 2789 421 2842 fulminat
442 2792 468 2840 in
491 2803 598 2853 gemma
615 2788 686 2852 apud
704 2784 825 2835 schlich-
863 2790 975 2843 exceliat
990 2791 1189 2842 tctitundiorum
1205 2793 1388 2855 possessione,

299 2864 391 2928 tegroll
419 2866 517 2915 Pinnas
540 2878 580 2927 pr.
616 2865 644 2911 T.
671 2861 711 2911 30.
759 2861 825 2910 Hinc
842 2857 845 2877 '
862 2867 967 2930 generis
985 2864 1120 2916 nobilitate
1137 2865 1218 2926 eiius,
1237 2865 1307 2917 etius
1328 2879 1391 2929 pro-

298 2939 430 2989 Lucienus
448 2939 512 2988 Tim.
527 2938 551 2988 4.
571 2936 675 2988 deridet
691 2935 750 2985 eius
767 2935 826 2998 epi·
862 2941 944 2990 bitate
962 2953 1082 2999 morum
1109 2938 1177 2990 nlius
1193 2953 1289 2991 rursus
1308 2939 1391 2990 clien-

299 3014 372 3062 thete
398 3027 413 3062 a
439 3013 525 3076 poetis
544 3013 670 3074 usurpate
687 3010 825 3076 Γιγαντο-
863 3017 919 3064 tum
947 3013 1131 3074 multitudine,
1170 3026 1266 3064 omncs
1299 3019 1389 3064 tumen

299 3085 387 3157 iarwp
404 3089 453 3136 καὶ
471 3081 699 3156 Τιτανοκράτωρ
863 3103 949 3153 oeque
974 3091 1070 3153 parent
1094 3101 1239 3152 supremae
1265 3090 1390 3139 Necessi-

331 3161 355 3211 8.
383 3161 528 3226 suparcttio]
555 3159 627 3210 itinn.
647 3174 681 3220 α,
700 3160 765 3210 538ς
789 3152 828 3206 Ἤ
863 3167 935 3214 tati,
963 3189 990 3199 -
1020 3163 1150 3226 latim«
1138 3164 1220 3212 «Fieri
1237 3167 1344 3226 potest,
1363 3168 1391 3212 ut

299 3237 348 3286 καὶ
367 3239 571 3324 κνανὲησιν
548 3235 590 3285 ἐπ’
612 3229 724 3322 ὀφρύσι
741 3229 825 3284 νεῦσε
863 3237 957 3301 aliquis
974 3251 1024 3300 per
1040 3235 1212 3299 ampliorem.
1241 3249 1326 3299 quem
1348 3237 1389 3286 elii

298 3312 437 3398 Κρονίων·
444 3289 702 3397 'Apsspoomo''
682 3325 742 3379 upa
758 3313 825 3368 χαῑ-
863 3313 972 3373 hebent,
982 3309 1389 3361 tundumscratvitesetotees.

299 3401 346 3437 rua
370 3379 569 3472 ἑπεόρώσαντο
595 3378 722 3446 ἄνακτος
747 3383 825 3454 Kpu-
864 3385 1008 3445 Cotum3,
1023 3385 1071 3434 t3:
1091 3391 1137 3434 aut
1147 3384 1274 3433 scrobibus
1284 3386 1391 3434 autaut·

298 3457 348 3524 τύς
367 3455 407 3510 ἀνι
409 3458 597 3511 ’ἀθανάτων
615 3461 708 3526 μέγαν
727 3456 752 3507 δ’
763 3457 825 3508 ε’λέ-
862 3460 898 3508 ais
912 3460 1000 3509 mneos
1014 3459 1161 3520 paruosque
1172 3465 1388 3509 oomnmtur-

299 3533 374 3600 λιξεν
384 3527 539 3600 Ὄλυμπον.
576 3533 669 3584 Catuli
689 3533 738 3594 ti,
757 3532 822 3583 eoi:
862 3534 973 3597 ordinat]
1011 3535 1059 3582 «in
1082 3535 1263 3596 quincuncem
1292 3535 1389 3583 seret.

297 3612 392 3661 Annuit
427 3611 518 3659 invicto
552 3610 683 3658 acaunum
724 3609 826 3657 numine
862 3609 947 3658 Verre
964 3609 993 3657 ii.
1012 3609 1041 3656 ii.
1061 3609 1089 3668 t,
1109 3608 1138 3665 7,
1157 3609 1182 3656 2.

298 3689 393 3744 rector,
432 3685 485 3744 Ouo
519 3687 576 3731 tunc
602 3687 626 3732 ct
651 3683 722 3732 tellus
750 3687 826 3743 atque
897 3684 937 3732 to.
957 3683 996 3732 tt.
1019 3682 1135 3745 motum]
1154 3683 1270 3732 maxime
1286 3682 1388 3731 vinens.

298 3757 404 3810 tornac
415 3761 615 3806 contremuerunt
632 3756 749 3819 Aequora
764 3770 825 3805 con-
863 3759 933 3821 virg.
947 3757 1001 3807 Eci.
1015 3757 1045 3818 3,
1060 3758 1105 3807 ro:
1130 3771 1188 3806 cren
1204 3769 1245 3805 me
1260 3755 1391 3805 ammaon

298 3833 420 3894 munique
452 3831 574 3880 micantia
598 3831 682 3880 saera
706 3831 822 3880 mundus.
861 3833 947 3881 uiuere
961 3832 1067 3882 Miconis
1082 3831 1162 3892 Atque
1177 3831 1249 3880 nuato
1270 3831 1334 3880 nites
1350 3831 1390 3878 tn-

298 3909 368 3970 Virg.
402 3907 466 3954 Aen.
495 3904 525 3964 9,
554 3905 617 3954 ⁴06:
656 3909 735 3954 totum
762 3912 826 3956 nutu
862 3905 1153 3968 naussuteenooettas.
1178 3903 1387 3966 Georg.2‚tt6:

298 3981 432 4044 tremefecit
448 3979 587 4042 otpmpnn.
604 4005 631 4015 -
656 3980 773 4029 Fuerunt
790 3981 825 4043 (in
861 3981 917 4030 Iam
939 3981 1039 4029 cinctae
1061 3981 1137 4040 vites,
1165 3981 1219 4028 iarn
1233 3979 1327 4041 [dmm
1343 3991 1389 4026 ar-

299 4055 396 4118 quibus
421 4055 577 4118 Boettiger),
605 4053 650 4116 qui
676 4056 826 4104 statuerent
862 4055 934 4105 tenta
949 4061 1081 4117 reponunt.
1106 4080 1133 4090 -
1154 4055 1291 4118 Campum]
1309 4054 1388 4102 estem

300 4127 399 4177 notium
423 4141 532 4192 prorsus
556 4141 615 4179 esse
639 4139 738 4178 nexum
756 4129 826 4178 iuter
862 4131 889 4181 iu
906 4130 1023 4193 pedestri
1050 4131 1169 4180 cretione
1186 4141 1321 4192 persaepe
1341 4139 1389 4190 pro

298 4215 341 4249 vv.
360 4203 441 4252 5-8.
462 4207 488 4252 et
505 4217 549 4262 eu,
577 4215 646 4264 quoe
665 4205 823 4264 sequuntur.
863 4205 964 4267 Cempo
981 4205 1083 4254 Martio.
1129 4205 1255 4252 Ceterum
1273 4201 1390 4264 loquitur
