2934 4884
667 353 796 403 HORATll
814 351 983 402 crithinum

407 512 472 575 Nec
494 521 558 574 tam
580 509 728 574 Larissae
751 507 913 594 percussit
933 525 1068 592 campus
1091 504 1237 591 opimae,

495 631 599 708 Quam
621 629 738 694 domus
761 627 925 693 Albuneae
948 627 1130 692 resonantis

406 791 444 855 Et
466 807 624 875 praeceps
645 787 726 852 Anio
749 805 788 851 ac
810 784 939 850 Tiburni
962 782 1056 850 lucus
1078 794 1111 848 et
1131 783 1197 848 uda

489 907 661 975 Mobilibus
682 906 829 993 pomaria
850 904 937 970 rivis.

343 1128 381 1177 ta.
401 1128 439 1191 συ]
458 1133 481 1176 et
503 1127 532 1186 S,
552 1125 631 1174 LCtT.
651 1137 697 1172 nac
718 1135 812 1172 omues
829 1121 886 1171 iere
904 1119 1006 1170 Codd.»
1023 1121 1116 1169 Burri.
1152 1120 1198 1182 (Ac
1214 1119 1332 1169 tiburtini

309 1203 380 1252 locres
391 1207 414 1250 et
420 1213 525 1263 preceps
536 1200 595 1248 onio
607 1203 631 1248 et
641 1199 693 1246 uda
704 1197 745 1259 T.)
760 1224 787 1232 -
802 1196 841 1246 ll.
851 1196 967 1257 panetio
978 1196 1007 1256 T,
1020 1191 1093 1254 βκω,
1107 1207 1175 1243 corr.
1189 1210 1215 1254 ν,
1227 1208 1268 1259 pr.
1282 1195 1330 1255 χΙ).

276 1383 465 1458 κσρτερσῦσα.
509 1385 635 1449 Aspasius
661 1384 695 1433 ad
723 1384 799 1433 Arist.
839 1385 863 1441 o,
882 1383 924 1442 27,
942 1383 983 1432 77.
1003 1380 1069 1431 Plut.
1087 1383 1151 1444 hyc.
1172 1382 1226 1431 ta:
1245 1376 1368 1431 καινῶν

276 1464 335 1513 Eth.
363 1460 387 1522 l,
415 1463 443 1509 7:
472 1456 606 1520 Λάκωνες
636 1453 802 1528 ἕγκράτειάν
839 1451 891 1506 νῦν
908 1452 1028 1520 ἐφήβων
1047 1451 1171 1517 πολλοὺς
1183 1455 1230 1505 ἐπὶ
1240 1453 1292 1505 τοῦ
1308 1454 1369 1515 βω-

275 1551 340 1586 τινα
357 1535 407 1585 καὶ
423 1535 575 1604 καρτερίαν
593 1527 803 1596 ἐπαγγελλόμε-
838 1526 897 1595 pori
915 1527 967 1595 τῆς
982 1525 1100 1600 Ὀρθίας
1111 1526 1279 1597 ἑωράκαμεν
1289 1525 1369 1578 ὠνο-

276 1624 331 1660 νοι.
372 1609 515 1659 armentia
541 1610 582 1657 est
608 1619 698 1655 rerum
720 1605 803 1654 dura·
839 1602 1021 1669 θνήσκοντας
1043 1609 1107 1665 ταῖς
1129 1603 1260 1670 πληγαῖς.
1295 1605 1366 1654 liar.

277 1697 338 1734 rum
364 1697 395 1732 ac
422 1680 565 1732 dilllcllium
588 1684 668 1743 atque
693 1694 804 1744 aspera·
839 1683 900 1741 Tyr.
921 1680 962 1739 29,
980 1680 1015 1727 2:
1041 1679 1089 1728 Dio
1108 1678 1245 1740 chrysost.
1265 1679 1367 1727 orzi.

277 1756 670 1819 rumvoluntariaperpessr'o.»
687 1757 801 1804 Bnouuu.
839 1765 866 1817 p.
885 1754 942 1802 250.
961 1754 1007 1802 lt:
1028 1749 1198 1820 Λυκούργου
1210 1748 1369 1801 κελεύσαν-

277 1832 313 1882 ad
330 1831 386 1880 Tib.
407 1831 430 1890 3,
444 1832 469 1890 T,
482 1832 507 1879 5.
530 1829 582 1880 Clr.
598 1832 683 1890 Unger
693 1842 719 1892 p.
733 1829 802 1888 383.,
839 1841 890 1889 τος
910 1821 952 1876 ἔτι
973 1823 1025 1877 νῦν
1045 1824 1254 1891 μαστιγοῦνται
1270 1824 1368 1875 Λακε-

276 1906 322 1970 qui
340 1904 414 1954 addit
431 1906 509 1955 Corn.
528 1904 594 1966 Nep.
608 1902 663 1952 hle.
678 1903 721 1950 ll:
741 1916 804 1950 eun-
839 1897 985 1966 δαιμόνιοι
1019 1902 1069 1950 καὶ
1102 1898 1281 1971 θυραυλοῦσι
1314 1901 1370 1950 καὶ

277 1981 332 2029 dem
357 1980 426 2040 apud
450 1978 669 2036 Lacedaemonios,
696 1990 804 2037 quorum
839 1973 1055 2044 γυμνητεύουσι
1082 1977 1133 2024 καὶ
1165 1969 1238 2025 ἄλλα
1271 1971 1369 2024 πολλὰ

276 2052 588 2102 moribussummooirtroe
604 2051 803 2111 inpatientia
839 2053 890 2101 uel
910 2047 1022 2111 χαλεπὰ
1048 2047 1172 2114 δόξαντα
1197 2045 1236 2099 ἄν
1257 2048 1370 2120 ἑτέροις

272 2126 427 2189 ponebatur,
454 2127 489 2174 sic
514 2126 623 2174 duritiae
648 2139 673 2174 se
700 2125 802 2185 dedisse,
839 2119 1004 2186 ἀνέχουσιν.
1027 2153 1054 2160 -
1076 2125 1208 2188 pactast]
1227 2125 1363 2184 «Larissa,

275 2207 304 2250 ut
326 2202 488 2263 parsimonia
514 2202 594 2250 victus
621 2206 696 2262 atque
723 2201 804 2248 mittas
840 2199 990 2253 Thessaliae
1003 2198 1077 2260 urbs,
1096 2199 1269 2248 admirabere
1282 2201 1368 2261 atque

276 2276 705 2326 unneaiacedoemontosoincerot.
719 2275 803 2333 Quin·
840 2288 931 2323 amore
949 2287 994 2324 me
1012 2275 1170 2337 permovit.»
1200 2299 1228 2308 —
1257 2273 1369 2336 menae]

276 2349 312 2399 til.
337 2350 360 2410 3,
384 2350 408 2410 7,
430 2349 476 2401 Ti:
511 2351 596 2400 Minus
620 2351 804 2398 Lacedaemone
839 2349 948 2397 Homeri
982 2351 1023 2396 est
1049 2343 1184 2417 Λάρισσα
1212 2343 1369 2415 ἐριβώλαξ.

275 2425 359 2472 studio
380 2437 457 2484 ρυσυι
477 2423 577 2472 Athenis
595 2423 697 2471 boneia
721 2435 804 2470 mere-
839 2421 912 2471 iliad.
931 2418 960 2482 β,
979 2420 1036 2471 stt.

276 2497 383 2554 tamtum
405 2497 465 2557 pies
482 2497 651 2557 patientia,
672 2496 800 2559 fortitudo.
873 2497 913 2545 li.
932 2497 1019 2544 ἀουιιιι
1036 2495 1070 2544 de
1088 2497 1163 2544 antro
1180 2495 1371 2558 Nympharum

276 2571 378 2620 Eodem
407 2583 488 2620 sensu
520 2571 628 2632 Diogeni
655 2572 803 2632 potientium
840 2571 920 2619 etiarn
946 2572 1065 2634 Propert.
1094 2571 1117 2630 t,
1144 2571 1186 2629 tc,
1210 2569 1253 2619 34:
1282 2570 1371 2619 saeta

180 2663 185 2669 ·
276 2643 368 2693 tribuit
389 2644 454 2706 Epp.
479 2645 502 2702 t,
527 2645 567 2703 ⁴7,
585 2645 624 2694 νδ.
660 2643 715 2693 Noli
738 2659 802 2693 vero
839 2646 926 2693 domm
950 2645 1071 2706 anptis
1095 2645 1199 2693 nemea
1221 2645 1367 2704 Thasiosin.

277 2730 339 2768 cum
368 2719 471 2780 Ungero
501 2718 669 2780 interpretari
698 2719 803 2767 nimium
842 2745 869 2752 -
887 2717 1006 2778 Atheneo,
1025 2717 1163 2779 sibyllas.
1182 2718 1372 2781 Nymphava·

275 2790 462 2856 perpolitaterm
480 2789 538 2840 laus
555 2795 608 2851 est,
629 2805 681 2841 non
698 2794 803 2857 vitupe-
839 2793 964 2849 firmans,
984 2806 1053 2855 quae
1070 2792 1159 2841 Tiburi
1177 2795 1207 2841 ut
1222 2793 1273 2842 dea
1291 2791 1371 2842 eole-

277 2866 353 2915 ratio.
387 2891 413 2900 —
445 2864 649 2914 «Lacedaemon
681 2869 802 2930 tempore
839 2866 927 2917 batur.
947 2867 1000 2917 Cir.
1019 2868 1085 2917 hen.
1104 2868 1128 2926 7,
1147 2867 1257 2917 ita-84:
1281 2867 1370 2916 tucos-

278 2938 446 2989 Horatiinon
466 2938 652 2999 arriperem,
676 2940 724 2990 sed
746 2941 803 2991 dis·
840 2955 887 3003 que
907 2941 952 2990 sub
973 2943 1028 2989 alto
1045 2942 1154 2991 Consulit
1173 2941 1296 3001 Atheneo,
1318 2955 1371 2991 ne·

277 3011 369 3063 solutis
386 3011 515 3062 moribus.
543 3013 575 3061 Et
587 3015 749 3076 comparatio
762 3019 804 3066 est
838 3026 938 3064 menen
963 3027 1027 3076 quoe
1050 3015 1167 3063 marinio
1190 3028 1263 3064 sacro
1287 3015 1372 3065 Fonte

277 3088 379 3149 inepta:
397 3085 501 3136 Larissa
519 3099 563 3136 me
580 3090 712 3150 percussit
729 3089 803 3138 lerti-
839 3095 927 3139 sonet
943 3103 1093 3151 saevamque
1101 3089 1295 3149 echelotopoca
1310 3101 1371 3137 νιο-

278 3159 362 3217 litate,
393 3159 474 3209 Tibur
498 3159 587 3219 silvis,
617 3162 802 3213 Lacedaemon
836 3165 933 3224 phitim.
960 3191 987 3198 —
1011 3165 1049 3213 Ex
1069 3161 1169 3224 volgari
1191 3163 1313 3225 opinione
1338 3165 1371 3212 et

278 3235 412 3298 patientia.
448 3235 632 3296 hegemonio,
651 3233 735 3298 longis
753 3237 803 3286 de·
838 3236 935 3299 Virgilii
962 3242 989 3286 et
1013 3237 1113 3286 Horatii
1137 3234 1187 3286 loci
1213 3236 1372 3286 reienmtur

278 3306 528 3358 ambulationibus.»
564 3309 722 3359 Ounssnonr.
746 3312 803 3360 hla-
839 3311 874 3359 ad
891 3324 975 3374 aquas
992 3309 1122 3360 sulfureas
1140 3323 1202 3361 cum
1217 3309 1308 3359 insulis
1318 3323 1372 3359 na-

278 3384 317 3446 gis
335 3383 415 3431 etiam
427 3381 494 3432 mire
507 3381 671 3433 Praedicorr:
686 3397 801 3445 pasceris.
840 3383 969 3444 lantibus,
999 3384 1078 3433 hodie
1103 3385 1187 3445 licque
1210 3384 1295 3433 Attus
1322 3383 1371 3432 di-

278 3459 335 3506 Non
347 3457 527 3505 meminerant
537 3455 686 3518 praedicari
698 3457 802 3508 solitam
840 3460 905 3507 ctas.
940 3459 1019 3510 Teste
1040 3457 1146 3519 Nibbyo
1164 3457 1280 3520 (l'iappio
1297 3459 1316 3506 l.
1337 3471 1367 3520 p.

279 3529 551 3578 Lacedaemoniorum
567 3531 732 3591 potientium·
752 3535 801 3582 est:
841 3533 907 3594 toa.)
930 3533 1048 3582 nemoris
1069 3533 1179 3594 vestigia
1199 3533 1369 3582 circumeas

280 3601 480 3651 ‹ihacedaemon
515 3600 555 3651 illa
584 3605 639 3653 tam
668 3601 802 3655 celebrata
839 3607 992 3655 etiamnunc
1009 3608 1165 3668 supersunt;
1186 3606 1235 3655 sed
1253 3617 1370 3668 quomo-

277 3675 389 3738 propter
405 3676 602 3726 severissimam
623 3689 701 3728 suam
722 3679 804 3729 disci·
839 3679 874 3729 do
899 3694 925 3729 v.
951 3694 1042 3729 sonare
1062 3679 1096 3728 de
1118 3679 1301 3742 stagnantibus
1322 3679 1369 3730 his

277 3747 378 3812 plinam
395 3760 426 3797 ac
443 3747 516 3810 leges
533 3750 671 3812 Lycurgi.»
693 3753 805 3816 Propter
839 3752 951 3803 lacubus
968 3756 1060 3817 aptum
1077 3755 1168 3814 luerit,
1191 3754 1271 3803 hodie
1291 3756 1369 3805 certe

278 3817 312 3872 τὸ
339 3827 437 3872 πονεῖν
459 3818 532 3872 εἶναι
553 3819 693 3886 δυνατοὺς
719 3829 803 3878 Lace·
840 3841 893 3877 non
909 3828 1077 3892 perspicitur.
1108 3829 1159 3878 Fea
1176 3828 1370 3891 interpretatur

279 3897 434 3947 daemonios
451 3896 542 3947 laudat
559 3899 653 3950 Critias
668 3901 753 3964 Bergk
774 3915 801 3965 p.
841 3902 890 3952 ude
908 3900 1007 3964 templo
1023 3901 1111 3966 paullo
1129 3906 1190 3952 ante
1207 3903 1277 3952 hano
1293 3901 1369 3952 oden

278 3970 347 4029 llil,
366 3974 393 4021 et
410 3972 601 4035 significanter,
620 3976 729 4024 auctore
742 3974 804 4024 Plu·
840 3979 900 4026 ah.
920 3977 1003 4026 Caelio
1020 3978 1164 4037 exstructo,
1184 3978 1259 4026 cuius
1276 3975 1369 4026 adhuc

278 4044 371 4094 tarcho
393 4045 490 4108 Agesil.
515 4048 552 4107 l.,
572 4048 721 4097 Simonides
739 4049 804 4097 dixit
840 4052 945 4100 exstant
960 4051 1076 4111 insignes
1088 4049 1215 4113 reliquiae
1227 4050 1311 4101 lenna
1322 4064 1368 4100 ro-

279 4117 400 4180 Spartam
416 4117 663 4190 ὀαμασίμβροτον.
695 4121 803 4170 Oudeu-
839 4124 948 4172 tunde.»
982 4125 1035 4174 Sed
1058 4127 1150 4188 poeta,
1177 4127 1254 4175 utin
1275 4137 1366 4187 seqq..

280 4191 402 4254 tlorpium
423 4195 487 4244 satie
509 4193 603 4244 refellit
621 4197 676 4245 Cio.
696 4193 800 4244 Tuscul.
839 4197 881 4245 hic
899 4203 1031 4249 memorat
1047 4200 1129 4250 situm
1140 4198 1308 4249 huiustontis
1320 4210 1368 4246 aa·
