<?xml version="1.0" encoding="UTF-8"?>
<!DOCTYPE html PUBLIC "-//W3C//DTD XHTML 1.0 Transitional//EN"
    "http://www.w3.org/TR/xhtml1/DTD/xhtml1-transitional.dtd">
<html xmlns="http://www.w3.org/1999/xhtml" xml:lang="en" lang="en">
 <head>
  <title>
</title>
<meta http-equiv="Content-Type" content="text/html;charset=utf-8" />
  <meta name='ocr-system' content='tesseract 3.04.00' />
  <meta name='ocr-capabilities' content='ocr_page ocr_carea ocr_par ocr_line ocrx_word'/>
</head>
<body>
  <div class='ocr_page' id='page_1' title='image "./qhoratiusflaccu04baitgoog/qhoratiusflaccu04baitgoog_0725.png"; bbox 0 0 2934 4884; ppageno 0'>
   <div class='ocr_carea' id='block_1_1' title="bbox 505 383 825 434">
    <p class='ocr_par' dir='ltr' id='par_1_1' title="bbox 505 383 825 434">
     <span class='ocr_line' id='line_1_1' title="bbox 505 383 825 434; baseline 0.006 -2"><span class='ocrx_word' id='word_1_1' title='bbox 505 383 606 434; x_wconf 73' lang='lat' dir='ltr'><strong>uranu.</strong></span> <span class='ocrx_word' id='word_1_2' title='bbox 642 385 741 434; x_wconf 76' lang='lat' dir='ltr'><strong>canit.</strong></span> <span class='ocrx_word' id='word_1_3' title='bbox 762 385 825 434; x_wconf 85' lang='lat' dir='ltr'><strong>vlu.</strong></span> 
     </span>
    </p>
   </div>
   <div class='ocr_carea' id='block_1_2' title="bbox 280 537 1200 1836">
    <p class='ocr_par' dir='ltr' id='par_1_2' title="bbox 324 537 811 605">
     <span class='ocr_line' id='line_1_2' title="bbox 324 537 811 605; baseline -0.002 -1"><span class='ocrx_word' id='word_1_4' title='bbox 324 537 434 604; x_wconf 84' lang='lat' dir='ltr'><strong>Podex</strong></span> <span class='ocrx_word' id='word_1_5' title='bbox 456 537 544 604; x_wconf 91' lang='lat' dir='ltr'><strong>velut</strong></span> <span class='ocrx_word' id='word_1_6' title='bbox 565 537 687 605; x_wconf 90' lang='lat' dir='ltr'><strong>crudae</strong></span> <span class='ocrx_word' id='word_1_7' title='bbox 709 538 811 604; x_wconf 90' lang='lat' dir='ltr'><strong>bovis.</strong></span> 
     </span>
    </p>

    <p class='ocr_par' dir='ltr' id='par_1_3' title="bbox 280 657 1069 867">
     <span class='ocr_line' id='line_1_3' title="bbox 280 657 1069 748; baseline 0.003 -24"><span class='ocrx_word' id='word_1_8' title='bbox 280 657 346 724; x_wconf 86' lang='lat' dir='ltr'><strong>Sed</strong></span> <span class='ocrx_word' id='word_1_9' title='bbox 368 658 478 725; x_wconf 87' lang='lat' dir='ltr'><strong>incitat</strong></span> <span class='ocrx_word' id='word_1_10' title='bbox 498 679 551 725; x_wconf 90' lang='lat' dir='ltr'><strong>me</strong></span> <span class='ocrx_word' id='word_1_11' title='bbox 573 670 688 746; x_wconf 86' lang='lat' dir='ltr'><strong>pectus</strong></span> <span class='ocrx_word' id='word_1_12' title='bbox 710 671 743 726; x_wconf 91' lang='lat' dir='ltr'><strong>et</strong></span> <span class='ocrx_word' id='word_1_13' title='bbox 763 679 921 726; x_wconf 88' lang='lat' dir='ltr'><strong>mammae</strong></span> <span class='ocrx_word' id='word_1_14' title='bbox 944 671 1069 748; x_wconf 79' lang='lat' dir='ltr'><strong>putreS,</strong></span> 
     </span>
     <span class='ocr_line' id='line_1_4' title="bbox 322 779 726 867; baseline 0.005 -23"><span class='ocrx_word' id='word_1_15' title='bbox 322 780 448 866; x_wconf 87' lang='lat' dir='ltr'><strong>Equina</strong></span> <span class='ocrx_word' id='word_1_16' title='bbox 470 779 587 867; x_wconf 87' lang='lat' dir='ltr'><strong>quales</strong></span> <span class='ocrx_word' id='word_1_17' title='bbox 609 780 726 857; x_wconf 87' lang='lat' dir='ltr'><strong>ubera,</strong></span> 
     </span>
    </p>

    <p class='ocr_par' dir='ltr' id='par_1_4' title="bbox 281 899 990 1088">
     <span class='ocr_line' id='line_1_5' title="bbox 281 899 990 987; baseline 0 -21"><span class='ocrx_word' id='word_1_18' title='bbox 281 902 464 987; x_wconf 80' lang='lat' dir='ltr'><strong>l&#39;enterque</strong></span> <span class='ocrx_word' id='word_1_19' title='bbox 486 899 592 967; x_wconf 89' lang='lat' dir='ltr'><strong>mollis</strong></span> <span class='ocrx_word' id='word_1_20' title='bbox 613 912 647 967; x_wconf 91' lang='lat' dir='ltr'><strong>et</strong></span> <span class='ocrx_word' id='word_1_21' title='bbox 667 901 772 968; x_wconf 84' lang='lat' dir='ltr'><strong>femur</strong></span> <span class='ocrx_word' id='word_1_22' title='bbox 795 901 990 968; x_wconf 85' lang='lat' dir='ltr'><strong>tumentibus</strong></span> 
     </span>
     <span class='ocr_line' id='line_1_6' title="bbox 325 1020 707 1088; baseline 0.003 -2"><span class='ocrx_word' id='word_1_23' title='bbox 325 1020 413 1086; x_wconf 83' lang='lat' dir='ltr'><strong>Erile</strong></span> <span class='ocrx_word' id='word_1_24' title='bbox 436 1021 521 1087; x_wconf 89' lang='lat' dir='ltr'><strong>suris</strong></span> <span class='ocrx_word' id='word_1_25' title='bbox 544 1021 707 1088; x_wconf 85' lang='lat' dir='ltr'><strong>additum!</strong></span> 
     </span>
    </p>

    <p class='ocr_par' dir='ltr' id='par_1_5' title="bbox 282 1141 908 1354">
     <span class='ocr_line' id='line_1_7' title="bbox 282 1141 908 1230; baseline -0.003 -22"><span class='ocrx_word' id='word_1_26' title='bbox 282 1143 358 1208; x_wconf 88' lang='lat' dir='ltr'><strong>Esto</strong></span> <span class='ocrx_word' id='word_1_27' title='bbox 380 1141 490 1219; x_wconf 90' lang='lat' dir='ltr'><strong>beata,</strong></span> <span class='ocrx_word' id='word_1_28' title='bbox 514 1142 609 1208; x_wconf 84' lang='lat' dir='ltr'><strong>sunus</strong></span> <span class='ocrx_word' id='word_1_29' title='bbox 631 1151 728 1229; x_wconf 88' lang='lat' dir='ltr'><strong>atque</strong></span> <span class='ocrx_word' id='word_1_30' title='bbox 752 1143 908 1230; x_wconf 79' lang='lat' dir='ltr'><strong>imagines</strong></span> 
     </span>
     <span class='ocr_line' id='line_1_8' title="bbox 321 1261 829 1354; baseline 0.004 -26"><span class='ocrx_word' id='word_1_31' title='bbox 321 1265 447 1329; x_wconf 83' lang='lat' dir='ltr'><strong>Ducant</strong></span> <span class='ocrx_word' id='word_1_32' title='bbox 469 1261 679 1350; x_wconf 81' lang='lat' dir='ltr'><strong>triumphales</strong></span> <span class='ocrx_word' id='word_1_33' title='bbox 703 1273 829 1354; x_wconf 59' lang='lat' dir='ltr'><strong>tuum„</strong></span> 
     </span>
    </p>

    <p class='ocr_par' dir='ltr' id='par_1_6' title="bbox 282 1384 936 1573">
     <span class='ocr_line' id='line_1_9' title="bbox 282 1384 936 1473; baseline 0.002 -23"><span class='ocrx_word' id='word_1_34' title='bbox 282 1387 349 1450; x_wconf 91' lang='lat' dir='ltr'><strong>Nec</strong></span> <span class='ocrx_word' id='word_1_35' title='bbox 370 1385 412 1450; x_wconf 91' lang='lat' dir='ltr'><strong>sit</strong></span> <span class='ocrx_word' id='word_1_36' title='bbox 432 1384 562 1460; x_wconf 90' lang='lat' dir='ltr'><strong>marita,</strong></span> <span class='ocrx_word' id='word_1_37' title='bbox 586 1405 671 1473; x_wconf 91' lang='lat' dir='ltr'><strong>quae</strong></span> <span class='ocrx_word' id='word_1_38' title='bbox 694 1384 936 1451; x_wconf 85' lang='lat' dir='ltr'><strong>rotundioribus</strong></span> 
     </span>
     <span class='ocr_line' id='line_1_10' title="bbox 325 1501 736 1573; baseline -0.01 0"><span class='ocrx_word' id='word_1_39' title='bbox 325 1508 450 1573; x_wconf 89' lang='lat' dir='ltr'><strong>Onusta</strong></span> <span class='ocrx_word' id='word_1_40' title='bbox 471 1505 563 1572; x_wconf 88' lang='lat' dir='ltr'><strong>bacis</strong></span> <span class='ocrx_word' id='word_1_41' title='bbox 585 1501 736 1571; x_wconf 88' lang='lat' dir='ltr'><strong>ambulet.</strong></span> 
     </span>
    </p>

    <p class='ocr_par' dir='ltr' id='par_1_7' title="bbox 283 1624 1200 1836">
     <span class='ocr_line' id='line_1_11' title="bbox 283 1624 1200 1714; baseline 0.002 -22"><span class='ocrx_word' id='word_1_42' title='bbox 283 1627 384 1707; x_wconf 87' lang='lat' dir='ltr'><strong>Quid,</strong></span> <span class='ocrx_word' id='word_1_43' title='bbox 408 1625 497 1714; x_wconf 92' lang='lat' dir='ltr'><strong>quod</strong></span> <span class='ocrx_word' id='word_1_44' title='bbox 519 1624 618 1693; x_wconf 90' lang='lat' dir='ltr'><strong>libelli</strong></span> <span class='ocrx_word' id='word_1_45' title='bbox 641 1625 740 1693; x_wconf 85' lang='lat' dir='ltr'><strong>Stoici</strong></span> <span class='ocrx_word' id='word_1_46' title='bbox 762 1627 846 1694; x_wconf 91' lang='lat' dir='ltr'><strong>inter</strong></span> <span class='ocrx_word' id='word_1_47' title='bbox 866 1628 990 1695; x_wconf 87' lang='lat' dir='ltr'><strong>sericos</strong></span> <span class='ocrx_word' id='word_1_48' title='bbox 1161 1627 1200 1694; x_wconf 81' lang='lat' dir='ltr'><strong>lb</strong></span> 
     </span>
     <span class='ocr_line' id='line_1_12' title="bbox 328 1745 767 1836; baseline -0.005 -22"><span class='ocrx_word' id='word_1_49' title='bbox 328 1751 438 1814; x_wconf 87' lang='lat' dir='ltr'><strong>lacere</strong></span> <span class='ocrx_word' id='word_1_50' title='bbox 459 1745 610 1836; x_wconf 90' lang='lat' dir='ltr'><strong>pulvillos</strong></span> <span class='ocrx_word' id='word_1_51' title='bbox 632 1748 767 1814; x_wconf 81' lang='lat' dir='ltr'><strong>amant?</strong></span> 
     </span>
    </p>
   </div>
   <div class='ocr_carea' id='block_1_3' title="bbox 286 1868 911 1957">
    <p class='ocr_par' dir='ltr' id='par_1_8' title="bbox 286 1868 911 1957">
     <span class='ocr_line' id='line_1_13' title="bbox 286 1868 911 1957; baseline 0.003 -23"><span class='ocrx_word' id='word_1_52' title='bbox 286 1868 427 1935; x_wconf 88' lang='lat' dir='ltr'><strong>llliterati</strong></span> <span class='ocrx_word' id='word_1_53' title='bbox 449 1891 526 1935; x_wconf 93' lang='lat' dir='ltr'><strong>num</strong></span> <span class='ocrx_word' id='word_1_54' title='bbox 548 1869 654 1934; x_wconf 93' lang='lat' dir='ltr'><strong>minus</strong></span> <span class='ocrx_word' id='word_1_55' title='bbox 676 1869 766 1934; x_wconf 86' lang='lat' dir='ltr'><strong>nervi</strong></span> <span class='ocrx_word' id='word_1_56' title='bbox 789 1870 911 1957; x_wconf 83' lang='lat' dir='ltr'><strong>rigent,</strong></span> 
     </span>
    </p>
   </div>
   <div class='ocr_carea' id='block_1_4' title="bbox 144 2102 1169 2228">
    <p class='ocr_par' dir='ltr' id='par_1_9' title="bbox 144 2102 1169 2228">
     <span class='ocr_line' id='line_1_14' title="bbox 181 2102 1169 2168; baseline 0 -14"><span class='ocrx_word' id='word_1_57' title='bbox 181 2104 221 2154; x_wconf 80' lang='lat'><strong>⁴7.</strong></span> <span class='ocrx_word' id='word_1_58' title='bbox 242 2104 369 2154; x_wconf 63' lang='lat' dir='ltr'><strong>illimato</strong></span> <span class='ocrx_word' id='word_1_59' title='bbox 387 2105 414 2153; x_wconf 88' lang='lat' dir='ltr'><strong>et</strong></span> <span class='ocrx_word' id='word_1_60' title='bbox 429 2103 542 2166; x_wconf 69' lang='lat' dir='ltr'><strong>licuisse</strong></span> <span class='ocrx_word' id='word_1_61' title='bbox 559 2113 622 2151; x_wconf 91' lang='lat' dir='ltr'><strong>cum</strong></span> <span class='ocrx_word' id='word_1_62' title='bbox 632 2102 725 2151; x_wconf 86' lang='lat' dir='ltr'><strong>Guieto</strong></span> <span class='ocrx_word' id='word_1_63' title='bbox 744 2102 778 2150; x_wconf 89' lang='lat' dir='ltr'><strong>ad</strong></span> <span class='ocrx_word' id='word_1_64' title='bbox 795 2103 899 2154; x_wconf 85' lang='lat' dir='ltr'><strong>Terent.</strong></span> <span class='ocrx_word' id='word_1_65' title='bbox 913 2103 993 2155; x_wconf 77' lang='lat' dir='ltr'><strong>Andr.</strong></span> <span class='ocrx_word' id='word_1_66' title='bbox 1014 2105 1046 2168; x_wconf 81' lang='lat' dir='ltr'><strong>l,</strong></span> <span class='ocrx_word' id='word_1_67' title='bbox 1066 2106 1090 2154; x_wconf 89' lang='lat' dir='ltr'><strong>l.</strong></span> <span class='ocrx_word' id='word_1_68' title='bbox 1109 2117 1169 2155; x_wconf 89' lang='lat' dir='ltr'><strong>ma-</strong></span> 
     </span>
     <span class='ocr_line' id='line_1_15' title="bbox 144 2177 378 2228; baseline 0 -1"><span class='ocrx_word' id='word_1_69' title='bbox 144 2177 220 2228; x_wconf 85' lang='lat' dir='ltr'><strong>lebat</strong></span> <span class='ocrx_word' id='word_1_70' title='bbox 235 2177 378 2228; x_wconf 86' lang='lat' dir='ltr'><strong>Bentleius.</strong></span> 
     </span>
    </p>
   </div>
   <div class='ocr_carea' id='block_1_5' title="bbox 110 2379 1209 3556">
    <p class='ocr_par' dir='ltr' id='par_1_10' title="bbox 110 2379 1209 3556">
     <span class='ocr_line' id='line_1_16' title="bbox 112 2379 1203 2445; baseline -0.001 -13"><span class='ocrx_word' id='word_1_71' title='bbox 112 2382 200 2433; x_wconf 92' lang='lat' dir='ltr'><strong>lorme</strong></span> <span class='ocrx_word' id='word_1_72' title='bbox 218 2393 301 2444; x_wconf 86' lang='lat' dir='ltr'><strong>quam</strong></span> <span class='ocrx_word' id='word_1_73' title='bbox 312 2381 460 2432; x_wconf 82' lang='lat' dir='ltr'><strong>crassiores</strong></span> <span class='ocrx_word' id='word_1_74' title='bbox 476 2379 561 2445; x_wconf 89' lang='lat' dir='ltr'><strong>pedes</strong></span> <span class='ocrx_word' id='word_1_75' title='bbox 573 2379 640 2430; x_wconf 84' lang='lat' dir='ltr'><strong>infre</strong></span> <span class='ocrx_word' id='word_1_76' title='bbox 678 2379 780 2430; x_wconf 90' lang='lat' dir='ltr'><strong>candor</strong></span> <span class='ocrx_word' id='word_1_77' title='bbox 803 2383 830 2430; x_wconf 88' lang='lat' dir='ltr'><strong>et</strong></span> <span class='ocrx_word' id='word_1_78' title='bbox 851 2381 1004 2444; x_wconf 80' lang='lat' dir='ltr'><strong>magnitudo</strong></span> <span class='ocrx_word' id='word_1_79' title='bbox 1030 2384 1058 2431; x_wconf 88' lang='lat' dir='ltr'><strong>et</strong></span> <span class='ocrx_word' id='word_1_80' title='bbox 1077 2380 1152 2431; x_wconf 82' lang='lat' dir='ltr'><strong>levor</strong></span> <span class='ocrx_word' id='word_1_81' title='bbox 1175 2385 1203 2431; x_wconf 89' lang='lat' dir='ltr'><strong>et</strong></span> 
     </span>
     <span class='ocr_line' id='line_1_17' title="bbox 112 2453 1203 2520; baseline -0.001 -14"><span class='ocrx_word' id='word_1_82' title='bbox 112 2469 201 2520; x_wconf 75' lang='lat' dir='ltr'><strong>genua</strong></span> <span class='ocrx_word' id='word_1_83' title='bbox 213 2468 274 2506; x_wconf 86' lang='lat' dir='ltr'><strong>esse</strong></span> <span class='ocrx_word' id='word_1_84' title='bbox 290 2468 372 2518; x_wconf 88' lang='lat' dir='ltr'><strong>quam</strong></span> <span class='ocrx_word' id='word_1_85' title='bbox 389 2468 497 2519; x_wconf 80' lang='lat' dir='ltr'><strong>super.»</strong></span> <span class='ocrx_word' id='word_1_86' title='bbox 515 2457 639 2505; x_wconf 76' lang='lat' dir='ltr'><strong>Pomaria.</strong></span> <span class='ocrx_word' id='word_1_87' title='bbox 678 2453 798 2518; x_wconf 85' lang='lat' dir='ltr'><strong>pondus¹</strong></span> <span class='ocrx_word' id='word_1_88' title='bbox 818 2456 848 2504; x_wconf 90' lang='lat' dir='ltr'><strong>ut</strong></span> <span class='ocrx_word' id='word_1_89' title='bbox 864 2455 957 2505; x_wconf 86' lang='lat' dir='ltr'><strong>scribit</strong></span> <span class='ocrx_word' id='word_1_90' title='bbox 974 2453 1071 2506; x_wconf 86' lang='lat' dir='ltr'><strong>Plinius</strong></span> <span class='ocrx_word' id='word_1_91' title='bbox 1084 2455 1115 2505; x_wconf 87' lang='lat' dir='ltr'><strong>ll.</strong></span> <span class='ocrx_word' id='word_1_92' title='bbox 1128 2457 1159 2506; x_wconf 85' lang='lat' dir='ltr'><strong>N.</strong></span> <span class='ocrx_word' id='word_1_93' title='bbox 1179 2455 1203 2517; x_wconf 82' lang='lat'><strong>9,</strong></span> 
     </span>
     <span class='ocr_line' id='line_1_18' title="bbox 147 2528 1207 2593; baseline 0.001 -15"><span class='ocrx_word' id='word_1_94' title='bbox 147 2529 175 2578; x_wconf 88' lang='lat' dir='ltr'><strong>ll</strong></span> <span class='ocrx_word' id='word_1_95' title='bbox 191 2529 259 2580; x_wconf 71' lang='lat' dir='ltr'><strong>-tt</strong></span> <span class='ocrx_word' id='word_1_96' title='bbox 288 2531 348 2580; x_wconf 78' lang='lat' dir='ltr'><strong>Esto</strong></span> <span class='ocrx_word' id='word_1_97' title='bbox 374 2529 455 2593; x_wconf 84' lang='lat' dir='ltr'><strong>beato]</strong></span> <span class='ocrx_word' id='word_1_98' title='bbox 481 2528 639 2579; x_wconf 87' lang='lat' dir='ltr'><strong>Concessio:</strong></span> <span class='ocrx_word' id='word_1_99' title='bbox 678 2529 719 2578; x_wconf 77' lang='lat'><strong>35.</strong></span> <span class='ocrx_word' id='word_1_100' title='bbox 749 2529 850 2578; x_wconf 77' lang='lat' dir='ltr'><strong>«Bacae</strong></span> <span class='ocrx_word' id='word_1_101' title='bbox 868 2531 930 2580; x_wconf 90' lang='lat' dir='ltr'><strong>sunt</strong></span> <span class='ocrx_word' id='word_1_102' title='bbox 946 2530 1058 2580; x_wconf 85' lang='lat' dir='ltr'><strong>uniones</strong></span> <span class='ocrx_word' id='word_1_103' title='bbox 1084 2541 1133 2579; x_wconf 90' lang='lat' dir='ltr'><strong>seu</strong></span> <span class='ocrx_word' id='word_1_104' title='bbox 1148 2542 1207 2591; x_wconf 84' lang='lat' dir='ltr'><strong>per·</strong></span> 
     </span>
     <span class='ocr_line' id='line_1_19' title="bbox 115 2599 1204 2674; baseline 0.005 -26"><span class='ocrx_word' id='word_1_105' title='bbox 115 2604 195 2654; x_wconf 80' lang='lat' dir='ltr'><strong>«Esto</strong></span> <span class='ocrx_word' id='word_1_106' title='bbox 222 2604 345 2666; x_wconf 85' lang='lat' dir='ltr'><strong>quamvis</strong></span> <span class='ocrx_word' id='word_1_107' title='bbox 370 2603 445 2654; x_wconf 87' lang='lat' dir='ltr'><strong>dives</strong></span> <span class='ocrx_word' id='word_1_108' title='bbox 470 2615 503 2652; x_wconf 87' lang='lat' dir='ltr'><strong>ae</strong></span> <span class='ocrx_word' id='word_1_109' title='bbox 530 2600 640 2663; x_wconf 89' lang='lat' dir='ltr'><strong>nobilis,</strong></span> <span class='ocrx_word' id='word_1_110' title='bbox 679 2603 730 2652; x_wconf 78' lang='lat' dir='ltr'><strong>ult·</strong></span> <span class='ocrx_word' id='word_1_111' title='bbox 757 2603 782 2666; x_wconf 83' lang='lat' dir='ltr'><strong>(i.</strong></span> <span class='ocrx_word' id='word_1_112' title='bbox 805 2616 829 2653; x_wconf 89' lang='lat' dir='ltr'><strong>e.</strong></span> <span class='ocrx_word' id='word_1_113' title='bbox 847 2599 1005 2674; x_wconf 79' lang='grc' dir='ltr'><strong><em>βήρυλλοι,</em></strong></span> <span class='ocrx_word' id='word_1_114' title='bbox 1032 2603 1095 2652; x_wconf 87' lang='lat' dir='ltr'><strong>hino</strong></span> <span class='ocrx_word' id='word_1_115' title='bbox 1119 2603 1204 2666; x_wconf 80' lang='lat' dir='ltr'><strong>perte,</strong></span> 
     </span>
     <span class='ocr_line' id='line_1_20' title="bbox 114 2676 1205 2742; baseline 0.001 -15"><span class='ocrx_word' id='word_1_116' title='bbox 114 2679 197 2740; x_wconf 87' lang='lat' dir='ltr'><strong>atque</strong></span> <span class='ocrx_word' id='word_1_117' title='bbox 215 2677 293 2728; x_wconf 87' lang='lat' dir='ltr'><strong>lunus</strong></span> <span class='ocrx_word' id='word_1_118' title='bbox 311 2679 386 2727; x_wconf 91' lang='lat' dir='ltr'><strong>tuum</strong></span> <span class='ocrx_word' id='word_1_119' title='bbox 403 2676 643 2740; x_wconf 87' lang='lat' dir='ltr'><strong>praecedantima·</strong></span> <span class='ocrx_word' id='word_1_120' title='bbox 677 2676 783 2741; x_wconf 70' lang='lat' dir='ltr'><strong>rorte).</strong></span> <span class='ocrx_word' id='word_1_121' title='bbox 815 2679 898 2729; x_wconf 82' lang='lat' dir='ltr'><strong>Couu.</strong></span> <span class='ocrx_word' id='word_1_122' title='bbox 926 2679 1004 2736; x_wconf 80' lang='lat' dir='ltr'><strong>Cnuo.</strong></span> <span class='ocrx_word' id='word_1_123' title='bbox 1028 2702 1057 2713; x_wconf 90' lang='lat'><em>-</em></span> <span class='ocrx_word' id='word_1_124' title='bbox 1087 2677 1205 2742; x_wconf 72' lang='lat' dir='ltr'><strong>mouet]</strong></span> 
     </span>
     <span class='ocr_line' id='line_1_21' title="bbox 113 2750 1206 2817; baseline 0 -16"><span class='ocrx_word' id='word_1_125' title='bbox 113 2753 190 2816; x_wconf 74' lang='lat' dir='ltr'><strong>gines</strong></span> <span class='ocrx_word' id='word_1_126' title='bbox 201 2751 334 2801; x_wconf 88' lang='lat' dir='ltr'><strong>malorum</strong></span> <span class='ocrx_word' id='word_1_127' title='bbox 345 2753 465 2812; x_wconf 87' lang='lat' dir='ltr'><strong>tuorum,</strong></span> <span class='ocrx_word' id='word_1_128' title='bbox 484 2751 529 2815; x_wconf 88' lang='lat' dir='ltr'><strong>qui</strong></span> <span class='ocrx_word' id='word_1_129' title='bbox 546 2752 642 2801; x_wconf 88' lang='lat' dir='ltr'><strong>trium-</strong></span> <span class='ocrx_word' id='word_1_130' title='bbox 680 2751 812 2816; x_wconf 76' lang='lat' dir='ltr'><strong>«superba</strong></span> <span class='ocrx_word' id='word_1_131' title='bbox 841 2751 947 2804; x_wconf 87' lang='lat' dir='ltr'><strong>incedat</strong></span> <span class='ocrx_word' id='word_1_132' title='bbox 970 2765 1020 2817; x_wconf 89' lang='lat' dir='ltr'><strong>per</strong></span> <span class='ocrx_word' id='word_1_133' title='bbox 1042 2750 1144 2816; x_wconf 86' lang='lat' dir='ltr'><strong>plateas</strong></span> <span class='ocrx_word' id='word_1_134' title='bbox 1173 2764 1206 2801; x_wconf 87' lang='lat' dir='ltr'><strong>ao</strong></span> 
     </span>
     <span class='ocr_line' id='line_1_22' title="bbox 113 2825 1209 2892; baseline -0.001 -15"><span class='ocrx_word' id='word_1_135' title='bbox 113 2829 184 2892; x_wconf 89' lang='lat' dir='ltr'><strong>phos</strong></span> <span class='ocrx_word' id='word_1_136' title='bbox 195 2828 333 2888; x_wconf 77' lang='lat' dir='ltr'><strong>egerunt.»</strong></span> <span class='ocrx_word' id='word_1_137' title='bbox 352 2827 483 2890; x_wconf 71' lang='lat' dir='ltr'><strong>imagines</strong></span> <span class='ocrx_word' id='word_1_138' title='bbox 495 2827 567 2876; x_wconf 90' lang='lat' dir='ltr'><strong>euim</strong></span> <span class='ocrx_word' id='word_1_139' title='bbox 582 2825 641 2876; x_wconf 90' lang='lat' dir='ltr'><strong>illae</strong></span> <span class='ocrx_word' id='word_1_140' title='bbox 679 2825 779 2876; x_wconf 71' lang='lat' dir='ltr'><strong>moos.»</strong></span> <span class='ocrx_word' id='word_1_141' title='bbox 797 2826 883 2890; x_wconf 84' lang='lat' dir='ltr'><strong>Epod.</strong></span> <span class='ocrx_word' id='word_1_142' title='bbox 905 2827 935 2888; x_wconf 81' lang='lat' dir='ltr'><strong>t,</strong></span> <span class='ocrx_word' id='word_1_143' title='bbox 957 2829 987 2877; x_wconf 80' lang='lat' dir='ltr'><strong>s:</strong></span> <span class='ocrx_word' id='word_1_144' title='bbox 1006 2827 1073 2877; x_wconf 72' lang='lat' dir='ltr'><strong>ticet</strong></span> <span class='ocrx_word' id='word_1_145' title='bbox 1089 2825 1209 2889; x_wconf 76' lang='lat' dir='ltr'><strong>superbus</strong></span> 
     </span>
     <span class='ocr_line' id='line_1_23' title="bbox 114 2898 921 2964; baseline 0 -13"><span class='ocrx_word' id='word_1_146' title='bbox 114 2902 197 2951; x_wconf 88' lang='lat' dir='ltr'><strong>etiam</strong></span> <span class='ocrx_word' id='word_1_147' title='bbox 214 2901 241 2950; x_wconf 91' lang='lat' dir='ltr'><strong>iu</strong></span> <span class='ocrx_word' id='word_1_148' title='bbox 259 2902 442 2950; x_wconf 83' lang='lat' dir='ltr'><strong>matronarum</strong></span> <span class='ocrx_word' id='word_1_149' title='bbox 459 2898 589 2950; x_wconf 89' lang='lat' dir='ltr'><strong>nobilium</strong></span> <span class='ocrx_word' id='word_1_150' title='bbox 600 2900 643 2950; x_wconf 85' lang='lat' dir='ltr'><strong>lu-</strong></span> <span class='ocrx_word' id='word_1_151' title='bbox 679 2900 790 2950; x_wconf 85' lang='lat' dir='ltr'><strong>umbules</strong></span> <span class='ocrx_word' id='word_1_152' title='bbox 802 2903 921 2964; x_wconf 80' lang='lat' dir='ltr'><strong>pecunia,</strong></span> 
     </span>
     <span class='ocr_line' id='line_1_24' title="bbox 114 2972 1209 3040; baseline -0.002 -14"><span class='ocrx_word' id='word_1_153' title='bbox 114 2973 227 3026; x_wconf 85' lang='lat' dir='ltr'><strong>neribus</strong></span> <span class='ocrx_word' id='word_1_154' title='bbox 252 2972 429 3024; x_wconf 90' lang='lat' dir='ltr'><strong>ducebantur.</strong></span> <span class='ocrx_word' id='word_1_155' title='bbox 460 2975 514 3024; x_wconf 88' lang='lat' dir='ltr'><strong>Cio.</strong></span> <span class='ocrx_word' id='word_1_156' title='bbox 536 2974 570 3023; x_wconf 91' lang='lat' dir='ltr'><strong>de</strong></span> <span class='ocrx_word' id='word_1_157' title='bbox 597 2975 640 3022; x_wconf 92' lang='lat' dir='ltr'><strong>Or.</strong></span> <span class='ocrx_word' id='word_1_158' title='bbox 713 2973 1209 3040; x_wconf 70' lang='lat' dir='ltr'><strong>lli—20.ttbelll8toiolcet.]«Solitaerat</strong></span> 
     </span>
     <span class='ocr_line' id='line_1_25' title="bbox 113 3045 1205 3112; baseline -0.002 -12"><span class='ocrx_word' id='word_1_159' title='bbox 113 3050 143 3110; x_wconf 77' lang='lat'><strong>2,</strong></span> <span class='ocrx_word' id='word_1_160' title='bbox 163 3049 210 3108; x_wconf 77' lang='lat'><strong>55,</strong></span> <span class='ocrx_word' id='word_1_161' title='bbox 229 3049 287 3097; x_wconf 63' lang='grc' dir='ltr'><strong>ἥδ.</strong></span> <span class='ocrx_word' id='word_1_162' title='bbox 305 3049 406 3097; x_wconf 90' lang='lat' dir='ltr'><strong>Verum</strong></span> <span class='ocrx_word' id='word_1_163' title='bbox 422 3048 589 3097; x_wconf 88' lang='lat' dir='ltr'><strong>amarissima</strong></span> <span class='ocrx_word' id='word_1_164' title='bbox 601 3049 643 3096; x_wconf 91' lang='lat' dir='ltr'><strong>est</strong></span> <span class='ocrx_word' id='word_1_165' title='bbox 678 3047 745 3095; x_wconf 87' lang='lat' dir='ltr'><strong>baec</strong></span> <span class='ocrx_word' id='word_1_166' title='bbox 771 3045 852 3097; x_wconf 88' lang='lat' dir='ltr'><strong>libros</strong></span> <span class='ocrx_word' id='word_1_167' title='bbox 877 3047 1097 3112; x_wconf 85' lang='lat' dir='ltr'><strong>philosophorum</strong></span> <span class='ocrx_word' id='word_1_168' title='bbox 1124 3048 1205 3098; x_wconf 88' lang='lat' dir='ltr'><strong>etlam</strong></span> 
     </span>
     <span class='ocr_line' id='line_1_26' title="bbox 116 3119 1208 3184; baseline -0.003 -10"><span class='ocrx_word' id='word_1_169' title='bbox 116 3123 218 3174; x_wconf 80' lang='lat' dir='ltr'><strong>lunens</strong></span> <span class='ocrx_word' id='word_1_170' title='bbox 235 3123 291 3171; x_wconf 85' lang='lat' dir='ltr'><strong>tam</strong></span> <span class='ocrx_word' id='word_1_171' title='bbox 311 3123 404 3184; x_wconf 88' lang='lat' dir='ltr'><strong>aperta</strong></span> <span class='ocrx_word' id='word_1_172' title='bbox 421 3121 521 3171; x_wconf 91' lang='lat' dir='ltr'><strong>mentio</strong></span> <span class='ocrx_word' id='word_1_173' title='bbox 540 3120 577 3182; x_wconf 85' lang='lat' dir='ltr'><strong>(ut</strong></span> <span class='ocrx_word' id='word_1_174' title='bbox 592 3119 640 3168; x_wconf 92' lang='lat' dir='ltr'><strong>0d.</strong></span> <span class='ocrx_word' id='word_1_175' title='bbox 678 3121 705 3170; x_wconf 90' lang='lat' dir='ltr'><strong>in</strong></span> <span class='ocrx_word' id='word_1_176' title='bbox 726 3119 802 3170; x_wconf 87' lang='lat' dir='ltr'><strong>lectis</strong></span> <span class='ocrx_word' id='word_1_177' title='bbox 820 3122 952 3184; x_wconf 88' lang='lat' dir='ltr'><strong>repositos</strong></span> <span class='ocrx_word' id='word_1_178' title='bbox 970 3121 1084 3182; x_wconf 87' lang='lat' dir='ltr'><strong>babere,</strong></span> <span class='ocrx_word' id='word_1_179' title='bbox 1112 3124 1142 3171; x_wconf 90' lang='lat' dir='ltr'><strong>ut</strong></span> <span class='ocrx_word' id='word_1_180' title='bbox 1158 3121 1208 3171; x_wconf 93' lang='lat' dir='ltr'><strong>ad-</strong></span> 
     </span>
     <span class='ocr_line' id='line_1_27' title="bbox 114 3193 1207 3259; baseline -0.001 -12"><span class='ocrx_word' id='word_1_181' title='bbox 114 3197 147 3257; x_wconf 84' lang='grc'><strong>3,</strong></span> <span class='ocrx_word' id='word_1_182' title='bbox 161 3198 206 3256; x_wconf 80' lang='lat' dir='ltr'><strong>ts,</strong></span> <span class='ocrx_word' id='word_1_183' title='bbox 218 3194 243 3246; x_wconf 80' lang='lat' dir='ltr'><strong>l.</strong></span> <span class='ocrx_word' id='word_1_184' title='bbox 263 3193 367 3245; x_wconf 84' lang='lat' dir='ltr'><strong>Chloris</strong></span> <span class='ocrx_word' id='word_1_185' title='bbox 378 3200 479 3244; x_wconf 72' lang='lat' dir='ltr'><strong>mutiero</strong></span> <span class='ocrx_word' id='word_1_186' title='bbox 485 3195 594 3256; x_wconf 79' lang='lat' dir='ltr'><strong>proptor</strong></span> <span class='ocrx_word' id='word_1_187' title='bbox 604 3194 645 3256; x_wconf 74' lang='lat' dir='ltr'><strong>(lt-</strong></span> <span class='ocrx_word' id='word_1_188' title='bbox 678 3194 802 3244; x_wconf 89' lang='lat' dir='ltr'><strong>veniente</strong></span> <span class='ocrx_word' id='word_1_189' title='bbox 820 3197 940 3244; x_wconf 88' lang='lat' dir='ltr'><strong>amatore</strong></span> <span class='ocrx_word' id='word_1_190' title='bbox 953 3193 1091 3245; x_wconf 88' lang='lat' dir='ltr'><strong>simularet</strong></span> <span class='ocrx_word' id='word_1_191' title='bbox 1107 3208 1136 3244; x_wconf 90' lang='lat' dir='ltr'><strong>se</strong></span> <span class='ocrx_word' id='word_1_192' title='bbox 1148 3197 1207 3259; x_wconf 87' lang='lat' dir='ltr'><strong>phi·</strong></span> 
     </span>
     <span class='ocr_line' id='line_1_28' title="bbox 112 3267 1206 3333; baseline -0.005 -12"><span class='ocrx_word' id='word_1_193' title='bbox 112 3269 202 3333; x_wconf 41' lang='lat' dir='ltr'><strong>sariri,</strong></span> <span class='ocrx_word' id='word_1_194' title='bbox 229 3281 282 3332; x_wconf 87' lang='lat' dir='ltr'><strong>qua</strong></span> <span class='ocrx_word' id='word_1_195' title='bbox 299 3271 425 3318; x_wconf 90' lang='lat' dir='ltr'><strong>monetur</strong></span> <span class='ocrx_word' id='word_1_196' title='bbox 442 3268 643 3331; x_wconf 86' lang='lat' dir='ltr'><strong>intempestivos</strong></span> <span class='ocrx_word' id='word_1_197' title='bbox 679 3268 815 3332; x_wconf 88' lang='lat' dir='ltr'><strong>losophiae</strong></span> <span class='ocrx_word' id='word_1_198' title='bbox 842 3268 967 3329; x_wconf 87' lang='lat' dir='ltr'><strong>studere,</strong></span> <span class='ocrx_word' id='word_1_199' title='bbox 999 3281 1052 3318; x_wconf 91' lang='lat' dir='ltr'><strong>uon</strong></span> <span class='ocrx_word' id='word_1_200' title='bbox 1077 3267 1206 3320; x_wconf 76' lang='lat' dir='ltr'><strong>libidini.»</strong></span> 
     </span>
     <span class='ocr_line' id='line_1_29' title="bbox 114 3340 1206 3402; baseline -0.001 -8"><span class='ocrx_word' id='word_1_201' title='bbox 114 3347 169 3394; x_wconf 86' lang='lat' dir='ltr'><strong>tam</strong></span> <span class='ocrx_word' id='word_1_202' title='bbox 186 3355 249 3393; x_wconf 90' lang='lat' dir='ltr'><strong>esse</strong></span> <span class='ocrx_word' id='word_1_203' title='bbox 266 3343 325 3392; x_wconf 87' lang='lat' dir='ltr'><strong>eius</strong></span> <span class='ocrx_word' id='word_1_204' title='bbox 348 3353 464 3391; x_wconf 89' lang='lat' dir='ltr'><strong>amores.</strong></span> <span class='ocrx_word' id='word_1_205' title='bbox 485 3367 513 3376; x_wconf 93' lang='lat'><em>-</em></span> <span class='ocrx_word' id='word_1_206' title='bbox 531 3342 643 3402; x_wconf 73' lang='lat' dir='ltr'><strong>Ducem]</strong></span> <span class='ocrx_word' id='word_1_207' title='bbox 680 3343 765 3394; x_wconf 76' lang='lat' dir='ltr'><strong>Coun.</strong></span> <span class='ocrx_word' id='word_1_208' title='bbox 794 3343 872 3400; x_wconf 86' lang='lat' dir='ltr'><strong>Cnuo.</strong></span> <span class='ocrx_word' id='word_1_209' title='bbox 910 3343 953 3391; x_wconf 82' lang='lat' dir='ltr'><strong>uln</strong></span> <span class='ocrx_word' id='word_1_210' title='bbox 980 3340 1057 3392; x_wconf 87' lang='lat' dir='ltr'><strong>leolis</strong></span> <span class='ocrx_word' id='word_1_211' title='bbox 1086 3341 1206 3393; x_wconf 86' lang='lat' dir='ltr'><strong>seribere</strong></span> 
     </span>
     <span class='ocr_line' id='line_1_30' title="bbox 115 3413 1204 3479; baseline -0.003 -9"><span class='ocrx_word' id='word_1_212' title='bbox 115 3419 170 3470; x_wconf 82' lang='lat' dir='ltr'><strong>Cir.</strong></span> <span class='ocrx_word' id='word_1_213' title='bbox 189 3417 308 3466; x_wconf 87' lang='lat' dir='ltr'><strong>Senecae</strong></span> <span class='ocrx_word' id='word_1_214' title='bbox 328 3417 451 3466; x_wconf 82' lang='lat' dir='ltr'><strong>Coutrov.</strong></span> <span class='ocrx_word' id='word_1_215' title='bbox 470 3415 497 3477; x_wconf 90' lang='lat' dir='ltr'><strong>l,</strong></span> <span class='ocrx_word' id='word_1_216' title='bbox 517 3415 544 3464; x_wconf 87' lang='lat'><strong>6:</strong></span> <span class='ocrx_word' id='word_1_217' title='bbox 570 3417 644 3466; x_wconf 78' lang='lat' dir='ltr'><strong>Pour-</strong></span> <span class='ocrx_word' id='word_1_218' title='bbox 679 3415 815 3478; x_wconf 88' lang='lat' dir='ltr'><strong>librosque</strong></span> <span class='ocrx_word' id='word_1_219' title='bbox 838 3413 927 3479; x_wconf 84' lang='lat' dir='ltr'><strong>legere</strong></span> <span class='ocrx_word' id='word_1_220' title='bbox 945 3413 1068 3466; x_wconf 87' lang='lat' dir='ltr'><strong>solebant</strong></span> <span class='ocrx_word' id='word_1_221' title='bbox 1088 3414 1204 3467; x_wconf 85' lang='lat' dir='ltr'><strong>litterali.</strong></span> 
     </span>
     <span class='ocr_line' id='line_1_31' title="bbox 110 3487 1207 3556; baseline 0 -16"><span class='ocrx_word' id='word_1_222' title='bbox 110 3493 233 3556; x_wconf 53' lang='lat' dir='ltr'><strong>permisi</strong></span> <span class='ocrx_word' id='word_1_223' title='bbox 248 3490 416 3540; x_wconf 60' lang='lat' dir='ltr'><strong>haedum-iae</strong></span> <span class='ocrx_word' id='word_1_224' title='bbox 426 3489 645 3539; x_wconf 65' lang='lat' dir='ltr'><strong>mtulbsontima-</strong></span> <span class='ocrx_word' id='word_1_225' title='bbox 679 3487 840 3541; x_wconf 85' lang='lat' dir='ltr'><strong>Leotleulam</strong></span> <span class='ocrx_word' id='word_1_226' title='bbox 862 3488 1072 3540; x_wconf 88' lang='lat' dir='ltr'><strong>lucubratoriam</strong></span> <span class='ocrx_word' id='word_1_227' title='bbox 1095 3491 1207 3554; x_wconf 80' lang='lat' dir='ltr'><strong>Augusti</strong></span> 
     </span>
    </p>
   </div>
   <div class='ocr_carea' id='block_1_6' title="bbox 10 3565 1205 3634">
    <p class='ocr_par' dir='ltr' id='par_1_11' title="bbox 10 3565 1205 3634">
     <span class='ocr_line' id='line_1_32' title="bbox 10 3565 1205 3634; baseline 0.005 -24"><span class='ocrx_word' id='word_1_228' title='bbox 10 3595 13 3601; x_wconf 62' lang='grc'><em>»</em></span> <span class='ocrx_word' id='word_1_229' title='bbox 114 3571 199 3634; x_wconf 61' lang='lat' dir='ltr'><strong>ptem,</strong></span> <span class='ocrx_word' id='word_1_230' title='bbox 216 3568 423 3631; x_wconf 65' lang='lat' dir='ltr'><strong>nonnunqum</strong></span> <span class='ocrx_word' id='word_1_231' title='bbox 443 3566 554 3616; x_wconf 66' lang='lat' dir='ltr'><strong>dicbsct</strong></span> <span class='ocrx_word' id='word_1_232' title='bbox 583 3566 642 3616; x_wconf 90' lang='lat' dir='ltr'><strong>Vid.</strong></span> <span class='ocrx_word' id='word_1_233' title='bbox 680 3566 813 3617; x_wconf 87' lang='lat' dir='ltr'><strong>memorat</strong></span> <span class='ocrx_word' id='word_1_234' title='bbox 830 3565 902 3614; x_wconf 84' lang='lat' dir='ltr'><strong>Suet.</strong></span> <span class='ocrx_word' id='word_1_235' title='bbox 918 3565 1008 3614; x_wconf 81' lang='lat' dir='ltr'><strong>octav.</strong></span> <span class='ocrx_word' id='word_1_236' title='bbox 1023 3565 1082 3614; x_wconf 76' lang='lat'><strong>78.»</strong></span> <span class='ocrx_word' id='word_1_237' title='bbox 1098 3567 1205 3616; x_wconf 83' lang='lat' dir='ltr'><strong>Grsurn.</strong></span> 
     </span>
    </p>
   </div>
   <div class='ocr_carea' id='block_1_7' title="bbox 113 3638 1209 4296">
    <p class='ocr_par' dir='ltr' id='par_1_12' title="bbox 113 3638 1209 4296">
     <span class='ocr_line' id='line_1_33' title="bbox 113 3638 1209 3705; baseline -0.004 -11"><span class='ocrx_word' id='word_1_238' title='bbox 113 3643 220 3694; x_wconf 79' lang='lat' dir='ltr'><strong>Becker</strong></span> <span class='ocrx_word' id='word_1_239' title='bbox 228 3641 317 3693; x_wconf 70' lang='lat' dir='ltr'><strong>Galim</strong></span> <span class='ocrx_word' id='word_1_240' title='bbox 325 3641 380 3705; x_wconf 84' lang='lat' dir='ltr'><strong>(Ed.</strong></span> <span class='ocrx_word' id='word_1_241' title='bbox 391 3639 445 3703; x_wconf 83' lang='lat' dir='ltr'><strong>alt.)</strong></span> <span class='ocrx_word' id='word_1_242' title='bbox 456 3642 497 3689; x_wconf 90' lang='lat' dir='ltr'><strong>lll.</strong></span> <span class='ocrx_word' id='word_1_243' title='bbox 508 3653 535 3704; x_wconf 91' lang='lat' dir='ltr'><strong>p.</strong></span> <span class='ocrx_word' id='word_1_244' title='bbox 545 3641 603 3691; x_wconf 76' lang='lat'><strong>28⁴.</strong></span> <span class='ocrx_word' id='word_1_245' title='bbox 614 3667 642 3675; x_wconf 91' lang='lat'>-</span> <span class='ocrx_word' id='word_1_246' title='bbox 680 3638 785 3690; x_wconf 78' lang='lat' dir='ltr'><strong>Acerba</strong></span> <span class='ocrx_word' id='word_1_247' title='bbox 794 3641 884 3690; x_wconf 86' lang='lat' dir='ltr'><strong>autem</strong></span> <span class='ocrx_word' id='word_1_248' title='bbox 897 3639 1017 3689; x_wconf 87' lang='lat' dir='ltr'><strong>irrisione</strong></span> <span class='ocrx_word' id='word_1_249' title='bbox 1026 3639 1122 3688; x_wconf 82' lang='lat' dir='ltr'><strong>Stoicos</strong></span> <span class='ocrx_word' id='word_1_250' title='bbox 1131 3652 1209 3703; x_wconf 87' lang='lat' dir='ltr'><strong>prue-</strong></span> 
     </span>
     <span class='ocr_line' id='line_1_34' title="bbox 114 3711 1206 3780; baseline -0.005 -13"><span class='ocrx_word' id='word_1_251' title='bbox 114 3716 220 3780; x_wconf 79' lang='lat' dir='ltr'><strong>marito]</strong></span> <span class='ocrx_word' id='word_1_252' title='bbox 240 3717 403 3765; x_wconf 70' lang='lat' dir='ltr'><strong>«matrona.-</strong></span> <span class='ocrx_word' id='word_1_253' title='bbox 423 3714 475 3765; x_wconf 90' lang='lat' dir='ltr'><strong>Clr.</strong></span> <span class='ocrx_word' id='word_1_254' title='bbox 490 3713 583 3764; x_wconf 87' lang='lat' dir='ltr'><strong>catull.</strong></span> <span class='ocrx_word' id='word_1_255' title='bbox 597 3714 642 3775; x_wconf 81' lang='lat'><strong>67,</strong></span> <span class='ocrx_word' id='word_1_256' title='bbox 681 3715 758 3778; x_wconf 88' lang='lat' dir='ltr'><strong>cipue</strong></span> <span class='ocrx_word' id='word_1_257' title='bbox 782 3711 884 3763; x_wconf 87' lang='lat' dir='ltr'><strong>libellos</strong></span> <span class='ocrx_word' id='word_1_258' title='bbox 902 3713 928 3762; x_wconf 91' lang='lat' dir='ltr'><strong>in</strong></span> <span class='ocrx_word' id='word_1_259' title='bbox 951 3714 1024 3763; x_wconf 85' lang='lat' dir='ltr'><strong>tauta</strong></span> <span class='ocrx_word' id='word_1_260' title='bbox 1046 3711 1149 3762; x_wconf 78' lang='lat' dir='ltr'><strong>luxurie</strong></span> <span class='ocrx_word' id='word_1_261' title='bbox 1172 3713 1206 3763; x_wconf 90' lang='lat' dir='ltr'><strong>ab</strong></span> 
     </span>
     <span class='ocr_line' id='line_1_35' title="bbox 115 3784 1209 3852; baseline -0.004 -11"><span class='ocrx_word' id='word_1_262' title='bbox 115 3792 304 3852; x_wconf 66' lang='lat' dir='ltr'><strong>6:120qu</strong></span> <span class='ocrx_word' id='word_1_263' title='bbox 319 3794 355 3839; x_wconf 83' lang='lat' dir='ltr'><strong>est</strong></span> <span class='ocrx_word' id='word_1_264' title='bbox 367 3793 485 3851; x_wconf 68' lang='lat' dir='ltr'><strong>porrecto</strong></span> <span class='ocrx_word' id='word_1_265' title='bbox 500 3789 571 3852; x_wconf 75' lang='lat' dir='ltr'><strong>sacto</strong></span> <span class='ocrx_word' id='word_1_266' title='bbox 585 3801 644 3838; x_wconf 75' lang='grc' dir='ltr'><strong>ηια-</strong></span> <span class='ocrx_word' id='word_1_267' title='bbox 681 3802 713 3839; x_wconf 89' lang='lat' dir='ltr'><strong>ea</strong></span> <span class='ocrx_word' id='word_1_268' title='bbox 731 3786 817 3838; x_wconf 86' lang='lat' dir='ltr'><strong>evolvi</strong></span> <span class='ocrx_word' id='word_1_269' title='bbox 835 3788 906 3838; x_wconf 87' lang='lat' dir='ltr'><strong>dicit.</strong></span> <span class='ocrx_word' id='word_1_270' title='bbox 941 3787 1089 3838; x_wconf 86' lang='lat' dir='ltr'><strong>Deficiente</strong></span> <span class='ocrx_word' id='word_1_271' title='bbox 1107 3784 1209 3837; x_wconf 85' lang='lat' dir='ltr'><strong>scilicet</strong></span> 
     </span>
     <span class='ocr_line' id='line_1_36' title="bbox 115 3860 1207 3924; baseline -0.005 -9"><span class='ocrx_word' id='word_1_272' title='bbox 115 3867 171 3915; x_wconf 74' lang='lat' dir='ltr'><strong>rito</strong></span> <span class='ocrx_word' id='word_1_273' title='bbox 186 3877 250 3914; x_wconf 76' lang='lat' dir='ltr'><strong>sem.</strong></span> <span class='ocrx_word' id='word_1_274' title='bbox 274 3864 349 3914; x_wconf 85' lang='lat' dir='ltr'><strong>Ovid.</strong></span> <span class='ocrx_word' id='word_1_275' title='bbox 370 3864 439 3914; x_wconf 81' lang='lat' dir='ltr'><strong>Fast.</strong></span> <span class='ocrx_word' id='word_1_276' title='bbox 461 3865 492 3924; x_wconf 67' lang='grc' dir='ltr'><strong>Ξ,</strong></span> <span class='ocrx_word' id='word_1_277' title='bbox 515 3863 576 3912; x_wconf 80' lang='lat'><strong>⁴³9:</strong></span> <span class='ocrx_word' id='word_1_278' title='bbox 605 3863 645 3912; x_wconf 79' lang='lat' dir='ltr'><strong>bio</strong></span> <span class='ocrx_word' id='word_1_279' title='bbox 681 3860 1207 3924; x_wconf 83' lang='lat' dir='ltr'><strong>lormaeelegantlatalibusstudiiscerte</strong></span> 
     </span>
     <span class='ocr_line' id='line_1_37' title="bbox 119 3933 1209 4002; baseline -0.003 -13"><span class='ocrx_word' id='word_1_280' title='bbox 119 3938 236 4002; x_wconf 85' lang='lat' dir='ltr'><strong>(Caesar)</strong></span> <span class='ocrx_word' id='word_1_281' title='bbox 262 3942 346 3987; x_wconf 81' lang='lat' dir='ltr'><strong>castos</strong></span> <span class='ocrx_word' id='word_1_282' title='bbox 370 3937 433 3987; x_wconf 78' lang='lat' dir='ltr'><strong>doce</strong></span> <span class='ocrx_word' id='word_1_283' title='bbox 455 3949 482 3986; x_wconf 77' lang='lat' dir='ltr'><strong>ss</strong></span> <span class='ocrx_word' id='word_1_284' title='bbox 504 3936 571 3986; x_wconf 77' lang='lat' dir='ltr'><strong>iubat</strong></span> <span class='ocrx_word' id='word_1_285' title='bbox 595 3949 646 3986; x_wconf 80' lang='lat' dir='ltr'><strong>osso</strong></span> <span class='ocrx_word' id='word_1_286' title='bbox 681 3935 811 3989; x_wconf 89' lang='lat' dir='ltr'><strong>simulatis</strong></span> <span class='ocrx_word' id='word_1_287' title='bbox 840 3935 992 3986; x_wconf 88' lang='lat' dir='ltr'><strong>huiusmodi</strong></span> <span class='ocrx_word' id='word_1_288' title='bbox 1020 3948 1087 3986; x_wconf 88' lang='lat' dir='ltr'><strong>anus</strong></span> <span class='ocrx_word' id='word_1_289' title='bbox 1115 3933 1209 3986; x_wconf 85' lang='lat' dir='ltr'><strong>adole-</strong></span> 
     </span>
     <span class='ocr_line' id='line_1_38' title="bbox 115 4008 1209 4075; baseline -0.005 -12"><span class='ocrx_word' id='word_1_290' title='bbox 115 4014 233 4063; x_wconf 69' lang='lat' dir='ltr'><strong>mesos.</strong></span> <span class='ocrx_word' id='word_1_291' title='bbox 251 4012 394 4061; x_wconf 82' lang='lat' dir='ltr'><strong>Praeterea</strong></span> <span class='ocrx_word' id='word_1_292' title='bbox 405 4011 540 4075; x_wconf 89' lang='lat' dir='ltr'><strong>reperitur</strong></span> <span class='ocrx_word' id='word_1_293' title='bbox 556 4009 642 4061; x_wconf 91' lang='lat' dir='ltr'><strong>subst.</strong></span> <span class='ocrx_word' id='word_1_294' title='bbox 681 4013 788 4061; x_wconf 87' lang='lat' dir='ltr'><strong>scentes</strong></span> <span class='ocrx_word' id='word_1_295' title='bbox 805 4008 911 4060; x_wconf 88' lang='lat' dir='ltr'><strong>allicere</strong></span> <span class='ocrx_word' id='word_1_296' title='bbox 927 4011 1038 4060; x_wconf 81' lang='lat' dir='ltr'><strong>conatae</strong></span> <span class='ocrx_word' id='word_1_297' title='bbox 1050 4022 1110 4060; x_wconf 88' lang='lat' dir='ltr'><strong>esse</strong></span> <span class='ocrx_word' id='word_1_298' title='bbox 1128 4011 1209 4059; x_wconf 88' lang='lat' dir='ltr'><strong>luter-</strong></span> 
     </span>
     <span class='ocr_line' id='line_1_39' title="bbox 117 4083 1205 4150; baseline -0.006 -13"><span class='ocrx_word' id='word_1_299' title='bbox 117 4089 145 4138; x_wconf 88' lang='lat' dir='ltr'><strong>in</strong></span> <span class='ocrx_word' id='word_1_300' title='bbox 156 4086 259 4150; x_wconf 85' lang='lat' dir='ltr'><strong>aliquot</strong></span> <span class='ocrx_word' id='word_1_301' title='bbox 274 4086 406 4150; x_wconf 79' lang='lat' dir='ltr'><strong>inscripti.</strong></span> <span class='ocrx_word' id='word_1_302' title='bbox 417 4085 489 4135; x_wconf 88' lang='lat' dir='ltr'><strong>terlil</strong></span> <span class='ocrx_word' id='word_1_303' title='bbox 499 4083 543 4134; x_wconf 82' lang='lat' dir='ltr'><strong>vel</strong></span> <span class='ocrx_word' id='word_1_304' title='bbox 557 4086 645 4149; x_wconf 85' lang='lat' dir='ltr'><strong>quarti</strong></span> <span class='ocrx_word' id='word_1_305' title='bbox 682 4085 747 4135; x_wconf 91' lang='lat' dir='ltr'><strong>dum</strong></span> <span class='ocrx_word' id='word_1_306' title='bbox 757 4083 889 4134; x_wconf 85' lang='lat' dir='ltr'><strong>videntur.</strong></span> <span class='ocrx_word' id='word_1_307' title='bbox 909 4083 1042 4134; x_wconf 86' lang='lat' dir='ltr'><strong>Sententia</strong></span> <span class='ocrx_word' id='word_1_308' title='bbox 1060 4083 1205 4146; x_wconf 80' lang='lat' dir='ltr'><strong>igiturest:</strong></span> 
     </span>
     <span class='ocr_line' id='line_1_40' title="bbox 117 4155 1207 4226; baseline -0.006 -14"><span class='ocrx_word' id='word_1_309' title='bbox 117 4163 180 4226; x_wconf 83' lang='lat' dir='ltr'><strong>post</strong></span> <span class='ocrx_word' id='word_1_310' title='bbox 202 4160 265 4211; x_wconf 86' lang='lat' dir='ltr'><strong>Chr.</strong></span> <span class='ocrx_word' id='word_1_311' title='bbox 284 4159 377 4211; x_wconf 86' lang='lat' dir='ltr'><strong>seculi.</strong></span> <span class='ocrx_word' id='word_1_312' title='bbox 398 4187 426 4197; x_wconf 90' lang='lat'>-</span> <span class='ocrx_word' id='word_1_313' title='bbox 444 4159 521 4223; x_wconf 71' lang='lat' dir='ltr'><strong>baeu]</strong></span> <span class='ocrx_word' id='word_1_314' title='bbox 543 4160 645 4210; x_wconf 86' lang='lat' dir='ltr'><strong>llotun-</strong></span> <span class='ocrx_word' id='word_1_315' title='bbox 682 4159 821 4220; x_wconf 81' lang='lat' dir='ltr'><strong>«Etiamsi,</strong></span> <span class='ocrx_word' id='word_1_316' title='bbox 838 4157 1067 4220; x_wconf 88' lang='lat' dir='ltr'><strong>quemadmodum</strong></span> <span class='ocrx_word' id='word_1_317' title='bbox 1079 4155 1207 4208; x_wconf 84' lang='lat' dir='ltr'><strong>Caerellia</strong></span> 
     </span>
     <span class='ocr_line' id='line_1_41' title="bbox 118 4229 1207 4296; baseline -0.004 -12"><span class='ocrx_word' id='word_1_318' title='bbox 118 4235 187 4286; x_wconf 86' lang='lat' dir='ltr'><strong>ditas</strong></span> <span class='ocrx_word' id='word_1_319' title='bbox 210 4234 322 4286; x_wconf 88' lang='lat' dir='ltr'><strong>uniones</strong></span> <span class='ocrx_word' id='word_1_320' title='bbox 347 4233 532 4296; x_wconf 83' lang='lat' dir='ltr'><strong>commendat,</strong></span> <span class='ocrx_word' id='word_1_321' title='bbox 564 4236 595 4284; x_wconf 92' lang='lat' dir='ltr'><strong>ut</strong></span> <span class='ocrx_word' id='word_1_322' title='bbox 618 4237 646 4284; x_wconf 86' lang='lat' dir='ltr'><strong>et</strong></span> <span class='ocrx_word' id='word_1_323' title='bbox 681 4231 739 4294; x_wconf 83' lang='lat' dir='ltr'><strong>illa,</strong></span> <span class='ocrx_word' id='word_1_324' title='bbox 761 4233 896 4284; x_wconf 87' lang='lat' dir='ltr'><strong>Ciceronis</strong></span> <span class='ocrx_word' id='word_1_325' title='bbox 907 4233 1007 4293; x_wconf 88' lang='lat' dir='ltr'><strong>amica,</strong></span> <span class='ocrx_word' id='word_1_326' title='bbox 1024 4229 1207 4295; x_wconf 85' lang='lat' dir='ltr'><strong>philosophiae</strong></span> 
     </span>
    </p>
   </div>
   <div class='ocr_carea' id='block_1_8' title="bbox 0 0 1488 4884">
    <p class='ocr_par' dir='ltr' id='par_1_13' title="bbox 0 0 1488 4884">
     <span class='ocr_line' id='line_1_42' title="bbox 0 0 1488 4884; baseline 0 0"><span class='ocrx_word' id='word_1_327' title='bbox 0 0 1488 4884; x_wconf 95' lang='lat' dir='ltr'><strong> </strong></span> 
     </span>
    </p>
   </div>
  </div>
 </body>
</html>
