2934 4884
722 368 907 419 salutarie.

467 633 819 696 mmmm
841 633 1154 698 mulo

560 792 815 858 EDlTlONlS
844 793 1057 860 Tubulus.

735 1003 883 1019 -ἣ

331 1162 511 1230 Divenditis
547 1161 696 1229 editionis
732 1162 896 1230 secundae
932 1161 1170 1250 exemplaribus
1202 1165 1357 1232 omnibus

266 1283 490 1376 redemptores
518 1282 735 1350 honestissimi
767 1283 897 1352 ineunte
919 1305 1003 1350 anno
1026 1283 1121 1352 huius
1144 1285 1247 1353 seculi
1270 1307 1357 1374 qua-

265 1405 449 1494 dragesimo
475 1414 590 1472 octavo
619 1403 661 1471 ab
693 1403 818 1471 editore
848 1405 1028 1472 clarissimo
1050 1406 1234 1492 petiverunt
1254 1417 1357 1495 atque

266 1526 358 1595 facile
381 1527 609 1615 impetrarunt,
633 1535 669 1592 ut
690 1525 957 1614 quamcitissime
971 1535 1102 1614 pararet
1116 1527 1250 1593 tertiam.
1271 1529 1359 1595 Nam

267 1649 326 1714 etsi
349 1649 398 1714 vir
419 1646 713 1714 desideratissimus
737 1647 801 1713 iam
823 1656 890 1714 tum
911 1667 953 1715 eo
968 1647 1081 1714 morbo
1096 1645 1272 1727 laborabat,
1296 1650 1358 1736 qui

266 1770 350 1836 vitae
373 1768 485 1835 litteris
507 1779 540 1835 et
561 1767 674 1835 amicis
690 1766 878 1834 utilissimae
901 1778 975 1856 post
991 1767 1165 1836 duodecim
1179 1769 1247 1836 lere
1261 1789 1359 1835 men-

267 1910 320 1956 ses
349 1889 447 1958 finem
475 1890 617 1957 lecturus
645 1898 730 1967 erat,
761 1899 871 1956 tamen
891 1899 998 1957 mente
1029 1901 1062 1956 et
1090 1890 1218 1978 ingenio
1248 1889 1360 1958 adhuc

267 2011 311 2078 ita
339 2010 483 2098 vigebat,
518 2021 553 2078 ut
579 2011 726 2098 corporis
755 2009 936 2078 infirmitate
958 2020 1126 2098 superata,
1159 2010 1248 2098 quod
1269 2011 1360 2078 vitae

269 2131 426 2209 restabat,
451 2131 583 2200 Horatio
601 2111 662 2198 suo
685 2131 873 2219 impendere
895 2141 1016 2220 posset.
1060 2133 1133 2212 Quo
1154 2132 1273 2199 lactum
1294 2143 1358 2210 est,

270 2263 306 2320 ut
326 2254 398 2340 ipse
419 2253 570 2320 volumen
591 2253 682 2340 prius
704 2262 828 2320 tantum
849 2274 914 2319 non
929 2252 1112 2321 absolveret
1133 2263 1166 2320 et
1187 2253 1259 2321 eius
1279 2253 1360 2322 lolia

269 2373 390 2462 aliquot
420 2373 517 2462 paulo
545 2384 619 2442 ante
648 2373 773 2441 obitum
803 2373 899 2442 etlam
927 2373 1015 2464 typis
1044 2394 1201 2462 expressa
1220 2372 1358 2441 videret.

270 2495 459 2562 Ceterorum
474 2504 582 2561 eutem
596 2493 875 2562 retractandorum
889 2515 930 2562 ex
950 2494 1052 2583 ipsius
1065 2493 1177 2562 Orellii
1192 2493 1359 2563 voluntate

269 2614 346 2680 mibi
369 2635 448 2682 cura
469 2614 677 2702 suscipienda
698 2624 782 2692 erat,
807 2637 906 2703 quem
928 2615 1168 2684 adolescentem
1189 2615 1231 2682 ad
1252 2616 1359 2683 bonas

268 2733 390 2802 litteras
403 2736 612 2815 excitaverat,
634 2737 785 2803 iuvenem
800 2737 952 2803 elvirum
966 2736 1054 2803 omni
1068 2737 1192 2804 ratione
1207 2737 1359 2803 firmave-

268 2865 318 2922 rat
340 2866 373 2923 et
397 2857 607 2934 sustinuerat,
635 2859 778 2924 omnium
801 2857 983 2925 studiorum
1004 2879 1139 2925 suorum
1163 2880 1225 2946 per
1247 2858 1359 2944 viginti

270 2997 371 3044 anuos
393 2978 532 3054 socium,
556 2997 748 3044 arcanorum
762 2981 906 3045 omnium
921 2980 1088 3046 conscium
1104 3000 1179 3047 esse
1200 2979 1357 3056 voluerat,
1387 2989 1391 2996 ‘

268 3099 388 3167 eodem
402 3098 557 3186 denique,
581 3098 660 3166 dum
682 3097 839 3186 spirabat,
862 3120 973 3167 amore
993 3099 1161 3189 amplexus
1182 3109 1266 3177 erat,
1289 3120 1359 3186 quo

270 3242 307 3286 se
329 3221 406 3286 mibi
428 3219 580 3287 dilectum
603 3241 678 3288 esse
700 3220 803 3308 probe
824 3220 956 3288 sciebat.
981 3223 1017 3287 lu
1038 3242 1104 3308 qua
1122 3242 1201 3289 cura
1225 3222 1358 3308 egregie

270 3362 323 3407 me
342 3342 463 3408 adiuvit
480 3343 576 3409 Hans.
593 3342 798 3420 Scuwsrznar,
815 3341 959 3429 collegae
975 3343 1243 3420 coniunctissimi,
1260 3362 1360 3409 accu-

271 3471 341 3526 rata
361 3461 541 3549 diligentia3
569 3463 763 3531 adiuverunt
788 3463 885 3531 etiam
905 3474 1037 3551 praeter
1058 3464 1139 3531 alios
1162 3465 1196 3532 C.
1221 3466 1359 3530 llnuurus

272 3601 365 3648 meus
389 3589 422 3647 et
444 3582 543 3648 laurus
568 3585 743 3662 Brennum,
780 3585 839 3650 viri
863 3584 1040 3652 doctissimi
1064 3596 1097 3653 et
1124 3585 1357 3664 humanissimi,

271 3702 463 3789 praesertim
484 3701 600 3768 libellis
615 3703 823 3774 scholasticis·
834 3706 876 3773 de
896 3707 1028 3774 Horatio
1042 3705 1094 3773 vel
1113 3706 1359 3772 subministran-

273 3822 323 3889 dis
337 3820 389 3890 vel
404 3823 437 3888 in
451 3844 531 3890 usus
546 3843 638 3890 meos
650 3827 872 3912 excerpendis.
895 3827 1076 3908 Quominus
1092 3837 1202 3894 autem
1214 3827 1248 3894 in
1262 3827 1359 3893 ador-

273 3944 379 4012 nanda
406 3943 467 4010 hac
494 3943 636 4010 editione
665 3946 773 4012 omnia
800 3958 1055 4033 praestarentur,
1088 3970 1173 4036 quae
1201 3949 1359 4036 praestari

273 4074 466 4152 etpoterant
486 4075 519 4131 et
539 4064 717 4145 debebant,
741 4067 879 4134 maxime
900 4068 1066 4157 impedivit
1078 4069 1176 4137 nimia
1198 4068 1250 4136 illa
1272 4068 1360 4136 lesti-

274 4185 375 4264 natio,
402 4207 500 4273 quam
522 4186 718 4276 bibliopolae
740 4186 881 4256 rationes
903 4210 923 4256 a
944 4190 1037 4258 nobis
1061 4189 1254 4279 flagitabant.
1298 4192 1359 4256 dc-
