2934 4884
665 366 794 416 Hortarii
812 366 979 416 Caudinum

498 524 666 609 Utcunque
688 530 808 587 mutata
832 530 979 607 potentes

539 644 634 708 Veste
657 642 773 708 domos
796 640 923 705 inimica
946 640 1073 727 linquis.

457 804 495 867 44
516 800 630 888 volgus
653 798 787 864 infidum
810 810 842 863 et
863 798 1016 863 meretrix
1038 809 1124 863 retro
1335 799 1386 863 25

457 923 591 987 Periura
613 921 714 992 cedit.
738 918 909 1005 diffugiunt
931 917 1021 983 cadis

499 1043 580 1106 Cum
602 1041 692 1106 faece
714 1040 843 1105 siccatis
866 1038 959 1104 amiel

542 1165 641 1227 Ferre
664 1162 775 1247 iugum
797 1160 917 1246 pariter
940 1158 1053 1223 dolosi.

357 1397 396 1445 43.
414 1396 523 1458 potentis
541 1396 569 1444 Β.
597 1422 622 1428 —
645 1393 685 1443 ri.
708 1394 811 1443 inimico
827 1394 910 1441 vertis.
933 1394 992 1441 4444
1014 1394 1101 1455 volpes
1122 1392 1239 1442 malebat
1256 1394 1343 1443 Bentl.

321 1611 362 1660 43.
378 1608 511 1671 limenque]
525 1607 559 1656 de
572 1610 702 1671 tempore,
717 1618 816 1669 aquan—
852 1604 914 1655 iilud
931 1606 1059 1668 temporis
1082 1608 1224 1669 punctum,
1252 1620 1307 1670 quo
1332 1622 1387 1656 rer

290 1685 447 1745 docunque,
467 1680 545 1731 simul
563 1694 628 1735 aem
648 1683 678 1728 ut
694 1692 757 1740 nos,
784 1694 815 1727 so
851 1678 894 1729 vel
919 1681 1047 1744 patronus
1069 1680 1095 1728 in
1118 1680 1253 1729 miseriam
1275 1681 1386 1741 incidit,

289 1761 346 1807 wia
362 1759 402 1805 du
413 1757 454 1817 je.
479 1757 592 1819 Dempta
609 1754 737 1815 imagine,
764 1754 815 1802 hoo
852 1754 942 1803 dolum
965 1753 1036 1803 voltu
1057 1756 1177 1815 tegentes
1195 1755 1219 1803 ei
1236 1754 1389 1805 adulantur

290 1833 365 1881 dicit:
403 1829 572 1879 «Miserrime
604 1828 700 1889 cuique
728 1826 815 1889 aliqua
852 1828 1022 1891 gaudentque
1057 1828 1205 1877 commodis
1234 1828 1386 1889 omnibuS,

290 1910 380 1955 tamen
401 1904 523 1953 remanet
544 1914 619 1966 spes3
647 1899 746 1963 aliquot
763 1899 816 1950 sal·
853 1918 922 1967 quae
940 1902 1065 1966 opulenta
1082 1901 1179 1951 domus
1191 1901 1287 1951 oderre
1300 1903 1388 1963 solet3

291 1983 346 2029 tem
358 1978 454 2028 sinceri
466 1977 544 2026 amici
554 1978 578 2025 ei
590 1976 672 2025 fidem
681 1977 814 2025 servant.»
852 1979 916 2025 tune
938 1990 1003 2025 vero
1027 1974 1094 2025 illico
1116 1974 1189 2025 illum
1207 1975 1339 2026 deserunt
1358 1980 1388 2027 in

291 2056 364 2104 Nova
392 2052 505 2114 imagine
534 2050 586 2099 hoo
614 2051 650 2099 ita
677 2049 814 2112 exprimit:
853 2050 1002 2100 calamitate
1014 2050 1115 2112 pariter
1128 2047 1167 2113 (ἐξ
1179 2046 1253 2110 ἴσον)
1268 2050 1388 2101 terenda

292 2128 437 2184 «Fortuna,
456 2138 525 2188 quae
543 2127 620 2173 antea
632 2137 762 2188 prospera
775 2122 817 2172 lu-
853 2123 1039 2174 fraudulenti.»

291 2202 363 2260 erat‚
387 2199 571 2269 Εἱμαρμένῃ,
596 2199 638 2247 cui
660 2198 702 2248 iiia
723 2199 816 2262 pareat
885 2198 1387 2263 4844444444444444444]04444444.

291 2287 404 2325 necesse
422 2275 476 2333 est,
500 2274 535 2321 ita
554 2270 673 2333 volente,
697 2273 814 2330 inimico,
854 2271 937 2322 aulul.
956 2274 986 2332 4,
1005 2272 1036 2331 4,
1055 2273 1099 2321 tt:
1119 2272 1160 2319 444
1178 2277 1258 2321 terum
1273 2276 1390 2323 coniun-

292 2347 479 2397 adrersaoum
492 2346 529 2405 444,
547 2347 724 2409 ipsaquoque
737 2358 817 2408 squa-
853 2353 906 2396 otus
922 2349 995 2407 rien,
1026 2347 1069 2394 Ubi
1088 2360 1150 2395 4444
1168 2360 1290 2407 nequeam
1312 2348 1390 2409 serre

291 2422 376 2471 iorem
399 2421 482 2470 sumit
503 2423 583 2483 atque
606 2434 658 2469 una
682 2432 745 2469 oum
767 2433 814 2479 eo,
849 2422 963 2483 puriter,
989 2420 1086 2469 iaceant
1109 2434 1154 2483 epo
1171 2420 1256 2469 444444
1271 2422 1299 2469 44
1316 2422 1386 2471 lato.

292 2496 337 2559 qui
356 2492 415 2544 exul
427 2494 562 2556 miserque
576 2493 660 2542 iactus
672 2496 721 2554 est,
742 2507 817 2557 egre·
853 2496 965 2545 Theoor.
986 2495 1031 2553 ta,
1051 2495 1098 2543 lt:
1115 2488 1266 2559 Ἀλλήλους
1278 2492 1302 2543 δ’
1315 2494 1391 2555 ἐφί-

292 2569 364 2618 ditur
380 2581 395 2617 e
413 2567 496 2617 domo
519 2566 582 2616 olim
596 2572 710 2629 potente;
738 2566 815 2618 simul
853 2568 946 2634 λησαν
959 2566 1012 2633 ’ἴσῳ
1023 2565 1106 2634 ζυγῷ.
1120 2566 1176 2616 Val.
1192 2570 1258 2618 ilar.
1272 2570 1296 2630 4,
1312 2571 1335 2629 4,
1353 2572 1386 2619 6:

292 2646 382 2692 tamen
390 2642 503 2691 comites
511 2639 545 2689 illi
554 2641 621 2690 deae
630 2642 743 2691 haerent
751 2644 817 2705 Spes
853 2646 879 2693 44
887 2644 948 2705 part
959 2644 1018 2705 iapo
1030 2642 1153 2691 caritatis.
1165 2643 1285 2707 Propert.
1299 2643 1323 2704 3,
1338 2646 1386 2699 25.

292 2720 320 2767 et
337 2716 438 2767 Fides.»
474 2717 537 2766 Post
553 2714 622 2765 exilii
639 2720 729 2766 autem
745 2716 816 2767 cala·
853 2721 880 2769 8:
900 2719 1018 2779 candia,
1105 2718 1138 2765 Tu
1164 2716 1223 2766 bene
1238 2720 1391 2770 conueniens

292 2792 412 2841 mitatem
428 2804 511 2839 onena
528 2792 648 2839 remanet
662 2792 724 2839 aula
735 2792 815 2853 regia,
854 2808 904 2842 non
920 2793 981 2841 sinis
994 2792 1032 2839 ire
1043 2792 1139 2853 lupum.
1161 2791 1236 2840 Ovid.
1256 2792 1332 2841 Trist.
1355 2796 1387 2853 5,

292 2869 322 2915 ut
338 2866 386 2914 0d.
399 2864 428 2925 4,
447 2864 492 2924 44,
512 2864 558 2925 36,
580 2863 622 2913 vel
640 2877 689 2927 pro
706 2864 817 2928 expulso
854 2869 885 2928 4,
904 2867 950 2916 39:
969 2867 1010 2915 llo
1026 2867 1158 2927 misnam,
1178 2866 1342 2930 quidnpom,
1364 2869 1389 2917 si

293 2941 373 2988 intrat
389 2938 467 2997 alius,
486 2938 512 2987 in
530 2941 637 3001 tempus
649 2937 756 3002 aliquod
769 2938 819 2989 sal·
852 2942 974 3004 44444444
999 2952 1111 3001 quaeqae
1135 2940 1300 3001 relinquunt?
1320 2943 1390 2991 Sub-

294 3014 350 3061 tem
367 3012 537 3071 fortunatior,
562 3014 700 3074 tyrannus.
721 3040 750 3047 -
768 3014 820 3062 Per
855 3016 935 3066 tratis
951 3017 1055 3077 effracto
1072 3020 1099 3063 44
1119 3026 1215 3075 qaoque
1232 3016 1296 3064 oollu
1313 3016 1386 3081 lupo.

294 3088 376 3135 totam
393 3084 463 3134 hanc
480 3086 607 3149 strophen
625 3100 678 3136 non
690 3088 747 3137 sine
760 3100 819 3137 ma·
859 3117 886 3125 -
897 3089 1029 3139 Adtotam
1042 3090 1200 3138 sententiam
1210 3089 1256 3138 cir.
1268 3092 1390 3140 Graeco-

294 3173 345 3222 gne
361 3160 417 3208 arte
431 3160 627 3224 permiscentur
637 3162 694 3210 sive
707 3162 820 3211 ooniun-
857 3176 920 3213 rum
942 3162 1130 3227 proverbium:
1161 3165 1204 3225 ζεῖ
1218 3158 1325 3233 χύτρα,
1352 3162 1388 3234 ζῇ

294 3234 394 3283 duntur
402 3234 601 3297 (significatione
614 3234 731 3285 Tulliana
740 3236 818 3285 Tuso.
857 3236 949 3300 φιλία.
969 3237 1043 3287 Pind.
1063 3238 1138 3286 Nem.
1157 3252 1182 3297 ι,
1200 3238 1247 3286 78:
1278 3234 1390 3307 παῦροι

296 3310 323 3368 4,
343 3308 393 3372 tr.)
413 3310 535 3359 notiones
557 3307 670 3359 dearum
688 3312 715 3358 et
732 3309 821 3360 homi·
858 3310 881 3361 d'
909 3312 939 3362 ἐν
964 3307 1044 3377 πόνῳ
1067 3312 1165 3361 πιστοὶ
1188 3306 1302 3381 βροτῶν
1325 3310 1390 3360 Κα-

295 3396 360 3433 num
376 3383 496 3447 ipsorum
513 3396 574 3432 eum
591 3382 704 3433 adversa
716 3383 821 3433 fortuna
857 3384 953 3454 μάτου
975 3381 1217 3451 μεταλαμβάνειν.
1243 3411 1271 3420 -
1298 3386 1389 3449 dolosi]

219 3469 221 3472 ·
295 3458 515 3517 conflictantium,
546 3458 725 3521 sperantium,
754 3456 822 3507 side-
860 3460 968 3511 adolose
986 3474 1016 3511 se
1034 3460 1223 3510 subtrahentes
1241 3460 1390 3523 iugopari-

294 3530 368 3581 lium.
387 3532 443 3581 Hoc
460 3533 532 3581 enim
551 3533 633 3595 ipsius
650 3535 747 3596 poetae
764 3532 822 3581 ani·
859 3540 901 3587 ter
918 3536 1058 3585 ferundo.»

295 3616 371 3653 mum
387 3605 468 3655 veluti
485 3604 598 3667 solatur,
622 3605 723 3655 homini
742 3606 822 3655 etiam
891 3610 931 3659 49.
957 3610 1109 3659 Sententiae
1132 3608 1168 3657 ita
1192 3610 1254 3659 sunt
1275 3609 1390 3659 coniun-

295 3675 405 3736 inielioi‚
425 3680 474 3728 etsi
489 3681 598 3729 omnino
615 3681 650 3729 sit
665 3692 726 3728 rara
744 3679 820 3740 fides,
860 3682 975 3747 pendae:
996 3684 1057 3745 «Tu,
1078 3684 1203 3743 Fortuna,
1223 3684 1299 3733 cuius
1311 3696 1388 3733 sum-

296 3747 454 3813 plerumque
473 3754 562 3803 tamen
576 3766 661 3802 unum
673 3750 822 3803 alterumve
860 3772 903 3807 ma
916 3759 957 3808 est
969 3769 1060 3807 rerum
1069 3758 1247 3807 humanarum
1257 3760 1387 3821 potestas,

296 3833 437 3872 remanere
455 3826 589 3877 sincerum
607 3827 733 3876 amioum.
860 3835 889 3881 ut
920 3830 984 3881 aiids
1014 3832 1142 3894 opprimis
1172 3834 1316 3893 tyrannos,
1353 3832 1388 3880 ita

329 3896 371 3944 26.
398 3898 469 3946 cadis
484 3926 499 3935 -
515 3927 530 3936 -
545 3901 651 3964 44444444]
670 3900 821 3950 nrcuiiocn.
860 3919 931 3955 nuno
949 3918 1042 3954 serves
1060 3906 1204 3955 Caesarem
1220 3906 1324 3968 imperii
1337 3906 1389 3955 ito-

297 3982 323 4033 p.
352 3967 408 4018 ios.
434 3971 536 4034 Bergk:
572 3972 679 4023 κοίλων
710 3970 823 4039 πώματ’
861 3980 932 4029 mani
948 3978 1182 4042 pacificatoremt»
1202 4004 1230 4014 ·-
1249 3979 1390 4029 4444444444

299 4032 409 4102 ἄφελκε
419 4040 523 4105 κάδων,
533 4040 626 4117 Ἀγρει
636 4046 659 4096 δ’
671 4044 752 4098 olvov
764 4048 826 4121 a‘pv-
862 4052 933 4101 Orbis
958 4052 1104 4116 Britannos]
1133 4052 1180 4101 Od.
1208 4050 1237 4111 4,
1270 4052 1316 4113 44,
1346 4052 1386 4101 ii.

300 4112 373 4186 dpdv
394 4111 454 4168 ἀπὸ
475 4117 586 4189 τρυγός.
623 4121 709 4172 «Falsi
736 4125 823 4185 amini,
862 4125 943 4175 iidem
967 4126 1056 4176 retroit
1080 4124 1255 4189 appellantur.
1292 4122 1384 4175 Catuli.

299 4194 406 4253 parasiti
419 4195 446 4242 et
457 4194 581 4241 meretrix
593 4208 679 4257 usque
690 4197 724 4245 ad
737 4200 824 4260 ipsum
864 4200 908 4254 44,
935 4202 977 4248 ll:
1006 4200 1129 4248 Gallicam
1153 4200 1262 4249 44444444
1279 4198 1387 4247 4444444-
