2934 4884
475 355 533 404 tiu.
553 353 583 404 ll.
620 355 649 404 C.
669 354 732 404 xvi.

251 509 351 575 Ocior
372 508 479 574 cervis
502 518 535 574 et
556 518 670 594 agente
693 508 822 578 nimbos

334 630 435 698 Ocior
457 629 552 694 Euro.

248 789 365 854 Laetus
382 787 413 852 in
430 807 587 875 praesens
604 786 729 854 animus
744 786 834 872 quod
850 786 932 853 ultra
947 797 997 854 est
1125 789 1166 852 25

249 909 364 976 Oderit
385 928 500 974 aurare
522 919 556 974 et
577 928 687 974 amara
708 906 795 974 lento

248 1031 418 1116 Temperet
441 1030 530 1107 risu;
554 1027 632 1095 nihil
654 1039 705 1096 eat
726 1027 767 1094 ab
790 1029 877 1094 omni

146 1257 185 1306 26.
204 1256 271 1305 laeto
289 1256 321 1304 ct
345 1255 445 1315 (ababa
463 1253 547 1304 codd.
567 1255 672 1304 nostros
689 1257 716 1304 et
732 1255 799 1304 Pett.
818 1254 938 1315 omnes),
957 1254 1006 1304 leat
1022 1253 1131 1305 Bentleii

115 1331 235 1393 suspicio.
274 1331 414 1378 Praeterea
432 1327 504 1378 idem
523 1327 675 1378 dubitanter
691 1327 833 1391 proponit:
851 1327 933 1377 aneae
943 1355 957 1365 -
968 1355 983 1366 ·
994 1329 1081 1380 Oderit
1091 1356 1105 1366 ·
1117 1356 1132 1365 -

116 1404 246 1465 Tarpei-as.

79 1599 168 1648 mindi.
188 1599 217 1658 9,
238 1596 300 1648 loti:
322 1597 602 1658 οιιιιιιιιοιιιίιοιιοαο-
639 1597 689 1660 ipsi
705 1608 828 1646 amarum
840 1597 988 1660 (ingratum)
1000 1598 1087 1661 primo
1098 1611 1164 1648 eon·

79 1686 184 1734 musque.
221 1673 321 1720 Lucan.
340 1671 370 1730 8,
388 1670 449 1720 334:
468 1673 603 1734 transmit
639 1673 735 1734 spectu
756 1671 891 1732 videatur,
917 1672 944 1722 id
967 1675 1058 1722 tamen
1083 1671 1165 1724 veluti

78 1746 376 1796 murdiPetroul’rb:
389 1745 603 1796 &contonando
639 1744 782 1796 subridens
805 1746 935 1809 despiciat
956 1760 1072 1811 moxque
1094 1747 1164 1798 obii·

78 1819 385 1882 hierus‚Graecomodo;
398 1818 599 1883 Euripllippol.
639 1820 805 1869 viscatur-‚rt
818 1849 846 1858 -
868 1823 936 1883 prod
953 1823 1025 1870 ultro
1046 1822 1090 1886 est]
1113 1817 1164 1872 «rai

80 1895 133 1943 ast:
152 1889 414 1958 ἔκδημος-χθονός.
433 1895 544 1944 Theocr.
557 1893 599 1954 bl,
638 1886 752 1964 πόρῥω,
773 1894 888 1956 futuro.»
908 1922 935 1930 -
958 1896 1051 1959 Oderit]
1074 1897 1162 1958 odires,

80 1969 131 2016 tra:
151 1963 387 2037 φυγὰςἌργεος.
636 1968 724 2032 supere
740 1968 811 2032 apud
828 1971 922 2032 poetas
938 1981 988 2032 pro
1002 1969 1112 2020 molle».
1134 1998 1162 2006 -

107 2045 144 2092 at.
164 2039 394 2107 Scaudio-Cura]
409 2042 457 2092 0d.
471 2041 496 2101 3,
511 2041 599 2102 i‚l0:
636 2042 709 2106 lento]
722 2044 842 2106 «quieto,
855 2043 1010 2092 moderato»
1020 2044 1162 2108 (palaream

75 2116 126 2164 Part
135 2119 247 2178 aquitan
256 2118 323 2166 sedet
333 2117 481 2166 arraona.
494 2117 598 2165 Lucret.
637 2128 701 2166 nam
723 2118 793 2166 maus
815 2118 857 2165 est
877 2118 957 2166 etiam
974 2117 1161 2178 contumeliae,

76 2191 101 2243 Ξ.
114 2191 159 2242 ld:
174 2193 414 2250 aeaeaqmmma
424 2191 602 2240 hominmncu-
638 2192 679 2240 est
689 2189 824 2239 interdum
836 2189 1042 2253 desperationis,
1060 2191 1163 2241 violen-

76 2278 166 2325 ωορκ
183 2278 303 2327 aequam
319 2265 370 2314 Nec
386 2264 602 2314 mmuntsonitus
637 2267 689 2314 tus.
707 2264 750 2312 Sic
761 2263 833 2326 apud
844 2265 899 2313 Cia.
913 2262 947 2312 de
960 2264 1003 2313 Or.
1017 2266 1042 2324 ξ,
1061 2264 1085 2327 g.
1103 2265 1160 2314 490,

76 2352 206 2388 maranen
223 2352 270 2388 uec
290 2339 348 2400 {era
364 2339 414 2387 tela
428 2338 601 2399 Audacteraue
636 2339 691 2386 tras
713 2337 859 2400 opponitur
879 2337 977 2398 aliquid
998 2337 1062 2387 lento
1084 2338 1160 2400 (mo.

74 2413 137 2461 ister
157 2425 231 2476 repes
250 2424 386 2471 amatque
402 2413 513 2473 pomosa
537 2412 602 2460 Vor-
636 2411 706 2473 virg.
728 2410 780 2460 Ecl.
800 2412 828 2471 t,
847 2410 877 2461 l:
900 2411 949 2471 Tu,
969 2411 1063 2472 uitare,
1082 2413 1163 2462 ιοιιιιιο

72 2492 161 2535 santur
177 2499 259 2546 asarta
274 2486 397 2548 sulporom
411 2489 558 2535 revereatur
568 2483 600 2534 ab
636 2485 662 2532 ta
673 2484 765 2534 oarbra
777 2487 841 2546 eat„
859 2484 905 2534 ubi
916 2486 1048 2548 Wagner:
1068 2487 1163 2536 «butus

73 2575 136 2609 auro
157 2562 211 2610 Noe
233 2561 333 2609 clanim
352 2560 425 2608 vestis
446 2559 600 2620 splendorem
637 2561 678 2608 est
705 2557 875 2622 tranquillus,
904 2573 958 2610 uon
983 2563 1161 2612 commotus.»

68 2639 222 2696 purpuram.
253 2660 281 2669 —
306 2633 410 2697 mura]
437 2632 597 2692 «morbosa,
637 2633 688 2694 (lbi
717 2645 825 2696 quoque
856 2633 940 2684 Codd.
971 2632 1032 2697 aliq.
1061 2635 1162 2698 taetus)

72 2723 104 2758 οι
131 2709 230 2758 mentis
255 2707 317 2756 vitio
344 2709 432 2758 orta.»
460 2733 487 2742 -
514 2705 598 2769 awos]
637 2705 743 2756 Consul.
766 2706 800 2756 ad
822 2706 876 2756 biv.
897 2709 962 2770 hug.
982 2709 1043 2757 279:
1074 2709 1162 2759 Cornei-

72 2785 268 2846 Excerptorum
293 2780 367 2832 Bodl.
391 2793 487 2843 propper
510 2783 599 2830 ortum
635 2784 701 2828 stam
712 2781 1163 2845 luettaqaeooattsleaturquewioicb·

71 2860 114 2906 est
131 2854 174 2905 vel
192 2869 225 2904 ex
244 2854 355 2905 fortuitis
369 2853 418 2906 illis
429 2853 599 2904 librariorum
635 2853 728 2916 pttltio,
745 2854 897 2918 indifferent)
912 2855 998 2905 uidebo
1014 2857 1105 2907 διναιο
1113 2870 1162 2919 por

70 2928 301 2988 mentitionibus,
321 2929 418 2992 quibus
434 2929 599 2990 homonyma
636 2927 768 2976 obscoenas
790 2942 901 2989 corpora
923 2931 994 2979 auda
1016 2932 1080 2980 aios.
1118 2932 1161 2981 Sia

69 3005 121 3054 alia
140 3003 199 3054 aliis
216 3002 392 3062 substituunt,
414 3001 458 3052 vel
480 3016 513 3052 ex
529 3015 598 3052 vano
636 3002 716 3052 etiam
739 3001 864 3053 Martialis
886 3004 916 3062 ἱ,
935 3002 979 3063 lb,
998 3005 1027 3052 7:
1053 3005 1089 3054 Tu
1102 3019 1161 3067 sps-

70 3079 222 3142 elegautiae
240 3076 337 3126 studio.
635 3081 689 3124 etat
709 3075 814 3124 bimam
834 3077 952 3126 meoiaett
973 3078 1053 3126 ιιιιιιιι
1074 3079 1158 3129 miei.

106 3154 147 3202 ᾗ.
158 3151 200 3200 23.
210 3151 600 3215 tumorequitquproprieae-
636 3149 686 3208 Qui
703 3161 757 3198 non
774 3146 968 3210 intelligebant,
995 3152 1161 3214 seripserunt

68 3225 228 3290 cipiendurn
249 3225 283 3275 de
304 3224 438 3288 equitibus
455 3225 482 3274 iu
498 3223 599 3274 bellum
635 3223 710 3283 hato,
728 3221 802 3284 quod
818 3220 983 3272 intolerabile
1001 3226 1043 3274 est
1061 3227 1158 3287 postu.

67 3298 317 3367 proficiscentibus;
336 3299 385 3349 hos
403 3297 527 3362 angitvel
539 3311 600 3348 sua-
634 3299 732 3346 Luem.
751 3294 861 3346 Bentleii
876 3296 927 3345 teat
941 3298 1003 3359 apta
1021 3300 1063 3347 est
1077 3298 1161 3347 iuter—

67 3371 598 3437 rumdesideriumvelpraedaaeupido
635 3370 763 3434 prelatio,
789 3382 843 3419 non
860 3369 1021 3419 emendatio.
1053 3370 1158 3421 Antinoi.

67 3449 113 3499 rel
130 3449 227 3498 mortis
245 3448 331 3498 timor.
352 3473 379 3482 -
398 3446 494 3511 oasam]
518 3459 598 3511 «prae
635 3442 689 3494 Pal.
713 3445 732 3494 1.
752 3457 780 3507 p.
798 3442 862 3493 349:
887 3437 916 3492 Ὁ
941 3438 994 3492 τὸν
1019 3441 1161 3494 πολυστέ-

66 3520 263 3586 sepelienta.»
635 3531 742 3567 νακιον
775 3511 935 3586 ἀνθρώπων
961 3515 1029 3577 βίον
1055 3515 1162 3568 Γέλωτι

102 3599 145 3646 25.
161 3595 202 3644 26.
220 3595 311 3644 boetus
327 3594 354 3643 iu
366 3595 494 3658 praesens]
510 3594 599 3644 Mirari
634 3588 762 3662 κεράσας
783 3586 908 3653 Νικαεὺς
925 3588 1076 3642 Φιλιστίων
1097 3590 1159 3642 κτλ.

64 3670 194 3736 proiecto
216 3667 300 3727 subit,
328 3668 464 3730 quomodo
489 3669 549 3731 quis
571 3668 598 3716 in
667 3667 709 3716 Ἠ.
727 3665 790 3715 avril
805 3664 849 3729 est]
870 3667 897 3716 in
917 3665 1000 3716 rebus
1020 3667 1158 3726 humauim

63 3747 109 3796 his
120 3757 169 3794 vv.
183 3741 295 3792 haerere
307 3743 430 3806 potuerit.
446 3742 513 3802 Quid
526 3743 598 3792 anim
635 3740 708 3790 idem
730 3740 764 3790 de
781 3739 890 3803 siugulis
912 3740 1070 3794 mortalibus
1087 3741 1161 3792 affir-

62 3819 138 3871 aiiud
166 3816 230 3866 dicit
250 3818 299 3867 nisi
321 3817 388 3866 hoe:
417 3817 548 3880 «Sapiens
565 3830 598 3866 eo
635 3817 692 3864 mat
723 3814 898 3876 Bacchylides
932 3817 972 3866 Fr.
1000 3817 1024 3866 t.
1048 3817 1157 3879 Bergk:

61 3891 207 3960 pervenit,
233 3893 261 3939 ut
278 3893 304 3940 in
322 3891 456 3954 praesenti
478 3893 597 3953 tempore
628 3882 755 3950 Ὄλβιος,
785 3879 866 3954 ᾧτινι
893 3884 964 3951 θεὸς
991 3885 1099 3958 μοῖράν
1128 3902 1160 3938 τι

60 3975 87 4020 et
100 3965 264 4032 quotidiana
275 3965 345 4014 vitae
357 3964 514 4014 condicione
527 3977 599 4014 com·
636 3959 732 4012 καλῶν
767 3956 821 4010 ἔνο
903 3959 962 4012 Σύν
989 3961 1011 4011 τ’
1037 3957 1159 4026 tamdia

59 4043 162 4110 parata
189 4037 345 4101 tranquillus
362 4039 397 4088 sit
413 4040 492 4101 atque
516 4039 598 4088 etiam
634 4033 709 4102 τύχᾳ
725 4029 802 4097 ἀφνε
863 4033 966 4096 βιοτὰν
982 4031 1099 4101 διάγειν·
1117 4029 1158 4085 Ori

58 4117 159 4169 auaris
174 4112 292 4162 futurum
304 4113 413 4162 minima
427 4115 517 4172 aurat,
536 4113 597 4175 quia
634 4107 689 4180 γάρ
705 4124 749 4172 τις
766 4110 939 4171 ἐπιχθονίων
956 4105 1051 4160 πάντα
1066 4112 1091 4175 γ
1109 4104 1159 4161 οὐ·

58 4199 183 4257 prorsus
199 4187 332 4236 incertum
355 4187 409 4245 est,
437 4189 464 4236 et
487 4187 509 4236 si
533 4184 598 4247 quid
633 4180 828 4248 deipartricem
