2934 4884
486 935 822 999 mn

281 1114 431 1202 Septimi,
455 1114 562 1180 Gades
585 1112 710 1179 aditure
733 1123 915 1179 manumet

282 1233 477 1300 Cantabrum
499 1234 663 1299 indoctum
686 1234 760 1319 iuga
783 1232 866 1298 serre
889 1242 998 1297 nostra
1019 1243 1052 1299 et

175 1450 217 1499 Vl.
242 1450 326 1499 lnam.
344 1448 412 1512 volg.
436 1451 474 1499 Ad
489 1449 648 1511 spanum,
672 1452 700 1498 ot
716 1450 755 1500 sic
775 1450 821 1499 BS.
842 1476 869 1485 -
887 1449 925 1501 Ad
942 1449 1078 1510 Septimum
1092 1462 1164 1509 pros-

143 1525 252 1584 peretico
268 1521 516 1593 (προσφωνητική)
534 1524 666 1573 ῑοεναεοὶοε
680 1526 709 1573 Τ.
733 1525 851 1585 septimio
871 1522 914 1573 bc.
936 1550 963 1560 -
984 1526 1007 1571 l.
1026 1524 1099 1586 podis
1115 1524 1143 1572 Β.

147 1717 186 1765 Vl.
205 1719 364 1780 Septimius,
389 1732 473 1782 eques
490 1720 635 1778 Romanus,
675 1721 809 1769 extremas
826 1732 858 1769 ac
876 1718 917 1769 vel
936 1720 1050 1771 maxime
1068 1719 1137 1769 ieras
1156 1732 1199 1768 re-

116 1789 184 1841 idem
200 1791 317 1851 videtur,
335 1792 370 1841 de
388 1806 442 1855 quo
458 1794 593 1854 Augustus
609 1793 635 1841 in
675 1794 767 1856 giones
780 1796 807 1843 tu
818 1806 862 1843 me
878 1794 1055 1853 comitaboro;
1075 1798 1146 1844 tanta
1159 1798 1200 1843 est

115 1865 227 1927 Epistola
249 1865 284 1915 ud
308 1867 446 1916 Horatium
468 1866 539 1930 apud
563 1868 634 1915 Suet.
675 1870 720 1916 tua
737 1868 763 1916 in
781 1880 825 1916 me
844 1868 984 1917 amicitia.»
1025 1868 1199 1919 proverbium

116 1938 162 1987 VH.
187 1941 252 1989 Hor.
277 1940 326 1989 Ed.
351 1939 429 1989 WoH
455 1943 479 1989 2.
503 1954 563 2005 pag.
588 1941 634 1991 ln:
675 1944 745 1990 erut:
776 1937 809 1989 ro
839 1940 969 1991 ἐπέκεινα
998 1939 1139 2012 Γαδείρων
1164 1936 1199 1991 οὗ

116 2012 158 2061 lui
172 2015 275 2075 qualem
290 2014 395 2063 nonaum
410 2018 572 2076 meritoriam,
587 2029 637 2076 po·
675 2018 822 2085 περατέον.
843 2017 951 2077 Gregor.
965 2017 1026 2064 Naz.
1041 2018 1084 2065 Or.
1099 2016 1139 2075 ta,
1158 2015 1198 2065 ii.

114 2089 170 2135 teris
187 2088 359 2149 mSeptimio
374 2102 473 2148 quoque
488 2094 573 2137 nostro
587 2104 637 2138 ou·
673 2087 707 2139 τὸ
733 2090 804 2158 πέρα
834 2086 975 2157 Γαδείρων
1001 2083 1036 2139 οὐ
1068 2086 1199 2159 περατόν.

114 2162 173 2210 diro.
208 2162 288 2221 Quod
308 2161 426 2211 nonnulli
443 2164 468 2212 ei
490 2163 536 2211 Titi
556 2177 637 2227 prae·
674 2165 812 2213 Chorieius
839 2164 899 2213 Haii
921 2163 1007 2226 spicil.
1033 2164 1064 2211 V.
1083 2178 1109 2226 p.
1130 2163 1198 2224 tau,

115 2247 209 2285 nomen
227 2235 302 2294 daut,
320 2250 412 2285 merus
424 2238 467 2285 est
482 2250 558 2286 error
574 2237 635 2286 inde
673 2238 786 2287 ductum
803 2250 835 2285 er
854 2236 927 2287 Pind,
942 2238 1017 2285 Nam.
1035 2235 1063 2295 l,
1086 2238 1129 2285 69:
1150 2236 1203 2285 Γα-

114 2311 198 2367 ortus.
218 2310 293 2372 quod
309 2308 397 2359 Sobol.
417 2311 498 2374 Cruq.
518 2310 552 2359 ad
568 2312 633 2375 Epp.
674 2310 775 2382 datpoo
800 2306 833 2359 τὸ
856 2305 927 2380 πρὸς
949 2306 1041 2373 ζόφον
1059 2302 1093 2359 οὗ
1112 2326 1200 2381 ,τερα-

116 2383 142 2441 t,
166 2383 194 2443 3,
222 2384 247 2432 9.
279 2384 371 2433 Titium
394 2383 430 2433 ihi
456 2388 635 2435 memoratum
674 2383 734 2436 νόν.
754 2386 859 2435 Dictum
871 2398 935 2435 saue
945 2387 987 2433 est
998 2383 1095 2433 eodem
1108 2386 1197 2435 modo.

115 2456 202 2506 Titium
219 2458 369 2519 Septimium
379 2457 445 2507 falso
455 2462 542 2508 vocat.
569 2459 635 2509 Vide
675 2475 728 2525 quo
743 2462 861 2523 Propert.
879 2459 903 2519 l,
917 2458 941 2519 6,
955 2458 983 2507 3:
1005 2458 1079 2516 little,
1097 2486 1124 2493 —
1138 2460 1199 2509 Cion

114 2531 146 2579 ad
166 2531 183 2581 l.
201 2530 219 2581 Ι.
255 2530 335 2590 Quod
359 2534 450 2581 autern
474 2532 635 2583 Scholiastao
674 2548 724 2595 quo
732 2533 952 2595 Htripaoospossim
960 2533 1122 2582 concordare
1131 2547 1201 2582 mou·

114 2618 174 2655 aum
185 2606 286 2655 Horatii
305 2604 515 2656 commilitonem
529 2613 636 2668 vocant,
674 2615 723 2667 tos;
756 2622 806 2657 nec
839 2620 902 2656 vero
937 2620 999 2656 curn
1037 2607 1202 2659 Sobolasticis

114 2681 234 2741 precario
254 2681 369 2744 potitum
389 2680 495 2729 videtur
512 2694 545 2729 ex
562 2695 587 2729 v.
606 2682 636 2729 8:
675 2680 808 2732 nonnullis
826 2682 896 2732 serio
908 2681 1094 2744 accipiundum
1107 2681 1140 2732 do
1153 2698 1202 2732 no-

113 2754 273 2816 Hititioeqoo.
319 2755 377 2803 Hoc
405 2768 470 2803 vero
496 2768 529 2803 er
553 2756 639 2803 Sono—
675 2758 731 2807 scio
749 2768 802 2819 quo
821 2756 919 2805 Horatii
937 2756 1094 2818 etSeptimii
1107 2756 1202 2821 despe-

114 2826 247 2879 liastarom
259 2829 413 2878 testimonio
423 2828 570 2878 admodum
578 2842 640 2893 pro-
675 2835 732 2881 rato
760 2834 839 2894 atque
865 2831 958 2879 insano
981 2828 1091 2879 consilio
1115 2831 1202 2881 Gades

114 2901 210 2965 babile,
229 2903 378 2965 Septiurium
395 2903 462 2965 Epp.
476 2904 504 2962 i,
523 2902 546 2950 9.
566 2902 639 2952 houd
675 2904 862 2970 proficiscendi
879 2902 921 2953 vel
940 2904 1020 2953 etiam
1037 2904 1108 2968 apud
1129 2904 1203 2954 indo·

113 2977 250 3028 diversum
275 2990 337 3028 esso
360 2976 394 3026 ab
418 2976 496 3026 huius
513 2978 638 3027 carminis
675 2980 754 3029 mitos
788 2976 935 3028 Cantabros
966 2976 1096 3039 retugium
1121 2991 1204 3040 quae-

112 3052 239 3113 Septimio.
276 3052 314 3101 Ex
336 3051 472 3101 mentione
490 3051 640 3101 Cantabro-
676 3053 761 3103 rendi.

113 3139 170 3175 rnur
186 3126 307 3191 (Boskonj
330 3124 450 3175 nondum
472 3124 639 3175 devictorum
708 3128 733 3176 2.
754 3125 887 3187 Cantabri,
907 3125 1004 3188 quihus
1023 3126 1131 3177 Romani
1149 3129 1202 3178 ianr

114 3200 211 3250 Franke
229 3204 258 3251 et
275 3199 381 3249 Lir'blrer
398 3198 562 3261 collegerunt
578 3213 640 3249 oar·
676 3215 701 3251 a.
720 3214 747 3249 u.
772 3202 828 3249 725.
854 3198 954 3249 bellum
978 3200 1131 3262 intulerunt,
1159 3216 1203 3250 re-

114 3286 173 3324 men
190 3276 325 3338 scripturn
342 3286 403 3323 osso
415 3288 439 3323 a.
453 3273 556 3324 728vel
568 3274 637 3334 729„
676 3273 761 3325 helles
779 3274 852 3333 iacti,
872 3271 906 3321 ab
924 3274 1042 3335 Augusto
1061 3287 1084 3322 a.
1099 3276 1155 3324 729.
1176 3278 1203 3324 et

113 3360 199 3411 nequo
226 3362 293 3398 vero
318 3347 422 3407 obstat,
451 3348 526 3410 quod
550 3346 639 3396 Sabini
676 3351 774 3399 inrum
792 3362 815 3397 a.
834 3346 890 3396 730.
914 3347 991 3407 victi,
1018 3348 1044 3396 in
1069 3346 1123 3396 fide
1149 3362 1203 3398 non

113 3424 165 3484 sui,
193 3437 209 3472 a
233 3424 389 3473 Haooenate
414 3435 438 3471 a.
463 3421 520 3470 723.
539 3421 637 3483 donati,
677 3420 1204 3487 permanserant,sodportinoreorumin

113 3495 210 3547 unllam
230 3497 277 3545 hio
297 3497 461 3546 mentionem
479 3495 549 3545 iacit,
585 3495 637 3545 Cir.
676 3496 985 3559 rebellandofuitonimra.
999 3492 1100 3556 Fiunt,
1113 3495 1201 3555 inlr.

112 3569 144 3618 ad
169 3585 196 3620 v.
224 3573 249 3621 5.
286 3569 345 3619 Noli
372 3571 451 3632 igitur
476 3569 578 3619 referre
605 3570 640 3620 ad
677 3572 779 3621 Devicti
798 3570 907 3619 demum
926 3570 988 3619 sunt
1004 3582 1019 3618 a
1037 3569 1071 3619 H.
1088 3570 1203 3633 Agrippa

111 3643 263 3694 alterni
282 3645 356 3704 720„
379 3645 416 3693 uti
433 3644 555 3695 iecerunt
570 3657 640 3694 nou·
677 3659 701 3695 a.
731 3646 805 3703 735.;
836 3645 914 3708 igitur
946 3646 1033 3709 iopam
1063 3645 1203 3695 Romanum

112 3718 186 3777 nnlli;
207 3720 259 3768 etsi
277 3718 363 3768 tataor
380 3719 476 3769 miram
494 3719 641 3769 mihisem-
677 3721 747 3770 torro
765 3719 884 3769 nondum
896 3719 1056 3779 didicerant,
1076 3732 1138 3769 cum
1151 3720 1202 3769 hoo

112 3804 160 3854 per
183 3794 273 3842 visam
294 3806 355 3843 esso
378 3806 404 3841 v.
423 3794 447 3842 8.
465 3794 570 3843 mititioo
595 3807 640 3842 re·
676 3808 785 3845 carmen
794 3794 946 3858 composuit
956 3796 1044 3858 po‘ala.
1058 3794 1111 3844 Cir.
1123 3794 1201 3843 etiam

112 3867 298 3917 cordatiouem
319 3867 373 3916 XV.
393 3866 449 3916 iere
470 3868 546 3916 anuis
567 3870 641 3930 post-
676 3869 724 3917 Od.
737 3869 766 3928 3,
784 3870 813 3929 8,
827 3870 873 3918 22:
893 3868 1203 3918 Contobarsoroctomttos

110 3954 193 4002 quam
230 3954 305 3990 arma
343 3940 428 3990 semel
467 3941 637 4004 deposuerat.
676 3948 774 3991 caeno.
805 3942 852 3992 0d.
876 3941 904 4003 i,
932 3942 975 4001 tl,
1003 3941 1048 3991 tt:
1079 3940 1204 3990 Cantaber

12 4065 13 4068 ,
112 4014 299 4074 (Difficultates
316 4014 395 4064 liuius
411 4016 537 4065 carminis
555 4027 640 4077 expo·
675 4030 727 4066 oon
743 4022 801 4065 aute
822 4016 960 4065 domabilis.
996 4015 1085 4063 lustin.
1105 4012 1150 4075 tl,
1169 4016 1198 4063 ὅτ

110 4090 162 4138 suit
178 4090 257 4139 Estrt
276 4089 340 4137 Hor.
359 4089 401 4137 Pr.
421 4103 447 4153 p.
466 4089 534 4151 483.)
676 4093 727 4140 Nec
738 4090 962 4153 priorpordomtto
969 4088 1104 4149 prouincia
1114 4088 1201 4151 inpuro

144 4166 166 4208 t.
186 4162 280 4226 Gades]
304 4162 358 4212 Cir.
377 4162 424 4212 0d.
444 4164 473 4222 ἰ,
491 4166 522 4224 2,
549 4165 588 4213 lt.
610 4192 637 4201 —
675 4166 783 4227 Hispani
810 4165 922 4225 accipere
947 4166 1097 4223 potnerunt,
1124 4176 1200 4223 quom

12 4281 13 4320 4
111 4235 225 4297 oditur-o]
244 4237 291 4285 «si
307 4249 376 4300 opus
393 4236 484 4297 tuerit,
507 4238 588 4287 etiam
605 4237 639 4286 ad
677 4241 771 4288 Coerai·
787 4240 912 4299 Appositis
928 4235 1069 4295 perdomito
1086 4236 1145 4286 orbe
1161 4239 1202 4285 ri-

198 4325 293 4371 Honar,
311 4337 367 4371 von.
384 4329 401 4372 l.
433 4341 472 4374 nn.
490 4341 567 4375 aaron
584 4328 620 4375 ΙΙΙ,
975 4330 1000 4375 ld
