2934 4884
494 339 596 390 tinas.
631 340 729 392 cliiii.
749 341 778 390 V.

513 819 750 884 (tm
775 822 829 884 V·

296 972 348 1047 44,
374 991 394 1036 o
416 969 553 1038 deorum
573 971 734 1060 quidquid
757 974 787 1038 in
810 973 902 1042 caclo
925 978 1007 1063 regit

190 1150 222 1198 V.
240 1151 323 1200 inser.
351 1147 418 1212 rolg.
444 1151 474 1199 14
499 1150 632 1200 Canidiam
646 1155 790 1216 4044440044,
811 1179 840 1189 -
868 1155 977 1204 mmm
991 1161 1180 1218 praetentatus

157 1225 282 1287 4404044444
303 1225 398 1273 inducit
421 1239 440 1274 o
460 1225 568 1275 Canidia
584 1239 633 1288 quo
649 1232 738 1276 404040
753 1227 832 1290 Alphe
850 1227 905 1291 (sic)
927 1229 993 1279 Varo
1010 1231 1083 1280 daret
1095 1233 1180 1294 potio-

156 1311 215 1346 44044
236 1299 453 1348 4044444044444
477 1297 504 1349 h.
532 1325 562 1335 -
591 1301 789 1350 1444404ίά4044.
824 1303 1088 1354 Ρ404444--400040
1111 1306 1179 1356 ,44040

157 1372 223 1434 (sim
250 1371 308 1436 lege
331 1372 394 1435 ,4440
410 1385 444 1422 er
460 1372 577 1423 oberlinl
593 1375 621 1437 Β)
643 1376 709 1424 Vero
725 1375 799 1425 daret
810 1377 938 1437 potionem
954 1391 977 1428 c.
1006 1404 1036 1414 -
1066 1381 1090 1428 4.
1109 1381 1181 1441 poid-

155 1445 344 1509 quidne-epis
364 1444 415 1506 hd,
439 1461 493 1511 γκ,
519 1459 560 1511 pr.
585 1445 636 1508 βν,
664 1447 755 1514 plures
779 1451 911 1511 Poltieril,
942 1454 1181 1517 04440444--44344

155 1519 301 1570 Diomedes
316 1533 344 1584 p.
362 1516 420 1572 aaa.
439 1523 485 1583 i’.¹
505 1523 654 1573 Priscianus
671 1537 698 1587 p.
712 1523 785 1574 titt.
800 1525 844 1586 1³.‚
862 1523 953 1577 Aldus.
974 1527 1091 1590 (lituos,
1110 1527 1177 1588 BSc,

155 1591 287 1643 Blandinii
303 1607 414 1656 omnes,
433 1596 549 1645 Pottierii
565 1597 690 1659 septem.)

153 1741 185 1790 V.
205 1743 290 1791 scena
308 1742 375 1792 haec
386 1745 440 1794 est:
459 1744 579 1794 immane
590 1756 650 1795 soe-
685 1746 729 1795 cat
745 1747 905 1811 Porphyrim
925 1747 974 1798 sed
990 1747 1099 1800 obstare
1116 1750 1211 1802 riden-

120 1813 162 1866 lus
178 1817 332 1879 patreturac
343 1828 423 1879 sagae
440 1830 555 1880 puerum
572 1819 648 1881 inge·
685 1823 728 1870 tur
741 1833 767 1870 4.
781 1822 822 1871 58.
841 1823 993 1874 Suburanae
1008 1839 1091 1875 00404.
1107 1849 1136 1862 -
1161 1827 1212 1877 Ce-

119 1902 220 1950 nuum‚
239 1902 321 1952 quem
336 1888 378 1940 vel
395 1889 528 1942 blanditiis
540 1905 555 1941 4
566 1892 647 1942 domo
684 1897 772 1944 terum
792 1897 901 1959 praeter
917 1898 1048 1948 Theocriti
1066 1903 1093 1948 et
1112 1898 1210 1962 Virgilii

117 1966 233 2026 paterna
259 1963 421 2014 seduxerant
446 1963 488 2015 vel
513 1966 541 2016 44
565 1979 646 2031 rapu·
683 1971 920 2039 φαρμιικευτρίας
937 1972 983 2022 044.
1003 1973 1084 2022 etlam
1101 1974 1209 2024 Luciani

118 2038 211 2097 erant,
229 2038 320 2087 vivum
337 2037 363 2086 in
380 2038 478 2088 scrobe
498 2038 644 2101 defodiunt,
684 2040 748 2092 Dial.
763 2055 830 2092 mer.
840 2043 876 2104 4.,
890 2046 954 2094 item
965 2045 999 2094 de
1010 2047 1208 2111 μαγγανείαις,

116 2115 149 2162 ut
169 2113 229 2162 eius
246 2111 363 2163 medulla
385 2116 413 2163 et
433 2114 550 2165 iecinore
567 2117 647 2165 utan-
682 2113 870 2178 καταδέσεσι,
901 2119 1031 2187 κηρίνοις
1057 2114 1209 2184 μιμήμασι

117 2190 163 2237 tur
179 2187 214 2236 ad
234 2185 330 2252 philtra
350 2189 543 2252 praeparanda.
574 2189 646 2239 liidi-
682 2189 747 2240 Plat.
767 2190 800 2242 de
822 2193 901 2255 Legg.
920 2193 963 2242 xl.
982 2206 1009 2257 p.
1029 2192 1086 2242 933.
1120 2195 1208 2256 Atque

117 2259 210 2310 culum
236 2263 339 2323 444444,
369 2262 442 2326 quod
471 2276 565 2313 senem
589 2265 645 2312 4444
681 2276 792 2328 prorsus
809 2264 901 2316 similis
922 2278 1007 2329 puero
1028 2265 1071 2315 hic
1092 2267 1208 2316 mactato

115 2337 223 2401 perdite
241 2340 314 2387 amat
330 2338 451 2399 Canidia,
472 2341 502 2388 ut
517 2338 644 2389 horribile
682 2339 725 2387 est
746 2339 773 2387 in
795 2339 927 2402 inscripti.
952 2351 988 2388 m.
1008 2339 1063 2389 Lat.
1082 2339 1112 2388 N.
1131 2337 1206 2389 niso.

116 2411 221 2461 lacinus
243 2411 358 2462 adeum
375 2411 426 2461 sihi
448 2411 645 2463 conciliandum
681 2414 709 2462 et
734 2411 834 2474 Meyeri
859 2409 964 2462 Anthol.
988 2413 1043 2463 Lat.
1067 2413 1098 2462 li.
1125 2412 1205 2462 ⁴253:

118 2485 210 2535 iacere
228 2497 282 2534 non
298 2487 415 2536 moueat.
442 2486 644 2537 Eiusdemmodi
680 2486 805 2536 4404444444
829 2486 916 2536 liviae
937 2487 1016 2536 4444444·
1038 2485 1154 2536 caesoris
1176 2487 1205 2536 F.

115 2572 199 2622 sagae
231 2569 263 2607 ac
289 2559 429 2609 veneficae
460 2563 645 2610 memorantur
681 2559 779 2621 44444444
795 2564 819 2608 04
836 2559 937 2608 4440444.-
965 2559 995 2608 44
1012 2564 1132 2621 coortum
1146 2573 1207 2608 444-

115 2633 190 2698 apud
209 2633 330 2682 Tacitum
346 2635 454 2684 40044440
471 2636 499 2683 44
512 2636 642 2695 Martiae,
679 2647 740 2698 pena
760 2645 919 2696 0440444444
944 2633 1071 2695 deprimor
1095 2646 1205 2695 044444,

115 2709 279 2771 egregieque
302 2709 387 2758 totum
410 2707 462 2758 hoc
484 2708 644 2760 feminarum
681 2709 743 2758 0444
753 2721 852 2770 possea
866 2708 945 2758 metri
960 2707 1039 2757 44444044
1053 2711 1076 2756 04
1091 2719 1141 2757 esse
1154 2719 1207 2768 po-

114 2794 202 2845 34444
228 2781 369 2845 descripsit
392 2781 467 2832 Ovid.
490 2783 550 2832 Am.
569 2784 597 2843 4,
616 2784 641 2834 8.
680 2784 722 2834 tri.
741 2783 843 2845 Eripuit
858 2795 898 2833 me
913 2796 978 2847 4030
993 2794 1084 2832 440444
1100 2781 1207 2832 4444444444

114 2855 263 2919 Dipsadem
288 2855 425 2918 quandem
450 2867 543 2918 sagam
565 2856 643 2906 nohis
679 2857 784 2919 4444040,
803 2859 865 2908 Com
875 2863 961 2908 444404
976 2858 1004 2906 44
1018 2856 1093 2907 404444
1102 2861 1126 2906 04
1135 2859 1207 2906 occet

115 2931 178 2979 ente
202 2928 295 2979 oculos
320 2942 433 2993 ponens.
463 2929 543 2989 Quid,
570 2929 643 2993 quod
680 2935 737 2980 orte
752 2944 808 2981 440.
847 2933 893 2982 Vos
912 2936 1006 2982 0444404
1024 2936 1098 2981 notos
1113 2943 1207 2980 404444-

114 3004 190 3054 idem
207 3005 310 3052 crimen
327 3004 452 3054 haeserat
471 3002 525 3052 44444
546 3005 573 3053 in
590 3004 644 3054 Vu-
679 3003 767 3053 stodite
787 3009 917 3066 00404404,
943 3007 981 3054 444
1005 3006 1077 3054 dolor
1100 3006 1128 3054 44
1155 3009 1206 3056 4040

114 3078 199 3128 444404
226 3078 282 3128 Cic.
304 3078 363 3128 Vat.
386 3077 416 3127 6:
446 3091 504 3127 oum
527 3078 644 3128 4404444440
675 3081 777 3138 pectore
792 3079 861 3140 4444
876 3082 929 3134 004;
949 3077 1020 3127 unde
1038 3077 1146 3140 colliges
1157 3080 1205 3130 4044

112 3166 147 3203 ec
173 3151 277 3214 4044440
303 3165 380 3202 sucro
408 3151 557 3214 4444404444,
586 3165 644 3202 com
680 3151 742 3202 huic
759 3149 850 3214 Epodo
862 3149 972 3200 mirifice
985 3153 1129 3202 convenire
1141 3166 1205 3204 oum

112 3227 255 3290 4440404444
270 3226 480 3288 4444040440040,
498 3239 556 3276 com
568 3238 643 3288 poe-
679 3224 870 3288 superstitiosis
892 3222 975 3273 seculi
996 3225 1122 3286 Augustei
1145 3227 1205 3289 opl-

111 3313 225 3349 rorcm
245 3301 328 3350 04444
349 3301 407 3349 deos
426 3313 513 3350 4444404
528 3303 643 3349 mactare
678 3297 853 3349 nionihus.-
875 3297 948 3357 Quae
961 3299 1051 3346 autem
1063 3298 1204 3348 4444444444-

111 3376 194 3425 404004
222 3377 274 3425 cei.
309 3373 439 3438 Singulari
466 3375 557 3424 autem
584 3375 641 3423 arte
678 3372 731 3423 lioh
752 3373 779 3423 ln
800 3372 939 3436 prooemio
964 3369 1053 3431 444044,
1080 3372 1204 3434 exiguam

115 3451 241 3501 Herelius
257 3450 415 3514 praestigiae
433 3449 514 3499 hasce
526 3449 643 3511 44434440
678 3447 780 3497 hahent
792 3447 848 3495 veri
860 3445 992 3508 speciem
1012 3445 1110 3495 etenim
1122 3445 1204 3496 animi

114 3524 250 3589 expressit
263 3526 290 3574 et
305 3524 348 3572 hic
359 3525 386 3574 et
396 3523 480 3587 Epod.
494 3524 534 3572 ii.
548 3524 576 3579 et
586 3522 640 3572 Sat.
678 3522 766 3585 potius
778 3531 860 3570 causa
877 3517 1007 3568 famosam
1019 3529 1126 3580 magam
1139 3533 1204 3569 exa-

112 3600 183 3660 4,8,
198 3596 315 3662 44400.,
334 3597 403 3648 adeo
419 3599 450 3647 ut
465 3595 641 3647 recordemur
678 3595 769 3659 3444444
793 3595 885 3657 poeta.
913 3604 994 3654 quern
1016 3593 1118 3641 amicae
1140 3592 1204 3644 olim

110 3671 252 3736 Apuleiani
280 3669 349 3722 illius
374 3672 400 3722 in
425 3669 503 3735 Apol.
530 3684 557 3735 p.
582 3667 639 3720 oti.
678 3667 812 3732 superbae
830 3666 932 3718 lastidie
949 3667 1022 3726 tum,
1041 3665 1204 3716 eumvetula

112 3746 200 3796 oud:
218 3745 309 3808 440040
324 3746 374 3794 isto
384 3771 424 3782 --
440 3757 482 3795 444
497 3749 533 3794 est
549 3743 643 3808 4034444
678 3744 747 3794 iacta
773 3744 857 3802 esset,
884 3739 970 3790 ultum
995 3738 1049 3790 ivit.
1091 3739 1143 3789 Cir.
1167 3739 1203 3790 nd

111 3821 236 3884 4404044040.
255 3845 270 3856 -
292 3845 308 3856 -
323 3820 404 3883 434444
428 3824 452 3869 04
469 3819 566 3869 wacta
590 3831 642 3868 404
677 3819 726 3869 0d.
741 3818 771 3878 4,
790 3816 830 3866 to.
851 3842 880 3852 -
899 3812 1015 3864 Tametsi
1032 3812 1080 3862 luit
1096 3826 1125 3862 re
1138 3826 1203 3864 vera

110 3896 197 3945 444444
211 3907 289 3956 quom
309 3885 376 3944 tetro
392 3899 416 3943 et
428 3893 568 3954 4044444444,
583 3892 641 3954 ple-
677 3892 786 3944 Canidia
796 3903 862 3954 gens
874 3887 977 3953 plebeia
992 3887 1047 3950 (cir.
1062 3899 1203 3938 nummum

109 3981 220 4030 44444044
239 3968 352 4018 coctiores
366 3969 474 4032 cipitata
490 3972 514 4018 et
535 3966 641 4017 40404444
677 3968 737 4018 aevi
753 3967 819 4027 443.
832 3962 905 4028 apud
921 3961 1019 4012 iickhol
1036 3963 1066 4011 D.
1085 3962 1117 4012 N.
1135 3961 1159 4010 t.
1172 3975 1200 4025 p.

110 4044 230 4094 4444444440
250 4047 274 4092 04
289 4041 394 4091 04444444
415 4042 567 4092 4044404004
582 4055 641 4090 004-
677 4041 734 4091 464.
754 4039 782 4089 44
795 4035 858 4088 Vell.
872 4038 929 4086 Pet.
942 4037 973 4096 4,
991 4035 1032 4084 85.
1052 4032 1202 4084 adhotium

109 4118 221 4168 44444444
238 4122 409 4168 mommolo.
431 4143 458 4152 -
481 4116 593 4180 Propter
611 4128 638 4165 v.
675 4117 704 4164 44
723 4119 794 4164 4440
816 4113 925 4162 40004444
945 4105 1083 4160 0044444444
1101 4107 1203 4160 Antonii

111 4193 152 4244 43.
172 4191 283 4244 sceleris
299 4205 410 4244 scenam
430 4189 539 4256 Neapoli
556 4189 639 4240 eollo·
674 4188 776 4253 repebat
799 4183 947 4246 0444444444),
974 4182 1134 4234 scholiastae
1160 4183 1202 4232 ta·
