2934 4884
254 286 316 350 328
644 289 772 338 nomm
790 289 959 340 cassinus

422 445 530 509 Penne
553 442 699 508 bilormis
721 463 782 530 per
804 442 965 530 liquidum
987 441 1120 510 aethera

464 566 575 640 Vates,
599 583 707 650 neque
731 563 763 627 in
786 564 880 630 terris
904 563 1057 631 morabor

509 687 667 772 LongiuS,
692 683 880 773 invidiaque
901 685 1005 752 maior

431 845 534 914 Urbes
556 844 746 932 relinquam.
790 845 860 909 Non
882 863 960 930 ego,
985 863 1166 930 pauperum
1328 851 1350 912 5

320 1017 344 1064 2.
364 1017 486 1066 Pinneti.
503 1043 530 1050 —
550 1015 574 1065 3.
593 1020 664 1064 tarro
680 1013 742 1075 scd,
755 1009 858 1076 βκνξχ.
878 1011 1015 1076 (nonltb'l
1032 1026 1083 1065 noc
1098 1013 1165 1064 Pott.
1185 1016 1265 1079 octo.)
1282 1043 1313 1052 -

287 1089 310 1137 6.
330 1089 353 1138 7.
373 1095 565 1152 quamverum,
583 1089 678 1140 Dilecta
695 1091 830 1140 Maecenas
847 1085 957 1137 Bentleii
976 1087 1101 1151 suspicio.

254 1249 316 1286 oum
328 1237 497 1288 Scholasticis
511 1235 643 1288 nonnullis
655 1251 705 1301 pro
717 1237 781 1288 sub-
850 1236 875 1285 2.
894 1235 1019 1300 bisonem]
1039 1235 1119 1296 nouis
1129 1249 1248 1301 unquam
1259 1251 1349 1290 sanae

253 1311 343 1362 diticio
360 1311 480 1362 hebebit.
504 1313 542 1363 Cl.
563 1313 667 1363 Stainer
684 1313 778 1363 conen.
818 1311 915 1360 mantis
926 1308 1074 1373 poemeni
1085 1323 1145 1361 rem
1155 1313 1225 1363 serio
1236 1313 1349 1377 agebat,

253 1387 314 1436 Hor.
334 1388 412 1450 spec.
431 1388 462 1436 ll.
485 1401 511 1450 p.
535 1387 576 1436 ta.
602 1413 629 1422 -
653 1388 781 1437 Ceterum
818 1387 930 1434 monstri
948 1385 1060 1434 lormam
1081 1385 1167 1435 induit
1178 1389 1223 1445 et,
1250 1389 1281 1437 ut
1297 1401 1351 1452 per

254 1462 308 1510 iam
330 1461 402 1525 apud
419 1463 536 1512 Graecos
558 1461 611 1511 hoc
628 1462 781 1511 mutationis
818 1464 910 1509 aerem
923 1457 1038 1518 volaret,
1056 1459 1175 1510 humano
1192 1462 1270 1525 capiti
1289 1461 1350 1512 col·

254 1537 281 1584 in
298 1548 413 1598 cycnum
431 1531 592 1600 φάντασμα
611 1535 730 1599 reperire
749 1535 782 1586 li·
818 1532 873 1584 lum
903 1535 981 1596 cycni
1017 1533 1137 1584 adiunxit
1172 1547 1348 1600 cycneasquc

255 1611 307 1658 cet.
326 1609 415 1672 Eurip.
435 1611 538 1672 Fragm.
559 1611 652 1660 incert.
666 1609 722 1660 ⁴02.
737 1610 780 1659 D.:
819 1607 923 1670 corpori
940 1620 1043 1671 pennas
1054 1607 1178 1658 induxit?
1195 1611 1264 1660 Num
1276 1610 1349 1660 haec

255 1677 387 1752 Χρύσεαι
411 1680 448 1746 δή
476 1697 528 1747 μοι
554 1685 690 1754 πτέρυγες
718 1683 782 1754 περὶ
819 1679 970 1743 prodigiosa
995 1681 1084 1744 imago
1108 1682 1197 1732 diflert
1221 1682 1256 1732 ab
1287 1683 1348 1743 iila,

256 1753 337 1822 νώτῳ
359 1756 416 1806 Καὶ
438 1752 474 1805 τὰ
495 1755 641 1828 Σειρήνων
663 1755 782 1830 ἐρόεντα
819 1767 901 1818 quom
918 1755 1040 1805 tiemone
1062 1755 1090 1805 ln
1106 1758 1169 1806 Arte
1193 1758 1259 1807 risui
1277 1760 1351 1808 ami·

257 1827 357 1881 πέδιλα
370 1825 542 1902 Ἀρμόζεται·
560 1830 697 1898 Βάσομαί
715 1836 739 1884 π’
752 1833 782 1896 ἐς
820 1841 914 1878 corum
925 1830 1082 1893 expostum·
1095 1831 1271 1881 Ercesrsnms.
1291 1833 1349 1882 Ve-

257 1905 362 1976 αἰθέρα
374 1901 465 1958 πολὺν
474 1903 603 1979 Ἀιρθεις,
616 1910 685 1975 Ζηνὶ
696 1923 784 1980 προσ·
819 1916 880 1953 rum
898 1903 1007 1953 minime
1019 1905 1190 1967 cogitandum
1206 1906 1241 1956 de
1259 1907 1349 1958 torma

256 1976 356 2045 μιξων.
392 1981 469 2046 spuo
486 1984 619 2047 aristoph.
640 1988 687 2036 av.
708 1985 781 2036 isra.
820 1991 853 2026 ex
869 1978 987 2028 numana
1003 1979 1150 2042 alcyonea
1166 1980 1350 2044 prodigialiter

258 2055 378 2106 Cinesias
408 2059 500 2119 pocta:
530 2051 718 2123 Ἀναπένομαι
746 2054 782 2124 δὴ
820 2053 978 2115 commixta,
1018 2053 1170 2117 eademque
1197 2068 1213 2104 a
1240 2056 1348 2119 pictore

259 2124 331 2200 πρὸς
345 2123 494 2195 Ὄλυμπον
517 2128 687 2204 πτερύγεσσι
711 2131 783 2186 κού.
819 2128 956 2189 imitanda;
982 2129 1034 2179 sed
1049 2131 1183 2194 etpoctae
1199 2129 1349 2182 etlectoris

258 2219 338 2265 φαις.
363 2231 391 2240 -
417 2207 529 2256 Pausan,
549 2209 576 2269 4,
601 2209 646 2270 22,
671 2211 699 2258 7:
726 2203 782 2275 ἔπη
820 2213 884 2252 eum
907 2206 981 2253 recte
1007 2203 1175 2267 intelligentis
1196 2208 1350 2274 φαντασίᾳ

259 2279 337 2341 (qnae
363 2279 532 2332 onomacnto
559 2281 656 2346 tenum
682 2281 713 2334 ἐν
739 2278 782 2345 οῖς
819 2274 1015 2327 obversabatur
1039 2290 1141 2340 cycnus
1165 2292 1215 2342 ner
1240 2279 1349 2331 caetum

258 2351 461 2405 ἐπιπτέσθαι
478 2355 629 2408 Μουσαῖον
649 2351 707 2409 ὑπὸ
724 2358 783 2408 130.
819 2347 867 2401 elis
883 2348 966 2411 latus,
985 2353 1031 2415 qui
1048 2353 1138 2404 tamen
1155 2354 1229 2404 idem
1240 2355 1349 2405 divinus

256 2429 325 2498 ριου
342 2425 444 2500 δῶρον.
463 2431 516 2481 cn.
530 2427 784 2483 nomer-iunonem
819 2425 948 2476 mansam
970 2429 1058 2489 posu.
1092 2428 1206 2478 Omnino
1230 2426 1349 2491 κοῦφον

257 2518 305 2552 σιν
322 2517 355 2553 ex
373 2517 467 2555 museo
479 2505 669 2558 Herculanensi
687 2510 713 2558 in
726 2508 784 2560 ltil—
819 2496 921 2568 seim
937 2496 1060 2566 πθῑηῐῆς
1076 2499 1138 2552 ἕω*
1161 2503 1211 2553 κθ)
1236 2500 1349 2569 mlv&

257 2575 345 2639 lingon
362 2579 474 2628 Monam.
493 2581 523 2628 li.
543 2581 571 2630 T.
590 2582 630 2632 43.
650 2585 677 2632 et
693 2583 783 2646 inghi-
819 2574 869 2623 καὶ
886 2569 972 2645 ἱερόν·
1008 2573 1072 2625 Phi·
1099 2577 1127 2626 in
1151 2579 1215 2628 lone
1239 2593 1267 2643 Ρ.
1287 2579 1346 2630 534-

257 2652 326 2700 rami
344 2651 409 2701 Gall.
423 2654 477 2701 om.
496 2654 538 2702 iil.
556 2667 584 2717 p.
604 2656 643 2705 46,
665 2683 692 2692 -
706 2658 784 2708 Tem-
819 2650 849 2699 B.
874 2648 1346 2716 (ltircbisomtsexplicarnntschol.

257 2737 309 2788 pus
326 2725 426 2784 autem,
445 2739 498 2788 quo
516 2726 569 2776 hoc
585 2741 783 2780 carmencom-
821 2725 849 2773 et
872 2725 1033 2776 Lambinus:
1069 2729 1161 2778 «vates
1193 2727 1295 2790 lyricus
1320 2733 1348 2779 et

259 2799 375 2862 positum
401 2799 448 2859 sit,
476 2799 547 2848 nullo
572 2802 653 2852 modo
678 2803 783 2855 deliniri
820 2798 978 2861 satiricus-⁹)
1007 2826 1033 2837 -
1063 2801 1199 2867 liquidive]
1227 2803 1347 2854 wlflrum

258 2874 355 2937 potest.
373 2870 496 2923 Nonnulli
508 2874 626 2924 referunt
636 2877 671 2926 ad
689 2889 749 2930 a.u.
758 2895 781 2931 c.
821 2885 852 2923 0⁰
877 2871 1021 2924 lucidum-¹·
1055 2875 1126 2937 Virg-
1155 2878 1202 2926 Ge·
1230 2878 1258 2936 ⁴,
1278 2877 1344 2928 llll:

258 2947 326 3008 ms,
345 2946 520 2997 Walokenaer
537 2948 571 2998 ad
589 2963 612 2999 a.
629 2951 685 3003 lat.
707 2956 785 3004 «Pon-
820 2947 931 3008 dmm
962 2947 1057 3007 Κρινὼ
1090 2949 1202 3000 mitanis
1229 2953 1257 3000 ιἰι
1284 2955 1348 3000 aare

259 3023 698 3090 tantosumveroestPeerllrampii
711 3041 785 3079 com-
819 3022 903 3070 ΝΜ·
937 3021 1062 3072 Similiter
1080 3025 1152 3087 apud
1173 3025 1348 3075 Psrssrenium

259 3098 389 3157 mentum,
404 3095 525 3148 ultimum
537 3099 588 3148 hoo
601 3113 660 3151 esse
673 3115 784 3153 carmen
820 3097 870 3146 2⁴1
897 3090 915 3146 ὁ
937 3091 991 3160 τὴν
1007 3095 1124 3158 Λέσβον
1147 3101 1242 3150 κτίσιν
1258 3097 1347 3164 ποιή-

259 3169 347 3235 paullo
375 3173 436 3222 ante
465 3172 499 3223 ab
525 3175 632 3223 Horatio
654 3177 784 3240 scriptum
821 3184 885 3232 σας·
912 3168 1021 3222 «πολλὰ
1044 3169 1067 3221 δ’
1092 3172 1122 3235 ἐς
1147 3168 1239 3244 ὑγρὴν
1260 3166 1348 3244 'Heca

259 3259 341 3310 quem
359 3250 475 3299 mortem
487 3247 537 3298 sihi
555 3249 612 3312 ipsa
625 3252 785 3301 consciverit
820 3249 920 3316 κθῖρας
935 3238 1066 3296 {ww-²

258 3334 375 3382 veneno,
398 3323 460 3386 quia
477 3324 623 3374 Maecenati
639 3324 691 3375 iam
710 3338 784 3375 mor·
852 3319 878 3371 l.
895 3321 1041 3382 invidiaque
1055 3321 1152 3386 maior]
1171 3323 1268 3374 «Cuius
1287 3322 1347 3387 glo-

259 3398 305 3446 tuo
326 3409 468 3461 superesse
490 3395 571 3447 nollet
592 3411 642 3448 neo
664 3402 782 3462 posset..
820 3394 858 3443 ria
875 3399 986 3458 superat
1001 3396 1153 3446 invidiam·
1171 3397 1263 3446 Senot.
1283 3397 1347 3448 Cal·

259 3472 451 3521 vincenesium
460 3473 487 3520 et
496 3471 603 3534 Fessus.
617 3473 682 3522 Huic
692 3477 782 3524 autem
819 3467 926 3519 limach.
944 3471 993 3534 Ep.
1006 3472 1052 3521 m:
1071 3465 1089 3521 ὁ
1105 3464 1237 3536 δ’ἧεισεν
1247 3474 1347 3543 κρείσ-

259 3539 371 3615 ᾧδιιριῳ
384 3546 553 3608 quorundam
565 3547 683 3596 innititur
694 3549 782 3612 opinio
820 3557 896 3593 σονα
910 3542 1082 3611 simonior.

259 3621 376 3684 primum
393 3619 461 3668 duos
479 3619 617 3670 dumtaxat
633 3619 714 3673 libros
727 3623 784 3673 edi-
852 3620 877 3668 5.
905 3620 989 3686 orta]
1009 3621 1040 3671 ll.
1067 3620 1085 3670 l.
1112 3626 1197 3672 terrm
1221 3626 1249 3673 et
1272 3623 1347 3675 wora

259 3699 301 3744 tos
319 3707 389 3754 esse,
408 3693 506 3744 deindo
518 3697 677 3747 Maecenatis
689 3700 782 3760 rogatu
820 3697 1017 3757 componuntur
1037 3698 1067 3745 ut
1090 3696 1139 3746 0d.
1157 3696 1186 3757 3,
1205 3695 1234 3756 t,
1253 3696 1295 3747 te.
1317 3724 1345 3734 -

259 3767 367 3818 tertium
395 3767 537 3818 adiectum.
582 3770 636 3819 Cir.
662 3771 783 3822 Vender-
816 3769 975 3834 ραιιριηιιπ]
998 3771 1070 3820 inest
1086 3771 1113 3820 in
1130 3770 1171 3820 his
1187 3763 1345 3834 ἀντίθεσις·

258 3841 345 3905 burgii
367 3841 542 3893 Scholiastam
563 3845 597 3894 od
619 3844 666 3895 0d.
685 3847 715 3908 2,
741 3847 781 3897 49.
821 3845 905 3907 tEgo,
923 3858 1006 3908 quem
1029 3843 1104 3896 multi
1128 3842 1346 3910 libertinorum

260 3919 287 3965 et
304 3917 331 3978 3,
351 3917 374 3965 t.
820 3922 914 3970 natum
930 3921 1058 3983 carpunt,
1077 3920 1127 3970 etsi
1144 3933 1198 3969 non
1214 3933 1284 3982 nego
1301 3934 1346 3971 me

294 3992 318 4040 t.
347 3994 404 4042 Non
429 3993 535 4058 ineam]
570 3995 651 4059 «quie
680 3997 783 4058 primus
820 3993 945 4045 libertino
962 3997 1037 4059 putre
1055 3997 1147 4044 natum
1164 4007 1239 4052 esse;
1262 4009 1346 4058 quem

259 4067 482 4132 ltoomnoeflds'cen
494 4069 590 4130 lyrae.»
606 4095 632 4105 -
647 4083 691 4119 noc
701 4069 782 4132 tenui]
820 4073 848 4118 tu
867 4071 957 4119 tamen
975 4067 1144 4119 nihilominus
1161 4070 1206 4119 tua
1228 4071 1345 4119 amicitia

261 4139 325 4187 «sed
343 4140 425 4191 densa
444 4155 475 4191 ac
492 4141 604 4192 valida.»
821 4143 946 4206 dignaris,
960 4157 1097 4206 nunquam
1109 4146 1224 4194 mortem
1235 4143 1345 4194 obibo.»
