2934 4884
618 850 846 955 anonim
861 848 1017 939 iuncti

517 1074 1130 1257 CARMINUM

648 1381 765 1448 LIBER
785 1379 1001 1447 SECUNDUS.

677 1743 1034 1807 cumb.

495 1916 614 1981 Motum
635 1935 676 1980 ex
698 1913 824 1980 Metello
846 1914 979 1981 consule
1002 1914 1138 1981 civicum

496 2036 642 2123 Bellique
663 2057 780 2103 causas
803 2046 835 2102 ct
856 2036 933 2101 vitia
954 2047 987 2101 et
1010 2035 1124 2102 modos

348 2222 367 2269 i.
403 2220 486 2269 inscr.
499 2216 569 2281 voig.
582 2218 620 2267 Ad
637 2218 665 2267 C.
684 2217 797 2267 Asinium
812 2215 954 2265 Pollionem.
976 2242 1003 2251 -
1021 2216 1059 2265 Ad
1074 2216 1188 2266 Asinium
1203 2216 1339 2266 Poltiomn

316 2295 472 2345 conmiurem
486 2294 572 2342 vinem
588 2294 615 2342 Τ.
635 2294 693 2343 Om.
712 2293 739 2341 S.

316 2456 339 2503 i.
358 2452 462 2515 Malean]
481 2449 550 2500 bella
571 2450 711 2511 intestina,
737 2462 806 2513 quae
844 2450 931 2499 ducem
945 2462 1088 2511 coecosque
1100 2454 1234 2511 procursu
1248 2448 1375 2513 (deprive-

282 2527 459 2591 primordium
481 2526 610 2588 ceperant
631 2523 693 2574 iude
719 2522 754 2573 ab
781 2536 805 2572 a.
843 2524 938 2585 ciptbeu
948 2522 1374 2588 loquoriratiquiprimmninipao

282 2615 309 2651 u.
328 2614 352 2650 c.
371 2600 440 2660 aas,
459 2600 489 2659 Q.
509 2595 624 2648 Caecilio
640 2595 808 2653 Metellnce·
844 2597 905 2647 betto
920 2612 1039 2660 rapaces,
1059 2599 1145 2648 daim
1161 2600 1188 2648 in
1204 2598 1318 2649 orutiorw
1329 2600 1374 2649 ito

282 2673 338 2724 iere
356 2676 383 2723 et
399 2675 428 2723 L.
446 2671 553 2722 Abanio
571 2684 651 2731 coss,
671 2683 723 2734 quo
736 2684 806 2720 anno
843 2672 965 2733 crudeles,
989 2678 1017 2723 ut
1033 2674 1114 2735 ipsam
1129 2674 1262 2725 victorium
1278 2674 1375 2724 borre-

283 2749 398 2809 Caesar,
416 2747 572 2809 Pompeius,
592 2746 705 2795 Crassus
718 2746 807 2795 socie·
843 2759 904 2795 rein.
926 2772 954 2782 -
972 2748 1066 2811 modos]
1090 2749 1132 2797 «et
1151 2746 1266 2811 singulas
1283 2748 1375 2799 ratio-

283 2824 366 2872 iatem
382 2822 421 2871 rei
438 2819 560 2886 publicae
577 2820 612 2869 ad
623 2833 699 2870 suam
710 2818 807 2869 voiun—
843 2832 905 2882 nes,
924 2820 1022 2884 quibus
1038 2823 1151 2884 utraque
1169 2834 1231 2885 pars
1248 2834 1297 2871 usa
1309 2825 1375 2873 erat

282 2898 365 2946 tatem
393 2895 527 2958 regendae
559 2896 690 2955 inierunt,
724 2908 806 2957 quem
844 2894 870 2944 in
887 2894 928 2945 bis
949 2895 1161 2946 contentionibus
1183 2894 1317 2954 civilibus.
1346 2900 1376 2948 et

282 2970 400 3034 priorem
418 2969 626 3029 triumuiratum,
651 2968 701 3018 etsi
718 2969 806 3019 minus
843 2970 923 3019 totius
940 2968 1002 3020 belii
1023 2972 1170 3021 tenorem.»

282 3046 365 3105 recte,
385 3058 447 3095 cum
464 3045 634 3107 magistratus
651 3057 705 3094 nou
716 3043 804 3104 fuerit,
877 3044 900 3094 3.
920 3044 943 3095 i.
963 3046 1108 3107 indumque
1118 3044 1251 3109 Formam]
1265 3046 1375 3097 «varias

282 3118 515 3183 voigoappellant.
544 3117 610 3170 Veli.
623 3119 652 3177 2.
671 3118 712 3170 ii.
732 3120 804 3169 Suet.
843 3118 1039 3169 vicissitudines
1059 3117 1256 3182 ludibriumque
1273 3118 1375 3169 Fortu-

284 3195 361 3245 Caes.
373 3195 412 3245 ie.
426 3192 517 3246 Florus
530 3192 555 3254 i,
568 3196 592 3244 2.
606 3192 708 3244 Bellum
717 3195 806 3257 ipsum
844 3204 893 3241 nae
911 3194 1071 3256 praesertim
1089 3195 1115 3243 in
1132 3194 1238 3243 interitu
1251 3196 1277 3241 et
1291 3194 1375 3243 Pom-

283 3266 360 3319 civile
377 3268 488 3318 demum
504 3270 564 3332 post
575 3269 736 3319 decennium
748 3280 809 3317 eru-
843 3267 895 3329 peii
907 3269 935 3316 et
946 3268 1093 3319 Caesaris.»
1111 3296 1137 3305 —
1151 3269 1248 3332 orcum]
1263 3265 1373 3319 Caelius

283 3344 329 3407 pit.
351 3371 379 3379 -
397 3343 511 3407 doicwn]
530 3344 560 3391 ut
575 3342 623 3393 od.
642 3342 671 3401 3,
694 3338 738 3401 ai,
764 3340 804 3391 26.
844 3339 878 3389 ud
890 3341 961 3390 Fam.
976 3342 1000 3401 8,
1019 3342 1059 3402 it,
1079 3342 1109 3391 2:
1129 3342 1171 3391 Sic
1187 3342 1373 3393 titiomorasot

282 3420 364 3469 deice
378 3416 473 3478 rabies,
500 3416 584 3467 iorma
607 3416 752 3479 antiquior,
778 3418 808 3464 ut
842 3415 966 3463 inuidioso
981 3416 1121 3466 coniunctio
1134 3416 1210 3478 (inter
1222 3416 1372 3467 Caesarem

282 3494 401 3555 bodiciu,
424 3493 542 3556 apo‘ctis
563 3494 681 3549 servata3
708 3492 735 3541 in
753 3490 807 3539 ior·
844 3491 1374 3554 etPompeiuminonodoccultumrecidit

283 3566 355 3617 muia
376 3580 497 3617 coronam
517 3566 623 3615 micuere
643 3569 706 3616 dura
726 3563 808 3615 trala-
843 3564 1052 3628 obtrectationem,
1067 3566 1109 3614 sed
1125 3566 1160 3615 od
1171 3565 1373 3615 battumseene—

283 3641 345 3690 ticia
362 3642 468 3691 mansit.
839 3640 886 3701 pit.
904 3639 942 3689 ci.
957 3640 1011 3690 Cic.
1025 3639 1136 3703 Philipp.
1149 3641 1179 3700 Ξ,
1193 3640 1233 3701 ic,
1245 3639 1287 3691 23.
1301 3639 1370 3691 Veii.

316 3714 341 3761 Ξ.
360 3715 457 3778 causae]
476 3715 589 3765 caedem
606 3715 708 3773 Crassi,
733 3726 808 3763 mor·
843 3716 868 3774 2,
881 3712 926 3765 it:
941 3714 1072 3778 (Caesare)
1082 3714 1180 3764 coemite
1192 3714 1224 3777 (a.
1235 3727 1261 3763 u.
1272 3728 1297 3763 c.
1308 3714 1369 3764 695.

285 3789 340 3835 tem
357 3787 447 3850 iuliae,
465 3790 638 3841 ambitionem
653 3787 809 3839 aemulatio-
843 3788 893 3838 sed
904 3790 1054 3838 accuratius
1069 3788 1191 3839 Horatius
1202 3788 1300 3839 Metello
1310 3802 1373 3837 σοπ-

285 3871 402 3923 nemque
423 3864 544 3915 Caesaris
566 3867 594 3914 et
613 3864 733 3928 Pompeii
754 3865 805 3912 cet.
843 3864 902 3924 aab,
915 3876 939 3911 a.
951 3876 977 3912 u.
988 3862 1056 3924 sai.)
1067 3863 1132 3913 inter
1142 3867 1229 3913 armet
1240 3862 1284 3913 Ca.
1296 3864 1373 3913 Porre-

287 3962 316 3970 -
332 3935 404 3999 odic]
427 3940 523 3999 partim
545 3940 634 3990 Crassi
653 3940 679 3989 iu
697 3936 808 4002 expedi·
840 3938 926 4000 petmn
942 3942 965 3987 et
980 3938 1015 3987 ii.
1030 3937 1147 3987 ormano
1163 3938 1227 3986 inito
1240 3938 1373 3999 pamiae

284 4011 357 4059 tione
382 4008 511 4062 adversus
536 4015 647 4063 Parthos
672 4014 806 4077 suscepta,
843 4014 960 4072 societas,
979 4026 1043 4074 quoe
1059 4010 1373 4073 urbiorbiqueterrumn

284 4086 382 4148 partim
402 4086 521 4148 Pompeii
541 4088 652 4150 eiusque
677 4088 805 4151 partium;
843 4102 888 4138 nec
908 4088 990 4137 ndum
1011 4088 1107 4136 diuerso
1130 4099 1283 4147 quemquam
1303 4090 1373 4135 ωηι-

286 4159 383 4224 quibus
404 4160 439 4209 de
460 4159 530 4209 vitiis
552 4163 649 4210 acriter
665 4162 808 4224 conqueri-
841 4176 905 4225 poro
919 4162 980 4223 ipsis
995 4161 1129 4211 enitiobitia
1146 4160 1253 4224 (iioratii
1268 4161 1370 4225 qruois)

287 4238 331 4285 tur
355 4234 449 4285 Cicero
475 4234 509 4284 ad
534 4234 604 4282 Fam.
628 4236 656 4290 7,
679 4235 706 4285 3:
733 4242 809 4285 exoa
843 4236 899 4298 fuit.
921 4262 948 4273 -
966 4234 1049 4298 mnia]
1068 4236 1098 4285 Ut
1115 4234 1261 4297 distinguas
1278 4232 1371 4283 abedo
