2934 4884
676 350 805 400 nonant
823 348 992 399 cantitanti

464 504 644 571 Diindicata
668 504 721 570 lite
744 504 961 590 relinqueret.

507 626 655 693 Tendens
678 625 874 691 Venafranos
897 625 929 688 in
952 645 1048 711 agros

547 748 607 811 Aut
629 744 922 813 Lacedaemonium
948 746 1128 811 Tarentum.

359 906 400 957 st.
420 906 578 956 Distudicoto
594 923 611 971 γ
628 919 671 969 ap.
690 906 798 957 Kircbn.
817 917 844 968 p.
864 906 904 955 36.
926 932 953 941 -·
972 906 1013 955 tt.
1032 906 1151 967 metros
1167 906 1196 953 Τ,

328 1048 368 1095 ss.
399 1046 439 1094 56.
471 1046 638 1109 Venafranos]
676 1045 821 1095 Venairurn
860 1043 1073 1094 tumierebatur.
1100 1044 1235 1104 0d.²,6,
1251 1044 1290 1092 ti.
1310 1045 1383 1095 Uter-

296 1124 446 1170 extremum
470 1121 495 1169 in
513 1121 722 1183 septentrionem
741 1122 822 1170 Cam-
838 1061 843 1166 Ι
859 1131 913 1181 que
938 1121 1029 1167 autem
1055 1120 1153 1167 tractus
1178 1118 1383 1168 amoenissimus

297 1196 389 1258 pentae
401 1194 537 1258 oppidum.
552 1194 820 1257 -Lacedoernoniurnj
838 1172 842 1274 i
861 1195 927 1241 erat.

296 1273 315 1319 Α
335 1266 477 1317 Phalantho
499 1268 709 1319 Lacedaemonio
727 1269 842 1319 condi-t

644 1684 1014 1742 EXCURSUS

544 1792 549 1801 ’
768 1817 908 1865 novas.

362 1970 386 2015 ct
402 1964 514 2026 sncutpto
538 1963 671 2026 trahentis]
698 1965 766 2014 Cum
791 1965 834 2013 bic
859 1962 935 2015 locus
960 1978 993 2014 ex
1018 1964 1212 2017 difficilioribus
1229 1966 1277 2024 sit,
1306 1966 1384 2015 etiam

299 2046 396 2110 itegeiii
414 2050 441 2097 et
462 2046 654 2110 Diiienburgeri
672 2047 905 2111 interpretationes
922 2059 1056 2111 apponere
1073 2050 1154 2099 iuvat.
1174 2051 1277 2099 Rusca:
1300 2047 1385 2098 «Atius

299 2129 408 2193 quidem
435 2129 557 2194 exemplo
582 2130 662 2180 trabit
687 2130 834 2193 perniciem
852 2133 888 2191 is,
918 2132 964 2194 qui
980 2134 1108 2195 perniciei
1133 2136 1229 2185 auctor
1254 2136 1314 2190 est;
1345 2132 1384 2179 bic

300 2216 389 2263 autem
408 2212 607 2277 intelligendum
625 2226 685 2263 esse
703 2226 779 2274 eum,
807 2216 852 2276 qui
877 2218 967 2265 mente
992 2216 1139 2279 perniciem
1156 2215 1281 2279 exempto
1301 2215 1384 2264 trabat

300 2298 334 2347 ad
359 2300 495 2362 posteros,
526 2298 589 2347 satis
615 2295 733 2347 declarat
759 2298 879 2360 opposita
905 2299 1050 2356 sententia,
1086 2300 1115 2347 St
1137 2314 1187 2349 non
1208 2300 1306 2361 periret
1335 2301 1382 2346 cet.

299 2381 476 2431 Praevidebat
493 2380 620 2443 Regulus,
651 2382 672 2429 si
691 2380 887 2430 redimerentur
904 2381 1016 2444 captivi,
1046 2381 1169 2445 exemplo
1186 2381 1336 2446 perniciem
1354 2379 1384 2429 ad

299 2468 423 2529 posteros
449 2466 622 2527 propagatum
648 2464 696 2523 iri;
732 2465 789 2526 ipse
817 2464 895 2526 igitur
922 2463 1121 2527 quodammodo
1149 2465 1315 2529 propagabat
1344 2463 1385 2514 tali

300 2546 423 2611 exemplo
441 2546 587 2610 perniciem
612 2547 647 2597 ad
673 2548 808 2610 posteros,
835 2560 898 2597 cum
923 2549 1023 2597 oritura
1040 2548 1103 2597 inde
1120 2548 1189 2599 maia
1206 2548 1383 2612 praediceret.

300 2632 381 2679 Recte
399 2630 557 2679 sententiam
576 2629 707 2692 expressit
723 2631 824 2678 norom
852 2631 893 2679 «in
911 2630 1061 2680 futurorum
1077 2632 1224 2695 perniciem
1240 2644 1385 2693 processu·

300 2726 376 2773 rum,
406 2714 428 2763 si
452 2712 502 2761 taie
520 2712 701 2761 deduceretur
727 2712 782 2774 (Ed.
802 2713 868 2762 Veu.
888 2712 967 2763 ttst:
994 2714 1136 2777 duceretur)
1161 2713 1315 2778 exemplum
1333 2717 1384 2765 ito-

300 2796 386 2845 manis
405 2808 457 2844 nou
474 2793 661 2858 pereuntibus,
681 2797 725 2858 qui
744 2797 802 2860 capi
820 2799 968 2861 poterant.»
1004 2800 1210 2847 biternecium:
1238 2798 1324 2848 «Vera
1343 2801 1385 2846 est

301 2876 385 2929 Codd.
399 2879 543 2941 scriptura;
563 2878 730 2942 participium
748 2882 838 2930 tamen
855 2880 975 2929 trahentis
992 2883 1113 2930 nonest:
1133 2882 1176 2943 qut
1187 2880 1317 2941 aubebot,
1337 2879 1383 2930 sed

302 2962 345 3022 qut
361 2961 478 3011 traheret.
513 2958 626 3023 negatus
651 2962 736 3021 enim,
763 2964 785 3013 si
810 2964 905 3027 captivi
925 2965 955 3012 ut
971 2963 1168 3013 redimerentur
1188 2965 1336 3023 suasisset,
1365 2963 1386 3013 si

303 3044 517 3108 obtemperasset
541 3044 690 3095 anticorum
715 3058 747 3094 ac
773 3047 851 3096 totius
870 3045 925 3096 iere
943 3046 1055 3096 ciuitatis
1073 3045 1213 3110 precibus,
1240 3048 1385 3111 perniciem

302 3129 359 3191 ipse
377 3140 425 3177 suo
443 3125 565 3191 exemplo
583 3128 608 3177 in
627 3127 742 3178 tutorum
759 3131 876 3178 aetatem
887 3130 1027 3189 traxisset,
1046 3129 1080 3179 ad
1092 3130 1224 3192 ignaviam
1237 3132 1383 3181 evocasset.

303 3211 396 3275 incipit
412 3212 490 3273 igitur
506 3224 520 3260 a
538 3225 580 3261 vv.
604 3216 627 3261 et
648 3213 761 3273 smmpto
782 3213 903 3261 bematis
924 3212 1096 3276 hypothetica
1115 3227 1197 3276 quam
1214 3214 1308 3263 dicunt
1323 3227 1385 3263 seu-

302 3295 399 3355 tentia,
419 3306 506 3358 neque
525 3294 551 3344 id
568 3297 659 3344 movet
676 3292 872 3356 difficultatem,
891 3295 964 3357 quod
981 3295 1096 3347 aiterum
1107 3297 1278 3359 participium
1295 3298 1385 3346 dusm-

302 3379 384 3427 ttentir
408 3381 450 3427 est
473 3392 522 3441 pro
549 3379 615 3441 «qui
632 3377 840 3439 dissentiebat»,
868 3379 949 3427 modo
967 3380 1154 3440 recordemur,
1184 3380 1211 3429 in
1228 3378 1273 3429 ilio
1290 3394 1385 3442 genere

301 3462 499 3510 enuntiatorum
525 3462 682 3509 coniunctivi
708 3460 781 3510 modi
807 3459 896 3511 iocum
922 3461 956 3510 ub
982 3462 1124 3511 indicativo
1145 3476 1227 3525 saepe
1251 3463 1382 3526 occupari.

303 3544 384 3593 Cuius
410 3544 448 3592 rei
474 3542 595 3606 exempla
621 3545 684 3593 satis
710 3545 844 3607 congessit
866 3546 963 3607 Zumpt
982 3546 1039 3595 Lot.
1059 3546 1104 3595 Gr.
1123 3545 1147 3608 fi.
1166 3546 1243 3596 ets.»
1287 3548 1385 3608 (Fateor

303 3630 407 3684 mmen,
425 3626 494 3674 banc
512 3626 755 3689 interpretationem
773 3627 851 3677 nimis
867 3627 1039 3679 artificiosam
1056 3629 1120 3679 mihi
1139 3628 1243 3689 videri.)
