2934 4884
792 349 920 400 llOllATll

477 510 586 593 Augur
607 514 639 572 ct
660 504 800 593 fulgente
822 506 964 571 decorus
986 526 1062 571 arcu

478 626 628 694 Phoebus
650 637 869 714 acceptusque
891 647 1008 701 novem
1030 628 1197 702 Camenis,

478 750 539 829 Qui
562 747 692 815 salutari
715 747 801 814 levat
822 758 892 815 erte
914 748 1017 814 fessos

562 869 714 957 Corporis
736 881 844 945 artus,

479 1029 512 1093 Si
534 1027 692 1093 Palatinas
715 1025 803 1093 videt
824 1047 951 1114 aequus
972 1047 1083 1102 arces,

477 1152 620 1237 itemque
643 1139 818 1215 Romanam
839 1149 1029 1237 Latiumque
1052 1148 1125 1216 lelix

477 1268 617 1336 Alterum
639 1270 670 1333 in
693 1268 828 1336 lustrum
850 1268 1032 1356 meliusque
1053 1290 1183 1358 semper

373 1488 413 1537 644.
432 1499 504 1535 arcos
529 1485 597 1545 libe,
624 1483 735 1534 Bentleii
760 1499 792 1535 ec
815 1487 931 1536 Pottierii
948 1484 1087 1550 plerique,
1113 1485 1144 1534 it
1159 1488 1188 1533 et
1204 1484 1350 1536 Bentleius:

340 1574 402 1611 orac
419 1562 444 1611 in
462 1574 477 1611 c
494 1572 647 1624 superscr,
665 1557 706 1619 ιλ,
725 1572 781 1608 ver.
800 1556 861 1611 lect.
879 1559 939 1621 βω,
957 1561 1025 1609 Pott.
1044 1559 1073 1619 4.,
1092 1559 1122 1618 o,
1141 1560 1216 1609 cili.
1236 1560 1298 1621 (Nos
1313 1572 1354 1609 se-

341 1638 419 1685 cutus
437 1636 478 1684 cst
494 1634 527 1697 J.)
557 1660 584 1669 —-
615 1634 742 1683 Ceterum
758 1631 843 1683 Bentl.
862 1636 890 1684 et
906 1635 957 1683 Fen
974 1632 1154 1695 distinguunt:
1173 1632 1213 1695 (si
1228 1633 1354 1683 Palatinos

340 1737 355 1747 -
367 1736 380 1746 -
392 1708 550 1772 Latinoque)
568 1708 630 1771 solio
647 1708 760 1757 illicitam
770 1712 822 1758 cet.
838 1734 865 1744 —
884 1708 925 1757 66.
942 1706 1004 1769 felic
1021 1706 1108 1757 edscr.
1128 1703 1185 1755 «vel
1200 1706 1309 1755 treton·
1326 1708 1352 1756 44.

341 1906 368 1955 ot
384 1904 450 1957 -64.
477 1902 556 1964 Vide,
583 1915 637 1966 quo
661 1902 750 1954 studio
778 1903 831 1953 iem
869 1901 1014 1964 0444444444
1036 1906 1059 1950 ct
1080 1904 1169 1951 cantor
1192 1914 1305 1963 corporo
1326 1903 1387 1965 fosso

307 1979 415 2028 tertium
440 1979 466 2027 in
483 1974 615 2041 Apolline,
648 1978 772 2040 Augusti,
802 1979 832 2026 nt
868 1976 959 2026 konnt
980 1975 1124 2038 Utrobique
1145 1989 1171 2025 v.
1192 1977 1273 2037 [444444
1293 1976 1386 2039 signifi-

307 2054 343 2104 itc
361 2053 461 2113 dicem,
488 2049 646 2115 exemplari,
673 2052 831 2115 praedicen-
869 2054 913 2101 cet
935 2049 1088 2112 languidum
1104 2062 1136 2097 ex
1154 2049 1261 2099 morbo.
1318 2113 1324 2121 ι

307 2128 342 2177 do
369 2128 526 2177 immoretur
546 2128 633 2189 poete.
662 2128 705 2175 uin
728 2126 830 2190 proedo
859 2125 863 2134 '
900 2125 989 2174 osor.
1007 2124 1036 2173 Si
1045 2124 1313 2190 reminas-wrm]
1324 2127 1387 2175 «iias

307 2203 406 2253 chorus
435 2200 542 2251 cecinit:
581 2200 647 2251 Dete
676 2214 746 2263 quoe
772 2213 832 2264 pre-
867 2199 954 2263 ipses,
972 2197 1019 2247 ubi
1036 2199 1115 2247 cantu
1129 2210 1385 2249 emmeramus·

306 2290 409 2337 camur,
429 2275 537 2326 Phoebe
555 2278 583 2325 ct
605 2275 695 2326 Diona.
731 2277 761 2326 ln
776 2288 832 2325 me·
869 2270 1170 2337 (Videzosimilocum.)
1205 2274 1247 2322 «si
1262 2274 1387 2339 propitius

306 2351 373 2402 sodo
396 2350 510 2401 eandem
530 2351 690 2401 sententiam
712 2351 829 2400 iteravit:
868 2348 988 2411 respicit,
1001 2349 1071 2395 utre
1082 2359 1146 2395 vero
1157 2348 1283 2410 respicit,
1297 2348 1387 2399 cedem

306 2424 401 2476 Audite
425 2429 528 2475 nostres
553 2437 662 2488 preces,
689 2422 781 2488 Apollo
804 2426 832 2473 et
868 2434 946 2473 enom
962 2424 989 2472 in
1006 2424 1096 2472 monte
1113 2421 1230 2473 Palatino
1247 2424 1284 2474 ab
1302 2428 1386 2487 Augu·

307 2500 388 2549 Luna.
406 2501 527 2562 Denique
539 2500 566 2548 in
577 2499 665 2563 epodo
676 2500 726 2548 Str.
741 2498 829 2549 46-49.
867 2498 909 2546 sto
932 2499 994 2546 ente
1016 2497 1068 2546 hoc
1090 2496 1250 2548 decennium
1267 2500 1387 2562 megnili-

307 2574 448 2623 universus
466 2574 564 2623 chorus
586 2574 654 2622 hanc
671 2573 830 2624 sententium
868 2572 1020 2621 centissime
1038 2573 1227 2622 exstructam.»
1253 2574 1325 2636 virg.
1343 2575 1386 2622 Ge.

306 2648 341 2697 lte
367 2648 478 2711 repetit,
508 2648 537 2695 ut
562 2659 614 2696 non
644 2646 697 2697 ium
722 2648 830 2696 numine
866 2648 896 2706 2,
914 2646 977 2695 535:
996 2646 1095 2709 (Rome)
1112 2646 1259 2708 septusque
1274 2661 1328 2697 444444
1345 2648 1388 2696 siti

306 2721 364 2784 ipsu
382 2718 543 2784 alloquatur,
570 2718 619 2770 sed
636 2720 671 2769 ed
688 2720 829 2785 populum,
866 2733 940 2770 mitro
956 2721 1117 2770 mandenti
1133 2734 1216 2780 arcem
1244 2724 1272 2771 et
1288 2722 1323 2771 de
1334 2724 1389 2786 ipso

306 2795 333 2844 ni
349 2791 431 2854 lallor,
451 2804 607 2853 conversus,
627 2795 703 2843 tertia
716 2808 830 2858 persona
867 2791 965 2843 Palatio
982 2793 1056 2843 Ovid.
1069 2795 1147 2845 Trist.
1161 2796 1188 2856 4,
1208 2795 1237 2853 4,
1255 2795 1304 2845 69:
1329 2798 1389 2845 For-

297 2866 388 2925 ,dlcet:
408 2866 531 2917 Phoebus
543 2870 570 2916 et
581 2866 663 2917 Diana
677 2881 740 2918 cum
749 2870 832 2919 44444-
867 2870 933 2918 sitan
948 2873 1086 2930 ccspoctct,
1112 2883 1147 2919 an
1168 2870 1195 2918 io
1216 2869 1272 2919 olto
1292 2871 1389 2919 Palatio

306 2952 398 2991 rorum
415 2940 472 3003 pies
488 2953 593 3005 preces
613 2954 680 3007 quos
698 2940 732 2993 illi
749 2944 776 2993 in
790 2957 832 2995 se·
866 2944 970 2992 maron
991 2942 1117 2991 Scitam
1138 2945 1162 2991 te
1183 2940 1284 2991 tuom
1299 2944 1388 2993 Coere-

306 3014 450 3065 crificoudo
467 3028 516 3079 pro
528 3015 633 3080 imperii
650 3015 830 3067 incolumitate
865 3030 985 3079 remique
1002 3018 1117 3078 domun,
1144 3015 1291 3080 (immutant
1305 3030 1388 3080 cuffe-

306 3093 484 3153 susceperunt
502 3090 630 3152 (Zosimus
642 3092 672 3153 2,
692 3093 753 3155 444.),
773 3094 829 3143 tum
866 3097 907 3142 rto
922 3092 983 3141 miti
1000 3091 1057 3141 loca
1072 3092 1147 3153 dique
1162 3091 1303 3154 iocorum)
1324 3093 1389 3143 i'cnit

306 3166 396 3215 nostro
418 3166 488 3227 quoe
511 3165 592 3215 modo
617 3166 829 3230 nuncupavimus
866 3166 893 3215 in
909 3166 955 3215 lior
969 3165 1017 3214 illc
1036 3165 1130 3229 4444444444
1145 3164 1178 3214 ab
1201 3179 1281 3215 arce
1303 3171 1386 3228 ceput.

306 3242 366 3291 vote
377 3238 492 3302 benigne
505 3242 607 3289 curent.
621 3242 760 3291 Postremo
772 3252 830 3290 cen
868 3237 1001 3290 Consolet.
1027 3239 1062 3289 ed
1087 3239 1186 3289 Liviam
1211 3241 1253 3290 64.
1276 3240 1310 3291 de
1336 3245 1389 3291 Au-

306 3317 361 3364 tem
379 3312 452 3362 chori
470 3324 548 3376 spem
566 3310 592 3363 id
610 3312 666 3364 iore
679 3314 828 3377 exprimit.»
866 3316 956 3376 gusto:
980 3314 1024 3363 iiic
1040 3314 1114 3377 cipit,
1132 3326 1231 3363 mnino
1248 3326 1321 3363 socer
1341 3316 1389 3376 ipsc

306 3390 420 3437 Srrmrn.
441 3414 468 3423 -
490 3388 586 3450 Auptrr]
604 3388 663 3438 vid.
683 3388 717 3438 4444
735 3388 783 3438 044.
804 3390 827 3447 4,
865 3389 961 3437 watto
984 3387 1013 3437 in
1028 3400 1125 3447 orco,
1149 3388 1197 3437 Aes
1215 3388 1346 3437 tonum
1360 3402 1390 3437 cc

305 3460 335 3521 4,
354 3460 393 3509 32.
422 3486 450 3499 -
476 3460 596 3525 tidpcnte]
624 3460 717 3526 Apollo
744 3460 829 3526 poetis
866 3463 1197 3526 uttocemorooipnoserat.
1213 3460 1389 3513 Alterelectio

306 3533 386 3585 modo
397 3532 590 3605 χρυσότοξος,
608 3537 690 3587 modo
704 3532 829 3606 ἀργυρό-
865 3550 928 3587 croc
954 3538 1034 3588 nimis
1061 3538 1147 3588 tenuis
1174 3537 1281 3587 videtur
1303 3541 1337 3586 et
1359 3550 1390 3587 ex

304 3606 402 3674 τοξος,
430 3612 460 3660 ut
482 3609 510 3661 44.
528 3626 562 3672 α,
586 3610 627 3660 37,
655 3640 682 3647 -
704 3610 828 3674 accepim]
865 3614 1029 3675 ignoratione
1054 3613 1250 3676 significationis
1273 3625 1299 3660 v.
1319 3625 1390 3662 arces

304 3684 393 3748 Enrip.
413 3684 482 3735 Med.
495 3684 557 3735 tto:
576 3682 692 3748 Φοῖβος,
711 3680 829 3757 ἀγήνωρ
866 3689 931 3738 orte.
953 3712 981 3722 -
999 3688 1106 3749 licimo
1116 3688 1255 3737 Romanam
1270 3686 1390 3736 4444444444-

303 3756 422 3824 pellor.
450 3760 529 3823 Orph.
552 3760 649 3823 Hymn.
671 3760 715 3821 34,
739 3761 763 3809 6.
788 3763 830 3811 est
866 3763 1069 3826 que-Proropot]
1082 3760 1390 3813 Memorluisseridetur

304 3832 502 3900 Μουσαγέτης,
521 3836 550 3883 ul
566 3832 628 3885 alibi
645 3832 783 3884 Hercules.
799 3862 827 3871 -
865 3834 990 3885 versiculi
1015 3836 1124 3885 Enniani
1149 3838 1216 3885 Ann.
1241 3836 1269 3883 4;
1294 3834 1390 3885 Anam

304 3909 505 3972 leont-fessor-
517 3910 602 3971 ortus]
624 3909 765 3960 «medetur
780 3922 828 3959 ce·
866 3913 901 3959 est
916 3922 1010 3971 operae
1027 3911 1150 3971 protimn,
1173 3910 1308 3971 promam
1325 3916 1390 3961 mn

305 3982 387 4045 gris»,
406 3984 437 4032 ut
453 3980 546 4033 Celsus
564 3981 701 4033 l.Preci.:
719 3982 829 4033 lenatico
866 3985 915 4047 (iet
938 3996 993 4033 rem
1008 3986 1149 4034 Amnem
1169 3984 1320 4046 rasumque
1344 4000 1390 4035 oe·

304 4056 387 4121 rioms
397 4056 607 4108 commmorbom
617 4070 675 4107 ecco.
698 4056 791 4107 Tibull.
801 4057 826 4117 i,
864 4072 963 4122 poscere
976 4059 1058 4109 coitis.
1071 4086 1100 4096 -
1112 4060 1143 4109 V.
1155 4060 1219 4123 felir
1234 4059 1314 4121 iunge
1328 4072 1389 4111 cum

305 4129 338 4189 4,
357 4130 397 4180 444.
425 4131 459 4181 ed
476 4131 635 4197 Apollinem:
666 4132 758 4182 Sancte
771 4132 828 4181 oeni
865 4145 892 4181 v.
911 4134 1026 4194 4444444444,
1045 4131 1327 4199 necereetc‘xroctp.
1347 4135 1389 4185 A*

305 4208 431 4265 immoque
452 4204 522 4267 serm
551 4207 690 4268 qttlotmqtoe
716 4219 826 4269 sopores,
864 4212 945 4257 stium
972 4211 1076 4269 autem,
1107 4210 1229 4259 itomonis
1255 4208 1389 4279 περίοδος
