2934 4884
538 309 597 359 ΗΒ.
617 310 665 359 lu.
696 310 724 359 C.
745 312 787 360 lll.

334 436 444 531 Omne¹
464 482 593 529 sacrum
614 468 760 551 rapiente
782 464 904 532 dextra.

247 622 443 711 Quicunque
466 622 587 688 mundo
609 622 766 691 terminus
787 624 922 699 obstitit,

249 746 342 811 llunc
363 754 473 831 tanget
495 745 608 821 armis,
631 746 739 811 visere
762 746 920 833 gestiens,

288 866 360 947 Qua
381 874 473 953 parte
496 864 737 933 debacchentur
757 867 864 953 ignes,

332 985 405 1066 Qua
425 984 564 1053 nebulae
586 984 752 1073 pluviique
773 1007 875 1054 rores.

247 1142 314 1211 Sed
335 1138 499 1211 bellicosis
521 1142 583 1209 lata
606 1142 785 1223 Quiritibus

246 1266 314 1331 llac
336 1263 408 1352 lege
430 1263 520 1339 dico,
544 1284 586 1330 ne
608 1264 744 1331 nimium
764 1266 809 1352 pii

184 1500 223 1550 at.
249 1502 403 1562 meamque
425 1497 543 1549 malebat
566 1497 650 1551 Bentl.
678 1527 705 1537 -
728 1502 817 1551 mmo
838 1502 871 1562 L,
898 1504 928 1551 ut
948 1500 1028 1553 ltald.
1052 1504 1172 1569 cruquit‚

153 1574 266 1625 Pottisrii
283 1574 324 1623 ἢ.
343 1573 393 1623 llei
410 1574 438 1623 et
454 1570 548 1635 reliqui
566 1575 632 1623 Pott.
650 1576 757 1633 mondo3
775 1576 840 1625 item
857 1578 956 1626 «nasim
972 1579 1174 1641 praeterunum

153 1650 179 1697 et
194 1646 309 1699 alterum
326 1660 359 1697 ex
373 1646 593 1698 recentioribus.»
611 1648 703 1697 Burri..
724 1674 753 1685 -
771 1648 813 1700 st.
831 1654 916 1715 manet
932 1650 1006 1701 bSTc
1028 1653 1056 1702 at
1076 1664 1172 1704 omncs

152 1723 217 1773 Pott.
237 1726 346 1786 praeter
361 1734 457 1773 mum:
476 1726 566 1785 mnam
582 1724 648 1772 Pott.
662 1722 718 1783 ἢ,
738 1723 836 1773 bell-'ll
852 1726 880 1773 at
895 1725 979 1776 Bentl.
1000 1752 1028 1763 -
1041 1726 1081 1775 oo.
1095 1725 1173 1776 debo-

151 1798 258 1846 cbontur
272 1798 301 1846 T.

123 2004 547 2064 terbammnormuaetsamen,
571 2002 643 2067 quod
681 2004 722 2065 tit,
752 2004 833 2053 donor
859 2004 934 2066 steht,
964 2018 1051 2069 eoque
1079 2006 1203 2069 impedit,

122 2089 181 2126 cum
206 2076 321 2126 deorum
347 2076 391 2135 sit,
421 2078 576 2141 exemptum
604 2078 644 2126 est
681 2078 834 2139 quominus
852 2078 968 2129 mundus
985 2078 1053 2129 ultra
1069 2091 1099 2128 aa
1112 2082 1207 2130 extan-

121 2152 177 2201 usui
202 2152 330 2201 humano.
355 2150 437 2201 Plaut.
462 2152 532 2201 Trio.
556 2150 587 2211 l,
611 2150 641 2211 l,
680 2150 741 2210 dat,
774 2163 837 2201 sum
865 2150 990 2202 claudit.»
1034 2152 1203 2213 Requirltur,

121 2224 164 2274 ³6:
188 2226 275 2287 Neque
291 2225 344 2274 tetis
361 2226 496 2287 quicquam
515 2226 567 2289 leae
582 2238 643 2275 aan-
680 2225 778 2288 inquit,
806 2224 926 2275 absumit
948 2224 991 2277 vel
1013 2227 1103 2290 potius
1119 2226 1203 2277 obstet.

121 2304 220 2358 rtrum
243 2300 309 2363 lenes
326 2300 392 2349 mori
411 2302 537 2358 semema·
560 2302 644 2350 Mores
679 2301 766 2349 lmmo
798 2301 893 2349 neutra
921 2300 972 2349 bac
1005 2300 1205 2351 constructione

121 2380 202 2425 amna
217 2387 310 2437 rapere
323 2380 464 2437 properant
480 2388 644 2437 qanacoum
680 2384 746 2423 usus
762 2386 882 2437 unquam
900 2376 973 2424 esset
995 2373 1132 2434 Horatius,
1159 2376 1206 2438 qni

122 2462 170 2509 qna
182 2448 322 2511 publiano.
338 2474 366 2485 -
378 2449 475 2499 Amano
490 2450 643 2512 insontum
679 2450 833 2500 constanter
848 2462 911 2501 cum
928 2464 954 2499 v.
967 2451 1108 2511 quimus
1123 2450 1208 2512 iungit

120 2535 232 2585 me
248 2524 291 2572 est
308 2520 394 2573 snalla
410 2536 521 2586 prorsus
539 2522 643 2588 cupidi·
678 2522 846 2576 indicativae.
875 2552 904 2561 -
929 2524 1036 2588 mdo]
1055 2524 1126 2575 linus
1142 2526 1207 2574 Pot-

109 2598 168 2647 'tnte
194 2595 308 2647 accendi
329 2594 363 2645 ad
386 2596 444 2645 auri
462 2609 546 2647 venas
566 2599 642 2648 inve·
679 2598 747 2648 tierii
765 2598 830 2649 cod.
849 2600 890 2649 22.
908 2600 1011 2660 mundi,
1029 2596 1103 2661 quod
1119 2595 1207 2662 place·

120 2670 277 2734 stigandus.»
297 2671 461 2733 Frequenter
472 2674 563 2722 autem
575 2670 642 2723 tales
679 2671 726 2722 bat
737 2672 849 2732 Vossi03
869 2672 918 2723 sed
934 2672 1068 2737 pedestris
1086 2673 1128 2721 est
1143 2685 1206 2722 ora·

120 2748 176 2795 sunt
193 2746 253 2807 auri
270 2745 467 2795 exsecrationes
486 2746 557 2809 apud
574 2748 642 2797 anti-
679 2748 774 2806 donis,
796 2760 860 2798 cum
885 2748 925 2798 alc
949 2747 1029 2798 nimis
1051 2744 1206 2796 debilitetur

120 2832 192 2883 quos.
217 2816 341 2883 Sophocl.
360 2818 445 2883 Antig.
464 2820 522 2869 22⁴.
552 2822 643 2871 Timo-
678 2822 749 2872 actio
765 2834 791 2871 ν.
810 2822 910 2872 abnuo.

121 2906 198 2945 creon
221 2894 249 2943 in
271 2892 435 2942 Schneider.
458 2892 515 2943 Del,
530 2907 564 2981 q).
582 2894 639 2947 leo.
711 2895 753 2946 tl.
782 2896 880 2959 mast]
908 2896 996 2946 «Huic
1018 2907 1092 2945 arma
1109 2892 1207 2944 inierat

121 2968 210 3033 Bergk.
220 2982 247 3033 p.
261 2968 309 3017 8⁰9
318 2982 323 3015 :
331 2960 455 3028 ’Ὡφελέν
467 2969 505 3028 rr,
517 2984 540 3015 ω
552 2968 642 3031 τυφλέ
679 2982 796 3033 eumque
813 2970 841 3020 in
852 2970 985 3020 dicionem
998 2982 1076 3019 suam
1091 2968 1204 3029 rediget,

120 3040 242 3103 Πλοῦτε,
272 3038 347 3107 μήτε
373 3039 410 3108 γῆ
438 3038 505 3107 μήτ’
531 3041 562 3093 ἐν
586 3044 642 3095 θα·
679 3042 776 3093 bellico
801 3056 865 3093 cum
889 3043 992 3106 impetu
1016 3056 1049 3092 ac
1076 3041 1206 3092 victoriae

120 3115 211 3189 λάσσῃ
233 3112 302 3182 μήτ
326 3115 356 3167 ἐν
377 3094 484 3189 ἠπείρῳ
501 3116 640 3185 φανῆναι,
679 3120 753 3167 certa
786 3116 921 3181 (nostum)
951 3118 1097 3179 penemeos
1124 3118 1152 3166 et
1178 3116 1206 3166 in

117 3186 193 3243 Ἀλλὰ
216 3187 367 3261 Τάρταρόν
388 3206 419 3241 rs
441 3195 531 3243 votem
552 3188 641 3255 κάχέ-
678 3204 773 3241 zonam
785 3188 899 3253 gelidam
916 3191 944 3239 ct
959 3190 987 3239 io
1002 3190 1140 3249 torridam,
1158 3189 1206 3241 obi

119 3281 218 3352 qomv
242 3252 290 3316 ded
313 3264 348 3317 ol
363 3261 419 3338 γὰρ
435 3262 517 3316 πάντ’
535 3261 593 3319 ἔστ’
610 3268 642 3320 ἐν
679 3264 742 3318 solis
758 3266 828 3328 squar
843 3264 899 3313 vim
910 3276 987 3313 suam
998 3264 1075 3326 quasi
1087 3262 1207 3316 iuribus·

119 3337 282 3413 ανθρώποις
314 3337 402 3390 κακά.
445 3342 548 3392 Seneca
581 3344 639 3394 Nat.
679 3340 905 3391 damexercent.»
925 3338 1207 3401 Tootqctautamprae-

119 3417 223 3475 Quaest.
243 3414 273 3475 l,
298 3416 344 3465 nt:
373 3416 442 3477 ουω
464 3420 537 3465 mato
557 3430 642 3467 neces·
679 3413 725 3464 tuli
744 3412 856 3463 aliorum
873 3416 975 3475 masat,
994 3412 1022 3460 et
1039 3410 1207 3473 quiavatici-

118 3491 175 3541 n'toe
207 3490 333 3539 bomtnsrn
360 3490 394 3539 ad
423 3490 507 3539 rtdero
534 3496 643 3541 meatum
680 3490 759 3538 natur
775 3488 855 3546 luno,
874 3488 902 3535 et
916 3486 1028 3550 propter
1045 3481 1129 3533 codd.
1144 3496 1207 3534 con-

118 3564 261 3615 numano
282 3568 306 3612 ot
328 3562 420 3625 defodit
442 3568 466 3613 et
488 3563 515 3612 ln
536 3564 643 3627 surdum
679 3573 800 3613 sensum.

118 3640 210 3689 mimir
235 3639 337 3702 manos
364 3638 463 3699 mersit,
489 3640 518 3686 at
546 3646 643 3691 meru
712 3637 753 3685 156.
776 3632 861 3697 rores]
879 3635 910 3683 ut
925 3627 1049 3704 δρόσος,
1069 3632 1103 3681 da
1115 3631 1207 3681 cadus

118 3726 209 3763 cmm
232 3726 284 3761 non
305 3713 403 3762 minora
427 3712 541 3775 pertusio
564 3726 643 3774 quaa-
678 3712 718 3761 vis
736 3710 842 3773 generis
859 3721 928 3772 aqua
945 3706 1017 3772 apud
1033 3708 1145 3772 poetam
1176 3706 1203 3755 h.

119 3790 221 3837 rendum
240 3798 318 3847 quam
330 3784 526 3849 numdandm?
553 3786 640 3837 Manil.
679 3783 696 3834 l.
715 3798 765 3849 pro
781 3782 923 3834 imbribus.

119 3861 143 3919 t,
159 3862 219 3911 276.
239 3860 273 3910 de
298 3860 445 3911 mmento:
473 3861 545 3922 Quod
563 3860 643 3911 nolum
712 3859 835 3909 oi-oo.
871 3857 944 3907 «sad
971 3856 1045 3907 orbis
1072 3857 1206 3904 terrarum

119 3936 198 3987 desit
212 3934 332 3984 mortales
347 3934 569 3985 marcatellum.
681 3934 836 3997 imperium,
863 3930 898 3979 ad
915 3929 989 3993 quod
1006 3928 1058 3979 lata
1075 3929 1206 3978 Romanos

148 4008 644 4073 53.0m'crmqrre]«adultimumqusm-
680 4010 792 4067 vocant,
821 4019 854 4055 ea
881 4008 971 4055 umen
992 4001 1149 4053 condicione
1173 4000 1206 4052 lis

120 4084 156 4134 vis
173 4084 332 4145 terminum,
354 4084 414 4147 qui,
441 4084 534 4134 natura
551 4096 642 4133 rerum
679 4082 825 4140 vaticinor,
856 4081 886 4128 ut
914 4077 1066 4128 abstineant
1090 4088 1107 4125 a
1129 4075 1206 4126 Troia

120 4159 155 4208 sic
166 4158 286 4219 iubente,
305 4157 406 4209 mundo
418 4155 554 4209 habitabili
566 4157 642 4208 abatt-
681 4155 857 4220 reparanda.»
870 4176 897 4191 ··
914 4151 961 4215 pls]
979 4152 1006 4202 in
1016 4146 1204 4223 μητρόπολιν,
