2934 4884
463 367 522 417 nte.
544 368 584 415 lV.
621 366 649 417 C.
670 368 735 419 iitv.

272 519 454 607 Medusque
476 530 507 587 et
528 520 644 595 lndns,
669 531 699 587 te
723 520 878 609 prologus
901 522 1040 612 Scythes

311 640 463 714 Miratur,
487 662 508 707 o
531 639 630 707 tutela
651 661 808 728 praesens

354 760 463 827 ltaliae
486 761 704 849 dominaeque
727 765 859 830 Romae.

271 936 331 1012 Te,
355 934 488 1002 fontium
510 936 565 1024 qui
589 936 671 1003 celat
699 938 850 1025 origines,

269 1056 424 1143 Nilusque
446 1066 479 1124 et
500 1058 599 1133 lster,
624 1068 655 1124 te
677 1058 811 1145 rapidus
833 1059 952 1145 Tigris,

314 1178 356 1243 Te
378 1175 534 1244 beluosus
556 1178 611 1265 qui
634 1178 766 1244 remotis

354 1296 520 1384 Obstrepit
542 1298 695 1364 Oceanus
716 1300 891 1373 Britannis,

163 1540 205 1591 44.
225 1540 371 1602 dominoque
387 1540 415 1590 T.
445 1568 471 1575 —
499 1538 540 1590 46.
558 1540 641 1589 Hister
657 1540 721 1590 Tod.
748 1566 777 1577 -
807 1540 848 1592 li.
867 1541 993 1593 maicone
1012 1542 1039 1593 d.
1059 1543 1156 1606 (Ceteri

131 1616 185 1665 mei
202 1614 331 1675 ietwnn,
350 1626 403 1664 non
420 1612 555 1675 leiiuann,
573 1614 603 1663 ut
620 1612 696 1675 Edd.)

101 1837 136 1885 ria
154 1836 228 1885 teian
244 1835 298 1885 tier
313 1848 340 1885 aa
356 1835 417 1897 ciel,
436 1834 474 1885 atr
489 1835 529 1884 dia
544 1834 624 1885 Merr-
693 1834 786 1887 46-48.
802 1837 918 1900 ortptner]
938 1838 1031 1890 «cuius
1042 1838 1128 1890 lonas
1140 1840 1190 1891 ad-

100 1910 178 1973 anon
199 1910 260 1959 iiber
282 1909 330 1959 nile
353 1910 441 1959 Vo'iirer
456 1908 623 1960 atnbreiten.»
660 1908 714 1958 huc
730 1910 812 1973 ignoti
829 1914 918 1961 sunt.»
937 1911 1029 1962 Tibull.
1043 1913 1073 1973 t,
1092 1914 1121 1975 t,
1141 1915 1188 1964 23:

102 2010 127 2019 -
146 1982 288 2046 arropaait]
308 1982 412 2033 «liebus
430 1984 483 2033 iam
498 1981 561 2033 olim
573 1983 624 2033 tuis
660 1984 717 2031 Nile
730 1989 818 2046 pater,
837 1998 951 2047 qaenam
966 1987 1096 2048 posrirnte
1108 1989 1191 2038 diem

99 2058 224 2121 auspiciis
246 2059 274 2105 ei
295 2059 339 2105 tuo
361 2056 442 2106 ductu
462 2057 542 2119 gestis
560 2056 624 2105 For·
660 2070 740 2106 cansa
755 2064 801 2106 aut
816 2058 905 2119 qnietis
924 2060 952 2109 in
968 2060 1190 2111 terrisoccniniaae

99 2134 160 2181 tuna
188 2131 299 2181 devietis
322 2131 410 2181 Raetis
428 2130 623 2193 Vindelicisque
660 2130 755 2193 capnt?
772 2133 948 2192 Lucanuslti,
962 2133 1009 2183 493
1018 2146 1070 2196 sq.¹
1083 2132 1130 2183 ubi
1141 2148 1190 2183 ve·

99 2218 196 2255 novam
213 2206 266 2255 iam
283 2204 391 2255 laudem
408 2218 440 2255 ec
451 2203 563 2268 gloriam
575 2204 624 2254 ad·
661 2207 750 2255 terum
773 2205 807 2255 de
830 2205 886 2256 Nilo
910 2207 1049 2270 opiniones
1069 2208 1188 2270 exponit,

99 2278 190 2329 didit.»
216 2280 260 2329 Sic
276 2280 348 2329 enim
365 2278 435 2330 malo
455 2278 623 2343 interpretari
660 2292 686 2327 v.
700 2277 765 2329 atti:
786 2278 836 2328 Nili
853 2279 982 2329 arcanea
997 2282 1188 2343 Naturaeapat

99 2366 181 2417 quam
205 2366 267 2403 oum
293 2353 362 2404 aliis:
391 2354 530 2418 nimperiis
557 2354 622 2413 tuis,
660 2367 712 2403 non
732 2354 845 2414 prodidit
868 2355 922 2403 niti.
951 2380 980 2391 -
1008 2352 1081 2404 Nilus
1106 2368 1190 2405 cornu

99 2441 168 2491 qirae
199 2427 309 2479 feliciter
334 2427 455 2478 Tiberius
481 2430 623 2479 exsecutus
662 2428 755 2490 copiae
779 2440 859 2478 manu
882 2431 978 2479 tenens
1001 2441 1063 2479 cum
1084 2428 1191 2479 filiabus

98 2504 152 2562 est,
181 2500 289 2551 laudem
310 2502 448 2564 decusque
465 2501 589 2564 praebuit
600 2516 622 2559 ς»
661 2502 813 2564 Memphide
824 2502 1023 2551 ettnchirrhoe
1036 2504 1117 2565 atque
1129 2504 1190 2552 Ete-

98 2578 123 2625 in
150 2590 203 2639 qna
226 2574 399 2640 explicatione
422 2588 475 2625 non
497 2576 561 2625 satis
578 2588 624 2625 re-
661 2575 707 2625 siis
725 2579 766 2625 est
783 2577 809 2625 in
826 2576 996 2639 sardonyche
1015 2576 1086 2640 apud
1098 2575 1190 2626 Millin·

98 2652 208 2715 spiciiur
226 2651 264 2699 vis
280 2664 306 2698 v.
325 2650 465 2712 arropaait.
661 2662 712 2712 gen
729 2649 790 2699 Ana.
809 2652 878 2699 Mon.
897 2651 928 2700 li.
947 2652 976 2700 T.
996 2651 1036 2700 ii.
1057 2677 1085 2687 -
1109 2651 1190 2715 Tiprla

128 2722 235 2775 tt-tt.
263 2722 399 2786 Cantaber]
428 2721 475 2772 cd.
494 2724 525 2783 2,
549 2721 577 2783 6,
597 2722 621 2771 6.
661 2722 1109 2788 obrepiditateme-Medisdiotus,
1126 2725 1188 2787 quia

97 2798 145 2847 0d.
166 2798 196 2857 3,
223 2798 252 2858 8,
275 2798 315 2847 36.
338 2824 364 2833 -
387 2798 522 2859 Medanqae
538 2800 562 2844 et
579 2796 624 2845 ln-
661 2799 734 2861 tiprir
751 2812 845 2848 eornm
862 2796 951 2861 lingua
973 2800 1076 2863 tapitta
1105 2799 1189 2849 Varro

97 2872 149 2935 dut]
169 2872 242 2921 Suet.
262 2870 317 2919 Oct.
336 2870 383 2919 il:
409 2871 483 2919 indat
500 2870 576 2919 etiam
593 2884 624 2919 ac
661 2872 710 2921 LL.
730 2874 759 2933 6,
778 2874 820 2922 20,
850 2873 1004 2935 Estigitur:
1025 2874 1187 2935 «aegyptus,

96 2946 203 3006 Seytltaa
227 2944 316 2993 andita
339 2944 412 2992 modo
437 2944 547 3006 cognitae
566 2944 623 3004 pel-
661 2946 756 3005 Dacia,
775 2948 901 2995 Armenia
919 2951 945 2996 te
957 2948 1144 2996 venerantur.»
1160 2974 1188 2981 -

95 3020 158 3069 lenit
184 3018 218 3067 ad
240 3017 378 3066 amicitiam
398 3030 471 3065 samm
487 3016 624 3079 populique
661 3018 781 3081 banosus]
799 3018 846 3067 Od.
866 3019 895 3078 3,
914 3020 960 3078 27,
981 3021 1029 3068 26:
1056 3025 1190 3069 natantem

95 3092 204 3143 Romani
220 3091 286 3140 altra
302 3104 350 3151 per
366 3092 461 3154 lepatar
480 3092 621 3152 petendam.
660 3092 865 3151 Beinispontarn.
888 3093 950 3140 Sine
963 3104 1043 3141 causa
1056 3094 1107 3141 llP.
1121 3093 1188 3142 hae·

98 3167 160 3229 (Clr.
180 3164 215 3215 ad
233 3166 321 3214 Carm.
333 3176 387 3213 sec.
399 3164 449 3225 66.)
467 3165 553 3213 Parthi
565 3179 625 3226 qna-
661 3166 695 3213 sit
718 3164 744 3212 in
768 3163 839 3211 «irae
859 3176 927 3212 voce
950 3163 1048 3213 dubiae
1074 3167 1191 3214 anctori-

96 3254 144 3301 qna
170 3244 193 3287 et
218 3238 363 3287 Anneniam
386 3238 524 3287 uindicanti
548 3239 624 3301 sanila
662 3238 734 3296 talis,
770 3249 839 3299 quae
874 3249 1006 3299 nusquam
1040 3238 1091 3287 nisi
1118 3239 1191 3300 apud

95 3316 234 3371 cenaene,
261 3316 285 3361 et
300 3312 373 3374 apta
392 3312 531 3371 militaria,
559 3324 625 3372 qnae
662 3312 793 3361 avienum
816 3310 871 3371 (Or.
892 3322 958 3358 mer.
977 3309 1046 3372 atti.)
1070 3311 1191 3360 invenia-

95 3389 132 3438 44.
151 3387 243 3436 Cra-tm
259 3390 282 3434 et
297 3386 332 3434 M.
349 3376 622 3444 Antonio'odernerant,
664 3387 735 3443 turp
757 3396 829 3432 nunc
846 3382 970 3445 quidem,
990 3384 1122 3442 concedo,
1141 3383 1191 3433 sed

95 3460 235 3523 reposcenti
251 3460 420 3509 reddiderant.
442 3485 469 3495 -
490 3460 623 3523 prosapias]
663 3460 728 3521 quot
745 3459 839 3521 poetae
860 3457 945 3506 Latini
966 3458 1115 3521 perierunt!
1146 3457 1192 3507 Est

95 3535 145 3585 Od.
166 3535 194 3593 4,
222 3532 268 3592 36,
295 3532 319 3581 9.
350 3532 397 3582 0d.
417 3532 447 3594 3,
474 3533 521 3594 et,
549 3534 573 3582 9,
595 3558 622 3569 -
663 3532 772 3582 Homeri
789 3528 966 3596 μεγακήτης.
984 3532 1102 3594 Theogn.
1126 3532 1188 3581 iia:

96 3606 223 3669 Miratur]
254 3606 423 3669 «potentiam
450 3619 481 3655 ac
513 3605 625 3669 gloriam
664 3605 693 3667 ἐς
716 3601 887 3671 βαθυκήτεα
909 3602 1024 3655 πόντον.
1059 3605 1193 3656 cauom

96 3684 172 3731 tuam
200 3679 364 3743 stupefactus
393 3682 563 3730 reveretur.»
596 3708 623 3717 —
664 3679 830 3729 autemdicit
846 3694 879 3729 ex
894 3680 1090 3743 unigenitam,
1109 3690 1192 3743 qnam

97 3754 184 3817 imola]
203 3766 261 3803 voc.
281 3766 371 3817 propr.
384 3753 417 3803 de
435 3753 519 3816 seniis
536 3752 623 3803 bonis.
665 3756 800 3803 memorat
821 3756 934 3804 Pausan.
954 3754 982 3815 4,
1005 3753 1033 3813 3,
1052 3755 1081 3803 a:
1107 3753 1192 3802 Ocea·

98 3855 127 3865 -
143 3840 265 3890 praesens
280 3826 533 3890 hacsignilicatione
546 3828 626 3876 Grae·
665 3841 716 3878 nus
744 3826 787 3877 ille
814 3830 971 3898 παρέχεται
994 3827 1085 3897 θηρία
1108 3820 1192 3877 οὐδὲν

97 3904 136 3952 cis
160 3904 203 3951 est
226 3898 378 3966 ἐπιφανής.
415 3900 561 3953 Menander
584 3902 624 3949 Fr.
666 3896 785 3951 ἐοικότα
793 3900 893 3963 τοῖςέν
902 3896 1038 3971 θαλάσσῃ
1047 3897 1081 3972 τῇ
1094 3897 1190 3969 λοιπῇ.

98 3978 151 4027 inc.
164 3978 226 4025 252:
246 3970 307 4026 Οὐκ
324 3970 386 4026 ἔστι
404 3973 516 4040 τόλμης
526 3974 628 4036 daima-
670 4003 696 4010 -
711 3973 841 4037 conrepta]
860 3977 890 4023 nt
901 3973 948 4024 Od.
962 3976 991 4034 2,
1011 3975 1053 4034 48,
1073 3976 1119 4024 20:
1137 3976 1193 4024 Ma-

99 4051 221 4118 νεστέρα
246 4045 311 4099 θεά.
342 4079 367 4085 -
398 4048 526 4111 dominae]
556 4048 630 4098 orbis
667 4050 752 4110 risqrw
766 4048 837 4097 Baiis
854 4048 1020 4109 obsaepentis.
1040 4072 1068 4084 -
1088 4048 1194 4098 Britan-

98 4134 244 4180 terrarnni.
275 4123 323 4173 Od.
349 4123 377 4184 l,
405 4124 435 4183 3,
464 4124 508 4173 43;
539 4124 632 4173 Ranae
668 4122 714 4185 nis]
733 4122 781 4171 Od.
802 4120 829 4181 4,
848 4122 893 4179 2⁴,
913 4121 953 4169 46.
972 4120 1019 4170 Od.
1039 4120 1068 4183 4,
1087 4120 1132 4182 36,
1150 4121 1190 4171 30.

96 4198 220 4259 principis
236 4196 345 4247 atulam.
669 4195 717 4245 Od.
740 4194 769 4254 3,
792 4196 822 4253 t,
845 4194 869 4243 3.
905 4191 992 4257 virgil.
1015 4193 1068 4244 Ecl.
1094 4195 1121 4257 4,
1144 4196 1192 4245 67:
