2934 4884
475 353 534 403 ΗΒ.
551 354 593 402 lll.
630 355 659 402 C.
678 351 775 403 xxvii.

401 953 637 1017 cm
666 953 844 1018 RVH·

247 1123 365 1212 lmpios
387 1143 504 1210 parrae
529 1123 703 1192 recinentis
725 1143 822 1190 omen

115 1301 236 1440 mimi:
256 1304 338 1438 him
351 1301 419 1365 volg.
438 1302 476 1352 Ad
493 1301 637 1363 umnam,
657 1304 684 1352 et
701 1303 739 1352 sio
757 1301 843 1352 Codd.
863 1303 954 1353 nostri.
975 1305 1020 1364 (ST
1032 1305 1134 1356 addunt

161 1391 175 1426 ο
224 1390 268 1426 soe.

115 1535 209 1584 llllvll.
224 1536 298 1584 olion
309 1532 386 1584 molis
399 1533 525 1597 equidem
537 1533 605 1582 onii-
640 1534 852 1597 reprehensione
876 1535 971 1598 dignus
993 1540 1035 1586 est
1055 1539 1167 1587 ornntus

89 1607 157 1658 nibus
174 1611 214 1670 te,
234 1607 354 1669 Galatea,
373 1621 455 1672 quom
472 1609 526 1657 tam
538 1606 603 1656 invi-
640 1609 776 1672 poeticus,
796 1609 846 1659 sed
863 1609 897 1659 ed
915 1611 972 1674 ipso
988 1612 1053 1660 erus
1068 1624 1166 1661 eroene

89 1683 124 1730 tus
139 1682 254 1742 dimitto,
275 1681 309 1731 eb
327 1683 433 1740 itinere,
457 1680 530 1743 quod
547 1694 603 1730 me-
641 1681 737 1732 reterri
755 1683 851 1743 debet,
878 1684 976 1748 quibm
992 1686 1098 1750 penitus
1114 1687 1166 1736 ini-

89 1756 183 1818 ditnris,
201 1755 361 1816 deterrebo,
379 1757 462 1806 immo
480 1754 602 1806 deosve-
641 1757 719 1806 tintus
748 1761 807 1807 eret
840 1760 921 1809 etiem
954 1758 1035 1810 Boldo
1064 1763 1164 1810 noster.

89 1829 206 1889 uerebor,
233 1833 263 1880 ut
284 1829 362 1880 honis
379 1828 473 1879 nvibus
491 1829 517 1877 te
536 1841 602 1891 pro·
640 1831 800 1895 Exemplum
828 1837 887 1883 esto
915 1834 985 1895 epra
1009 1835 1168 1898 Ppttoporne

89 1902 160 1952 donni
181 1902 304 1961 iubeent;
328 1903 378 1952 sed
399 1901 461 1952 licet
477 1913 542 1951 eves
559 1901 602 1949 iti·
638 1907 725 1968 Lyric.
744 1907 775 1966 l,
793 1907 834 1956 et.
853 1908 918 1972 Opp.
937 1909 1067 1958 Monechii
1090 1909 1163 1959 4729.

88 1977 137 2025 neri
154 1979 197 2026 tuo
212 1977 352 2036 addicent,
371 1977 468 2039 cogite,
488 1987 600 2039 quaeso,
639 1981 667 2030 T.
682 1981 700 2028 l.
719 1993 747 2044 p,
766 1980 806 2030 82.
834 1979 993 2031 incredibile
1011 1984 1101 2032 eutem
1114 1984 1164 2040 est,

88 2064 159 2113 quom
180 2065 277 2113 greves
299 2053 350 2100 hoo
372 2052 441 2115 ipso,
470 2051 543 2114 quod
559 2051 602 2099 in·
641 2066 707 2116 ques
724 2053 751 2102 in
769 2054 849 2103 triens
867 2067 928 2104 sese
947 2055 1111 2106 coniecerim
1122 2058 1166 2106 ln·

88 2127 142 2184 stat,
160 2127 221 2176 enni
245 2129 366 2189 tempore
384 2127 557 2188 tempestates
575 2124 601 2173 in
640 2129 783 2190 terpretes.
804 2128 881 2186 Quid,
895 2129 1002 2191 quodF.
1013 2132 1043 2179 Α.
1054 2128 1165 2179 Sohnlzo

88 2200 146 2248 meri
169 2201 232 2248 oriri
258 2198 369 2250 soleant.
411 2199 482 2249 Cave
508 2199 600 2260 igitur,
640 2215 672 2251 eo
691 2213 778 2264 usque
795 2213 955 2266 progressus
972 2203 1023 2263 est,
1041 2206 1071 2252 ut
1088 2201 1166 2252 Gele-

87 2285 115 2322 ue
132 2273 175 2322 tibi
197 2274 283 2323 lrnudi
305 2274 339 2323 sit
361 2287 403 2334 ee,
428 2286 509 2336 quam
531 2285 602 2323 nuno
639 2277 711 2324 mom
729 2272 887 2337 proinielici
899 2272 988 2339 puelle
1000 2273 1034 2324 ob
1046 2278 1165 2338 Augusto

86 2346 181 2397 eaelum
208 2346 342 2408 ostendit,
375 2348 514 2397 serenitas.
560 2347 602 2396 Sic
639 2351 713 2413 rnpto
731 2347 774 2397 vel
796 2349 909 2398 Romam
926 2347 1021 2399 ellectu
1037 2349 1163 2409 heberet,

87 2421 182 2486 Europe
200 2435 309 2486 quoque
327 2420 390 2471 olim
401 2435 451 2484 per
462 2424 602 2471 externam
640 2435 722 2486 quem
741 2423 767 2472 in
784 2423 898 2485 petrium
909 2422 999 2472 redire
1011 2423 1109 2473 misere
1121 2435 1167 2471 cu·

86 2496 146 2544 touri
171 2496 194 2545 ei
218 2494 413 2545 adblandientis
434 2496 554 2559 speeiem
574 2495 601 2544 in
640 2497 760 2560 pientem
777 2498 864 2547 amico
881 2495 1028 2546 velificatus
1054 2497 1082 2546 in
1096 2497 1165 2548 Urbe

86 2569 200 2620 treudem
220 2569 328 2619 inducto
350 2571 378 2618 et
393 2581 500 2619 summo
521 2567 601 2617 enimi
639 2571 756 2620 retinere
774 2574 854 2634 poeto
871 2573 983 2621 conatus
1000 2572 1052 2620 sit‘l
1072 2573 1165 2634 Aeque

85 2657 175 2705 augore
187 2655 317 2708 oppressa
329 2645 382 2703 est,
409 2644 496 2693 donee
512 2643 602 2692 Venus
638 2659 706 2695 vene
717 2648 760 2695 est
777 2645 938 2696 Grotetendii
954 2646 1043 2709 opinio
1063 2643 1164 2709 (Philol.

85 2729 139 2766 eum
160 2716 352 2768 consolaretur.
379 2719 418 2766 ltu
436 2719 464 2766 tu
482 2729 600 2780 quoque,
639 2722 671 2770 ll.
697 2721 722 2769 t.
749 2734 776 2784 p.
804 2720 872 2783 28⁴.)
897 2719 1039 2783 significari
1064 2718 1166 2769 Aelium

85 2791 130 2840 etsi
146 2792 257 2842 iortasse
270 2804 385 2855 prosper
396 2788 602 2854 eritprolectio-
640 2793 741 2844 Gnllem
759 2808 775 2843 n
792 2796 930 2859 Propertio
947 2794 976 2854 3,
996 2794 1040 2853 ll,
1059 2793 1100 2842 38.
1120 2806 1167 2842 ce-

85 2867 121 2914 nis
146 2869 205 2916 tuoe
232 2866 318 2915 exitus
344 2865 380 2928 (id
406 2865 479 2929 quod
502 2864 549 2914 tibi
570 2876 603 2913 ex
639 2867 781 2918 lebretnm.
803 2897 830 2904 —
845 2868 956 2928 Quando
968 2881 1078 2917 carmen
1090 2879 1167 2918 com·

85 2941 166 2989 animo
187 2939 278 3003 opto),
304 2943 393 2989 temen
414 2940 437 2988 si
453 2938 602 3005 perstiteris
639 2943 758 3006 positum
775 2943 821 3004 sit,
840 2955 891 2992 nos
903 2941 974 2991 lutet.
993 2941 1114 2991 Nonnulli
1125 2954 1168 2991 re-

84 3015 106 3062 in
123 3015 215 3064 itinere
234 3014 284 3064 isto
302 3013 486 3077 suscipiendo,
514 3011 602 3062 multis
641 3018 729 3067 ierunt
741 3016 776 3066 od
787 3029 812 3064 o.
826 3016 882 3065 733.
901 3015 1005 3077 (Similis
1016 3017 1166 3078 argumenti

84 3088 218 3138 timoribus
235 3087 398 3151 agitabere.»
416 3084 603 3150 lienosimpli·
641 3093 684 3142 est
703 3089 833 3153 Propertii
856 3089 884 3148 t,
908 3089 932 3138 8.
958 3092 986 3138 et
1008 3089 1083 3139 Ouid.
1106 3091 1164 3140 Am.

83 3164 213 3213 pissimum
231 3163 362 3212 rationem
378 3161 425 3211 ubi
446 3173 601 3225 sequamur,
640 3169 671 3224 υ,
695 3163 746 3226 Η.)

84 3237 139 3288 nihil
158 3237 241 3288 habet
252 3237 402 3287 inconcinni
413 3236 539 3286 enrnrinis
551 3235 604 3285 exi·
675 3240 698 3289 t.
712 3239 737 3288 t.
756 3236 855 3299 impios]
873 3234 943 3285 Telis
956 3237 1059 3297 omine,
1078 3235 1165 3300 qtielie

83 3315 119 3361 tus
135 3325 225 3374 neque
241 3311 351 3361 exordio
369 3313 508 3374 repugnet.
533 3308 604 3360 Ube-
641 3315 685 3363 hie
701 3311 898 3369 memorentur,
916 3309 1064 3371 Aeschylus
1075 3312 1164 3361 Prom.

83 3387 238 3435 riornutem
255 3383 360 3435 lobulee
378 3385 412 3434 de
424 3386 547 3447 Europae
560 3395 605 3432 ex·
642 3386 704 3438 1187:
732 3382 862 3444 ἐνοδίους
886 3380 1054 3447 συμβόλους
1076 3385 1164 3433 voest.

82 3461 172 3522 positio
185 3458 308 3508 eiusdem
324 3472 436 3525 prorsus
448 3457 553 3521 generis
565 3457 606 3506 est
644 3487 671 3498 -
686 3460 792 3523 «impiis
806 3455 899 3520 (qualis
915 3458 943 3506 tu
960 3459 1033 3505 certe
1051 3469 1105 3505 non
1123 3459 1165 3518 esi

82 3537 156 3598 atque
170 3534 219 3584 Od.
233 3533 261 3594 3,
276 3536 302 3584 tt
314 3573 320 3596 ‚
334 3535 374 3584 33.
388 3535 422 3584 de
435 3535 605 3595 Hypermne-
642 3535 794 3585 tristissima
806 3531 895 3582 omine
906 3532 933 3580 in
944 3529 1108 3594 proiectione
1120 3531 1168 3580 ob-

82 3612 132 3660 stra
156 3610 289 3672 neuntio,
317 3623 432 3674 quarm
454 3609 548 3658 neutro
569 3604 604 3655 nd
641 3608 762 3667 venient,
790 3619 840 3656 nec
861 3607 952 3655 tumen
974 3618 1022 3654 eos
1039 3609 1168 3655 revocent

82 3685 206 3734 carminis
217 3683 320 3734 initium
332 3687 359 3734 et
373 3681 531 3748 primarium
544 3693 607 3728 con·
643 3683 677 3733 nb
695 3683 814 3746 incepto,
841 3680 910 3730 odeo
927 3683 957 3728 ut
976 3680 1003 3728 in
1019 3679 1167 3743 perniciem

82 3757 166 3808 silium
184 3758 349 3820 regreditur,
375 3757 424 3807 sed
445 3757 472 3807 in
492 3755 605 3805 liberem
643 3759 747 3807 ruant.»
776 3784 803 3791 -
827 3753 937 3817 parrae]
963 3752 1167 3816 Venderbnrgio

81 3833 245 3892 φαντασίαν
262 3847 277 3882 n
294 3827 380 3898 μύθῳ
397 3831 486 3895 aliquo
510 3830 606 3880 excitu·
643 3832 741 3881 eadem
757 3830 864 3879 videtur
879 3829 950 3889 avis,
977 3840 1046 3891 quoe
1065 3829 1091 3877 in
1110 3828 1168 3877 din·

83 3911 144 3967 um,
163 3903 226 3956 alini
239 3907 319 3956 etism
335 3906 369 3956 ab
385 3905 495 3957 historie
508 3903 605 3968 alique,
643 3905 712 3956 lecto
730 3905 832 3954 Veneto
853 3915 1000 3965 perunna,
1028 3902 1054 3950 in
1079 3899 1167 3963 lingua

82 3985 106 4030 ut
117 3979 211 4044 Reguli
224 3981 271 4030 0d.
286 3981 315 4044 3,
329 3982 354 4041 t,
368 3981 418 4040 ⁴3..
438 3981 512 4030 euius
522 3977 606 4029 simil·
642 3977 730 4029 Italion
760 3977 895 4027 communi
923 3977 1013 4025 &vetto
1041 3975 1166 4034 vocetur,

81 4053 140 4105 lima
152 4058 195 4106 est
207 4056 379 4120 compositio,
399 4056 535 4117 evagetur.
559 4054 607 4102 Te·
644 4051 714 4104 ululo
732 4053 900 4111 ilemmeeto,
918 4047 1094 4108 srmone,
1112 4047 1168 4110 t'es-

80 4128 109 4180 lis
133 4132 225 4180 autem
249 4130 335 4180 exitus
359 4143 427 4190 non,
450 4131 480 4178 ut
497 4128 606 4192 quidum
642 4128 709 4190 freis
733 4125 777 4176 vel
792 4125 939 4189 l'epiosoie,
966 4123 1041 4173 ouius
1059 4123 1167 4172 centum

82 4206 241 4269 interpretes
253 4202 355 4265 volunt,
375 4215 466 4254 merus
479 4215 510 4254 nc
521 4215 605 4268 prope
644 4203 807 4253 nocturnum
822 4213 873 4265 pro
890 4199 983 4250 mortis
1000 4199 1111 4263 augurio
1123 4198 1170 4247 he·
