2934 4884
621 304 749 354 llOIlATll
767 306 936 355 conuiuali

577 734 974 796 cmm

404 905 578 976 Olenus,
602 903 714 988 regina
738 902 828 968 Cnidi
852 901 1035 989 Paphique,

403 1026 528 1109 Sperne
550 1020 701 1088 dilectam
726 1024 874 1109 Cypron,
898 1032 931 1087 et
952 1022 1095 1088 vocantis

300 1222 375 1270 xxx.
410 1223 492 1271 lusor.
516 1219 584 1282 volg.
605 1222 632 1269 ei
648 1222 699 1269 ST:
726 1222 764 1269 riu
788 1222 911 1269 Venerem.
938 1247 963 1254 -
989 1222 1011 1268 4.
1032 1219 1106 1269 Goidi
1128 1220 1236 1279 bSTd‚J.
1259 1250 1285 1256 —

267 1298 292 1345 2.
312 1296 420 1356 opprom
437 1308 571 1358 superscr.
591 1309 609 1344 α
625 1296 653 1345 B.

257 1472 332 1521 XXX.
346 1470 474 1534 Glycerae
484 1472 596 1530 amicae¹
606 1472 703 1522 Veneri
713 1474 760 1521 do
795 1473 928 1521 Venerem
940 1472 1097 1531 Mediceam,
1117 1472 1185 1521 inter
1195 1469 1326 1534 pulcher-

239 1547 275 1594 mi
284 1559 348 1595 suae
358 1544 563 1609 supplicaturas,
576 1559 672 1609 pacem
681 1546 758 1596 divae
796 1548 863 1595 rima
889 1545 957 1595 deae
982 1544 1124 1595 simulacra
1146 1544 1325 1596 memoranda

237 1621 370 1683 precatur.
398 1620 444 1669 Est
455 1613 600 1685 ᾀσμάτιον
612 1616 758 1684 κληιικόν,
796 1622 858 1670 sunt
879 1618 994 1669 Meleuse
1017 1622 1044 1670 et
1062 1620 1229 1684 Campanum
1250 1618 1326 1683 apud

236 1694 278 1741 cui
296 1696 452 1755 comparant
467 1695 639 1743 Anacreontis
654 1695 757 1756 Fragm.
797 1692 927 1755 llillingen
943 1693 1002 1742 Aac.
1026 1695 1094 1743 Mon.
1119 1695 1150 1743 ll.
1174 1692 1202 1751 4,
1229 1694 1257 1752 5,
1285 1692 1325 1753 6.)

235 1768 259 1814 Ξ.
289 1767 382 1827 Bergk.
412 1766 447 1815 ad
475 1768 622 1816 Bacchum:
654 1758 758 1829 Ὥναξ,
798 1794 826 1803 ·-
844 1767 978 1830 Papirique]
999 1767 1094 1829 Odyss.
1113 1766 1147 1827 θ,
1166 1768 1228 1817 362:
1250 1762 1285 1815 Ἡ
1299 1763 1326 1813 δ’

235 1828 259 1907 ᾦ
284 1836 417 1905 δαμάλης
434 1835 526 1910 Ἔρως
554 1842 611 1890 fiat
637 1838 760 1905 Νύμφαι
796 1834 854 1911 ἄρα
879 1838 995 1911 Κύπρον
1021 1840 1101 1889 ίκανε
1128 1834 1327 1905 φιλομμειδὴς

235 1912 413 1976 κυανώπιδες
432 1913 590 1985 Πορφυρίη
612 1918 635 1964 τ’
656 1910 760 1986 Ἀφρο-
794 1909 943 1985 Ἀφροδίτη
969 1908 1015 1976 Ἐς
1042 1910 1165 1975 Πάφον·
1195 1907 1267 1963 ἔνθα
1291 1910 1328 1965 δέ

238 1986 301 2052 δίτη
324 1988 549 2052 Σομπαίζοοσιν·
576 1989 761 2061 ἐπιστρέφεαι
798 1991 829 2039 οἱ
860 1990 978 2053 τέμενος
1012 1984 1114 2055 βωμός
1148 2005 1178 2039 τε
1210 1986 1325 2053 θυήεις.

237 2060 259 2113 ὅ
273 2056 406 2127 ‘Papiria
417 2062 550 2133 κορυφὰς
562 2059 667 2136 ὀρέων·
686 2066 761 2115 sou·
798 2062 881 2114 Alcm.
896 2066 936 2113 Fr.
952 2066 990 2113 40.
1001 2065 1098 2128 Bergk:
1118 2060 1236 2133 Κύπρον
1248 2064 1329 2133 ἱμερ-

237 2134 345 2202 νούμαί
369 2152 416 2187 σε·
440 2135 477 2189 ού
499 2137 521 2188 δ’
543 2134 666 2204 εὐμενής
679 2133 759 2189 'aio’
797 2135 850 2189 τὰν
861 2136 988 2188 λιποῦσα
1002 2140 1052 2189 καί
1066 2134 1174 2199 Πάφον
1192 2133 1328 2209 περιρρύ-

238 2205 321 2276 ἡμῖν,
344 2214 555 2280 κεχαρισμένης
575 2211 599 2262 δ’
621 2207 761 2278 Εὗχωλῆς
798 2229 859 2263 ταν.
878 2214 949 2276 Vir-g.
969 2217 1033 2263 Aen.
1054 2214 1081 2273 4,
1101 2212 1161 2263 ite:
1186 2214 1243 2275 ipsa
1261 2214 1328 2274 [Ve-

236 2282 402 2336 ἑπακούειν·
421 2284 593 2353 Κλευβούλῳ
610 2285 632 2336 δ’
648 2282 761 2354 ἀγαθὸς
799 2288 855 2349 nusi
877 2288 989 2349 Paphum
1012 2286 1122 2337 sublimis
1138 2288 1191 2337 obit
1208 2289 1329 2347 sedesque

236 2357 321 2426 γενοῦ
347 2357 533 2427 Σύμβουλος·
562 2358 612 2410 τὸν
641 2358 712 2425 ἐμὸν
739 2360 761 2410 δ’
797 2362 882 2430 revisit
900 2364 979 2411 Laeto
994 2374 1061 2411 euos.
1086 2363 1124 2411 De
1144 2360 1216 2410 cultu
1233 2364 1328 2411 autem

237 2428 325 2503 ἔρωτ’,
333 2426 369 2484 'a
381 2433 516 2497 Δεύνυσε,
528 2434 674 2495 δέχεσθαι.
688 2437 763 2487 Eius-
798 2436 908 2485 Veneris
920 2435 1034 2499 Paphiae
1047 2434 1156 2485 consule
1166 2436 1246 2485 Taciti
1256 2436 1326 2484 illst.

237 2509 301 2559 dem
318 2512 423 2572 generis
440 2511 488 2559 luit
505 2512 626 2573 Sapphus
641 2509 759 2570 carmen,
797 2513 828 2571 2,
847 2512 871 2559 ii.

238 2583 313 2631 cuius
336 2586 460 2645 superest
482 2582 641 2633 versiculus:
665 2578 705 2632 Ἤ
727 2599 761 2633 σε
831 2586 855 2633 2.
875 2585 977 2647 Speme]
996 2587 1026 2633 ut
1042 2583 1090 2632 0d.
1110 2584 1133 2643 4,
1154 2584 1198 2643 49,
1217 2584 1246 2633 9;
1276 2583 1326 2631 Ve-

238 2651 353 2723 Κύπρος
379 2650 399 2719 ἢ
422 2652 529 2718 Πάφος
551 2651 572 2721 ἢ
593 2653 759 2726 Πάνορμος.
798 2672 845 2707 nus
855 2659 965 2719 Cyprum
976 2659 1091 2707 deseruit.
1105 2656 1250 2720 -Cypronj
1263 2656 1327 2705 nui-

237 2730 339 2791 Fragm.
359 2730 383 2777 i.
402 2730 496 2792 Bergk.
518 2759 545 2766 -
565 2732 696 2781 «Carmen
713 2746 762 2795 por
799 2734 837 2781 ias
861 2733 902 2781 eui
923 2732 1045 2793 praetulit
1069 2744 1131 2779 aras
1157 2732 1240 2779 Undae
1263 2731 1328 2781 diua

237 2817 321 2853 annos
337 2804 385 2852 iio
403 2806 430 2853 et
447 2805 503 2853 730.
521 2806 698 2868 compositum
711 2809 760 2855 est.
798 2820 894 2856 maner
908 2806 1026 2868 Paphiae.
1045 2808 1142 2855 Lucan.
1161 2807 1192 2867 8,
1211 2804 1268 2855 456.

237 2876 370 2939 siquidem
384 2875 496 2939 Glycera
509 2879 605 2929 eadem
617 2883 667 2940 est,
687 2881 762 2931 cuius
832 2881 856 2930 3,
877 2880 963 2943 liure]
984 2882 1030 2931 «Ut
1044 2877 1188 2943 plurimum
1200 2878 1234 2928 de
1247 2880 1328 2930 thure

238 2963 268 3000 ae
286 2961 378 2999 amore
394 2964 553 3014 percussum
566 2966 626 3003 esse
639 2954 701 3003 dicit
713 2953 760 3005 Od.
800 2959 828 3004 ei
839 2952 949 3003 lloribus
959 2954 984 3002 ei
996 2953 1221 3003 sacrificabatur.»
1231 2955 1327 3003 Senot..

239 3026 267 3084 4,
287 3024 330 3083 49,
349 3027 374 3074 5.
394 3028 421 3075 et
438 3026 467 3086 3,
493 3027 524 3076 49
544 3031 610 3078 extr.
635 3030 765 3079 Kirchuer
800 3030 956 3079 Aristaenet.
976 3029 1000 3088 2,
1021 3028 1064 3077 tt:
1091 3024 1208 3092 τιμᾶται
1222 3022 1330 3099 Ἀφρο-

239 3096 321 3147 releri
348 3098 382 3148 ad
410 3113 434 3148 a.
462 3100 540 3149 734.»
570 3103 678 3153 Fuluus.
715 3106 762 3166 [De
800 3101 863 3167 δίτη
881 3098 1030 3167 λιβανωτῷ
1049 3102 1098 3151 καὶ
1115 3102 1241 3165 θυσίαις.

238 3176 348 3237 poeticis
365 3176 406 3226 his
423 3176 561 3228 amoribus
572 3182 691 3229 nostram
703 3193 764 3230 seu·
833 3176 857 3227 i.
873 3176 997 3240 Transfer]
1011 3176 1063 3225 «Eo
1073 3190 1105 3225 ex
1117 3175 1184 3237 loco,
1198 3176 1245 3225 ubi
1254 3188 1330 3226 nunc

240 3250 350 3299 ieuiiam
368 3251 421 3299 iam
439 3251 526 3314 nosti.)
802 3250 926 3310 mortaria,
946 3249 1037 3299 confer
1053 3252 1079 3299 le
1098 3252 1166 3299 cel.»
1186 3278 1213 3287 -
1231 3252 1329 3316 cedma]

273 3324 296 3371 4.
316 3325 417 3386 Cnidus,
435 3324 509 3375 urbis
521 3325 626 3377 Doridis
637 3328 663 3377 iu
676 3328 762 3387 Caria,
800 3324 922 3387 Plerique
939 3325 1147 3388 interpretantur
1164 3324 1197 3374 de
1210 3325 1330 3375 sacrario

241 3396 286 3446 ubi
304 3398 442 3449 colebatur
457 3400 547 3450 Venus
561 3414 575 3449 a
588 3399 717 3450 Praxitele
729 3399 764 3450 ad
802 3398 1147 3461 (equodetiamiueediiicio
1155 3399 1329 3462 privatoesse

239 3472 360 3533 Phrynes
386 3474 522 3545 exemplar
546 3474 657 3537 sculpta.
696 3478 766 3524 Pau·
801 3473 1135 3536 potestnUarranuslsive
1150 3470 1254 3521 larario.
1274 3472 1329 3521 Sed

240 3557 297 3594 sau.
322 3548 374 3596 att.
404 3550 434 3608 4,
465 3550 494 3608 4,
524 3548 556 3596 3;
586 3546 696 3599 Κνίδιοι
722 3563 766 3599 τι·
802 3548 899 3610 partim
910 3547 988 3596 huius
997 3547 1159 3597 condicionis
1167 3546 1270 3611 puellae
1279 3548 1332 3597 mi-

239 3614 334 3681 μῶσιν
347 3614 516 3692 Ἀφροδίτην
526 3619 663 3686 μάλιστα.
689 3624 765 3673 Cnidi
804 3635 853 3671 uus
868 3622 1009 3671 convenire
1022 3622 1127 3671 videtur
1137 3623 1274 3686 proprium
1286 3635 1332 3672 sa-

241 3694 332 3741 autem
349 3696 416 3744 teste
434 3697 564 3746 Pausania
582 3698 607 3758 4,
627 3698 650 3759 4,
669 3697 692 3748 i.
716 3699 766 3747 trie
803 3696 932 3746 crarium:
943 3694 1061 3745 habebat
1070 3695 1181 3747 sortasse
1191 3700 1220 3746 ut
1228 3694 1332 3765 ἑταίρα

241 3766 318 3815 erant
339 3764 465 3829 delubra,
489 3763 656 3840 Ἀφροδίτης
675 3770 766 3843 Δωρί-
804 3770 872 3819 iuter
889 3768 939 3819 alia
955 3768 1066 3830 ludicra,
1086 3769 1183 3833 quibus
1200 3770 1331 3821 refertum

240 3834 328 3898 wios,
343 3830 481 3909 Ἀκραίας,
500 3837 655 3907 nemetae.
676 3846 767 3896 Venus
804 3846 846 3894 esi
862 3846 984 3895 Museum
1002 3842 1064 3893 illud
1076 3844 1255 3895 Borbonicum
1267 3858 1331 3895 «ar-

242 3909 351 3971 Cnidia,
392 3911 597 3968 illustrissimum
631 3918 767 3969 Praxitelis
804 3931 935 3979 canumo,
966 3917 1079 3981 sigillum
1108 3920 1188 3969 etiam
1216 3919 1331 3970 Veneris

242 3998 324 4048 opus,
352 3985 546 4049 quadamtenus
572 4004 699 4055 expressa
726 3995 768 4044 est
804 4006 928 4055 aereum,
948 3992 1098 4043 cuiusmodi
1115 3992 1196 4057 sigilla
1215 3992 1331 4043 deorum

242 4058 269 4106 iu
297 4058 455 4110 ΚΝΙΔΙΩΝ
480 4066 604 4115 nummis.
651 4066 767 4128 (Praeter
805 4070 884 4119 etiam
897 4066 968 4132 apud
980 4082 1041 4127 uos.
1061 4068 1245 4129 Vindonissae,
1259 4068 1332 4117 Vito-

242 4132 320 4184 huius
333 4135 571 4191 celebratissimum
582 4140 764 4203 imitationem,
804 4142 872 4205 duri,
885 4145 1019 4207 Augustae
1028 4144 1219 4203 Rauracorum,
1234 4142 1330 4206 (iunci
