2934 4884
657 363 785 414 lionam
804 361 972 412 conminuit

449 523 478 589 0
501 523 599 586 lortes
621 520 800 606 peioraque
821 517 909 604 passi

357 647 483 711 Mecum
505 662 604 728 saepe
626 640 702 716 viri,
726 659 812 704 nunc
833 638 908 702 vino
930 635 1039 724 pellite
1061 656 1174 713 ouras,

448 764 527 831 Cras
550 762 663 849 ingens
686 759 874 826 iterabimus
896 778 1029 846 aequor.

274 967 376 1014 Seneca
393 960 487 1012 houd.
506 959 563 1010 tlt.
586 960 649 1009 huie
666 958 800 1022 ombipuoc
836 957 922 1007 Teucri
936 970 988 1005 occ
1004 956 1189 1004 accomodari
1197 960 1291 1017 potest:
1306 956 1363 1005 Po-

273 1051 360 1087 ceram
377 1035 507 1086 Salamina
525 1035 670 1098 opponunt.
834 1033 886 1081 trio
902 1037 950 1093 est,
967 1030 1108 1090 uhiconquc
1123 1033 1159 1079 ort
1174 1031 1242 1080 bono.

307 1113 346 1162 30.
366 1111 462 1172 Odyss.
480 1126 513 1174 μ,
530 1109 592 1158 208:
611 1097 636 1154 ὦ
652 1104 743 1168 φίλοι,
762 1100 797 1155 οὐ

274 1182 329 1256 γάρ
347 1181 390 1234 πώ
408 1199 435 1234 τι
456 1179 555 1233 κακῶν
575 1177 741 1246 ἀδαήμονές
758 1181 799 1229 εἰ·
867 1181 908 1230 34.
927 1181 967 1231 32.
986 1180 1042 1230 Tib.
1061 1180 1085 1240 l,
1104 1181 1128 1239 t,
1148 1178 1192 1228 37:
1215 1179 1295 1240 serape
1312 1191 1364 1241 eqo

273 1275 328 1326 μεν
344 1277 371 1309 κ.
390 1273 415 1308 τ.
437 1256 461 1306 λ.
497 1258 566 1320 virg.
593 1258 659 1307 Aen.
687 1257 711 1316 l,
737 1255 797 1304 ⁴98:
834 1256 928 1305 tcotooi
943 1269 1020 1303 moos
1042 1254 1162 1316 depellere
1176 1254 1243 1304 uino.
1265 1281 1293 1289 -
1310 1253 1364 1301 ite-

275 1335 295 1383 0
316 1335 389 1395 socii,
415 1345 494 1394 nequo
518 1332 584 1381 enim
608 1331 694 1394 iocari
714 1342 800 1379 mmm
834 1329 947 1378 radimus
957 1330 1059 1392 aequor]
1079 1329 1209 1377 «Rursum
1226 1325 1365 1388 narigabi·

275 1414 333 1458 onte
356 1407 495 1468 motorum
527 1407 548 1455 0
568 1406 639 1467 passi
665 1406 798 1470 praviora,
835 1417 909 1464 mus,
927 1405 957 1453 ut
973 1415 1036 1452 eum
1052 1403 1157 1451 Troiam
1174 1400 1364 1464 olimprotecti

275 1483 344 1532 dabit
365 1484 424 1532 doru
444 1483 482 1530 iis
503 1495 600 1542 quoquc
623 1481 706 1543 tinam.
743 1479 797 1528 Cic.
835 1481 916 1540 atque
933 1478 995 1528 inde
1012 1478 1039 1527 in
1060 1477 1174 1541 patriam
1194 1476 1295 1525 reversi
1311 1487 1365 1525 su—

276 1558 353 1608 Tusc.
372 1559 397 1616 o,
416 1557 461 1606 ³7:
496 1554 534 1603 ald
558 1567 655 1604 omrem
675 1553 800 1603 rationem
835 1563 923 1602 musa

742 1762 890 1771 ·——-—-

637 1925 1001 1983 EXCURSUS

716 2075 760 2124 ad.
779 2087 822 2123 vv.
841 2074 915 2124 5-7.

340 2197 432 2248 Utrum
449 2209 491 2246 vr.
510 2197 624 2244 carmine
635 2201 757 2258 perpetuo
774 2195 897 2246 Horatius
915 2196 1019 2244 certum
1035 2193 1143 2258 aliquod
1159 2199 1269 2259 poema,
1287 2209 1313 2244 v.
1335 2209 1363 2246 c.

276 2283 306 2330 ut
322 2278 420 2330 Merkel
438 2279 539 2331 Prolus.
563 2278 597 2328 ad
619 2279 665 2328 Ov.
688 2278 746 2328 Ibin
768 2292 795 2342 p.
820 2279 876 2328 370.
896 2281 970 2328 ratus
988 2280 1041 2338 est,
1059 2278 1235 2342 Euphorionis
1251 2278 1366 2340 Μοψο-

275 2363 343 2413 alac
360 2356 382 2428 ἢ
399 2357 521 2412 Ἄτακτα
537 2363 691 2425 significarit
707 2374 806 2421 necne,
830 2361 957 2424 equidem
974 2361 1121 2411 admodum
1137 2363 1269 2410 incertum
1286 2361 1366 2412 arbi-

275 2450 343 2505 tror;
367 2445 458 2510 plures
481 2447 552 2495 enim
575 2447 651 2495 erant
671 2446 806 2505 Atthides,
829 2445 902 2495 velut
922 2445 1063 2507 Hegesinoi
1083 2446 1195 2494 Pausan.
1214 2445 1238 2505 n,
1258 2445 1299 2504 29,
1319 2445 1364 2504 l.;

275 2529 308 2579 de
326 2529 428 2592 rycllco
446 2530 519 2578 ceri-e
537 2529 655 2579 carmine
677 2543 770 2589 nemo,
789 2531 820 2578 ut
835 2530 938 2593 opinor,
955 2529 1010 2578 iam
1028 2526 1161 2590 cogitabit.
1192 2525 1257 2576 lllud
1268 2529 1366 2577 autem

275 2613 339 2661 mihi
361 2612 453 2661 videre
475 2612 581 2671 videor,
604 2612 631 2660 in
652 2625 695 2660 w.
714 2613 778 2676 ipsis
796 2613 908 2662 connino
920 2617 1042 2674 perpetuo
1063 2611 1151 2661 lenem
1173 2612 1261 2661 inesse
1278 2611 1367 2680 εἰρω-

274 2697 362 2744 νείαν·
381 2695 514 2758 siquidem
532 2697 616 2744 totum
633 2695 684 2743 hoc
702 2707 786 2756 genus
807 2698 904 2758 poetae
921 2695 1028 2759 placere
1045 2695 1088 2745 vix
1105 2697 1198 2759 potuit.
1227 2722 1255 2730 -
1283 2695 1365 2753 Quod

274 2791 339 2827 vero
356 2778 389 2827 ad
407 2777 550 2840 benignam
568 2779 672 2840 copiam
690 2779 836 2828 Atticarum
857 2779 1006 2829 fabularum
1024 2781 1125 2839 attinet,
1145 2777 1192 2828 cir.
1215 2778 1367 2829 Lucianum

276 2861 309 2910 de
328 2860 390 2910 Salt.
410 2860 461 2922 to,
480 2861 526 2910 ubi
544 2861 738 2924 pantomimum
756 2876 835 2912 nosse
848 2863 948 2912 debere
965 2865 1014 2923 ait,
1033 2855 1092 2912 ὅσα
1108 2863 1173 2932 περὶ
1186 2855 1307 2927 Ἀθηνᾶς
1317 2887 1336 2899 -
1348 2893 1367 2902 -

276 2945 326 2994 cat
348 2935 423 3006 ὅλως
443 2940 496 3009 τὴν
519 2939 645 3008 Ἀττικὴν
670 2941 769 2994 πᾶσαν
792 2945 982 3012 μυθολογίαν·
1009 2947 1084 2996 euius
1110 2959 1172 2995 cum
1193 2947 1257 2996 satis
1277 2944 1367 2996 multa

276 3029 363 3092 capilo
380 3030 570 3090 memorasset,
590 3029 624 3077 ita
641 3031 741 3092 pergit:
760 3026 851 3080 ταῦτα
866 3029 921 3094 μὲν
938 3026 995 3080 τῶν
1009 3023 1167 3095 Ἀθηναίων
1183 3023 1267 3095 ὀλίγα
1283 3025 1365 3080 πάνυ

275 3109 428 3176 δείγματος
450 3103 533 3161 ἕνεκα
554 3111 586 3163 ἐκ
608 3107 722 3162 πολλῶν
743 3110 801 3163 τῶν
823 3112 1092 3184 παραλελειμμένων
1116 3111 1245 3178 διῆλθον.
1281 3113 1364 3175 Quid,

276 3195 348 3260 quod
366 3193 521 3246 lleliodorus
538 3197 705 3248 Atheniensis
723 3198 791 3247 teste
809 3199 945 3247 Athenaeo
957 3199 981 3260 6,
994 3198 1051 3247 229.
1070 3198 1100 3247 Ε,
1130 3197 1183 3247 XV.
1202 3195 1284 3246 libros
1296 3208 1366 3246 con-

276 3281 383 3344 seripsit
399 3279 461 3350 napi
480 3274 533 3344 τῆς
545 3272 700 3346 Ἀθήνησιν
717 3275 904 3351 ἀκροπόλεως
923 3283 969 3329 —i

342 3365 399 3414 hlea
418 3363 527 3428 quidem
544 3365 726 3428 interpretatio
743 3366 836 3428 paucis
852 3365 943 3414 verbis
960 3366 1103 3415 immutatis
1115 3362 1301 3426 nonnullisque
1312 3363 1367 3412 ad-

276 3449 337 3498 ditis
355 3448 451 3498 eadem
469 3452 522 3510 est,
541 3461 622 3512 quam
639 3449 778 3512 proposuit
794 3448 936 3508 hauheins,
955 3451 1028 3499 recte
1041 3451 1194 3513 comparato
1205 3449 1367 3499 Lucretiano

277 3529 319 3580 illo
339 3532 362 3592 i,
381 3533 442 3581 926:
469 3533 540 3582 icoct
556 3534 665 3595 inteprot
681 3534 799 3582 accedero
818 3533 894 3595 fontis
913 3533 994 3594 atquc
1009 3533 1126 3590 boulir&
1151 3533 1271 3592 iteratque
1285 3544 1367 3579 novos

277 3613 509 3677 meoparonem,
532 3616 703 3678 losipnernqoc
718 3629 774 3664 mco
790 3617 868 3677 copiti
880 3621 965 3677 potero
989 3617 1047 3665 indo
1071 3627 1204 3674 coronom;
1230 3613 1366 3676 nobisque

278 3695 382 3748 accedit
399 3695 488 3758 Regel.
522 3698 578 3747 Iam
596 3697 708 3748 aliorum
725 3698 866 3749 videamus
883 3699 1029 3762 opiniones.
1060 3697 1083 3759 t)
1102 3699 1281 3760 «Neutiquam
1296 3709 1366 3746 vero

277 3778 416 3844 probanda
443 3780 485 3828 est
508 3781 612 3828 Baxteri
638 3779 790 3844 explicatio,
818 3795 900 3846 quam
921 3795 1008 3846 nuper
1028 3781 1134 3832 lahnius
1157 3781 1231 3842 (Anu.
1253 3779 1316 3844 phil.
1336 3783 1365 3829 et

277 3861 356 3926 paed.
376 3863 406 3911 11.
426 3861 449 3910 3.
468 3875 495 3926 p.
514 3861 581 3924 295.)
600 3863 625 3911 in
643 3863 726 3914 tidem
743 3869 824 3929 utque
845 3864 994 3916 clientelam
1015 3877 1093 3915 suam
1109 3865 1224 3928 recepit:
1251 3861 1366 3914 Palladis

279 3945 375 3995 urbem
392 3943 467 3995 multi
485 3943 623 3996 celebrant
638 3949 802 4000 carminibus
819 3954 847 4000 et
863 3951 889 4001 in
906 3950 1036 3999 honorem
1049 3949 1106 3998 eius
1118 3947 1196 3998 tronti
1207 3959 1271 3997 suae
1282 3960 1367 4010 prae-

280 4027 363 4090 figunt
380 4041 507 4078 eoronam
525 4027 686 4092 oleaginum,
710 4043 763 4080 non
786 4033 812 4081 in
833 4035 890 4096 ipsa
912 4032 979 4083 urbe
1001 4032 1109 4082 Athenis
1126 4031 1295 4094 decerptam,
1314 4031 1365 4080 scd

279 4109 432 4175 ubicunque
449 4115 615 4162 versantur.»
633 4114 726 4164 Rauen.
762 4115 786 4175 λ)
814 4117 891 4165 «Non
907 4119 963 4166 tarn
979 4119 1119 4180 poetarum
1144 4115 1230 4165 studia
1257 4113 1364 4163 diversa

278 4193 433 4258 praedicare
450 4194 556 4245 videtur
573 4195 688 4258 Flaccus,
707 4210 790 4261 quam
807 4198 943 4249 hominum
961 4199 1055 4248 iudicia
1071 4198 1108 4248 de
1125 4197 1191 4248 locis
1202 4197 1364 4260 quibusdam
