2934 4884
457 367 516 417 tm.
535 367 577 417 IV.
613 368 642 418 C.
661 366 726 417 vlu.

223 526 292 589 Non
314 522 464 590 incendia
487 520 689 609 Karthaginis
712 522 831 611 impiae

222 644 319 721 liius,
342 644 399 731 qui
421 642 541 709 domita
563 663 682 709 nornen
704 642 746 709 ab
769 643 874 710 Airica

226 767 382 832 lucratus
406 764 517 841 rediit,
541 764 660 829 clarius
683 763 825 831 indicant

223 884 352 952 Laudes
374 905 473 972 quarn
496 882 652 951 Calabrae
675 884 835 951 Pierides:
858 906 987 973 neque,
1141 890 1183 954 20

224 1006 257 1071 Si
280 1006 411 1073 chartae
432 1004 547 1071 sileant
568 1003 656 1093 quod
680 1004 765 1072 bene
788 1006 920 1082 leceris,

224 1126 408 1193 Mercedem
430 1124 550 1191 tuleris.
595 1125 682 1203 Quid
700 1124 784 1191 loret
805 1125 882 1192 Iliae

161 1381 192 1430 V.
213 1380 253 1429 47.
272 1378 418 1429 delendum
435 1381 597 1428 censuerunt
618 1377 767 1439 Bentleius,
793 1380 936 1429 Buttmann
957 1380 1060 1440 4444444.
1080 1382 1103 1431 2.
1122 1395 1149 1445 p.

127 1456 205 1514 364,
225 1451 333 1503 seclusit
355 1452 484 1504 ileinelre.
511 1478 539 1487 -
558 1452 684 1515 4444444444
702 1453 847 1516 Cuuiugh.,
873 1454 997 1515 stipendio
1021 1454 1148 1517 Doering,

128 1527 260 1590 dispendio
278 1527 454 1576 Hermannus.
482 1551 510 1560 —
529 1527 669 1589 cartapiute
686 1529 714 1576 T.
736 1555 763 1564 -
782 1528 824 1577 2⁴.
842 1528 885 1577 Sic
901 1533 957 1578 orte
972 1530 1001 1579 T.

95 1770 147 1819 bus
169 1766 254 1818 Codd.
286 1766 343 1829 (uisi
369 1764 443 1827 quod
458 1764 544 1813 4444444
558 1764 622 1828 supa
658 1764 732 1815 lucra
751 1766 935 1829 spectabunt.»
962 1768 1069 1819 44444444
1086 1771 1184 1819 Prasa-

96 1840 233 1903 nounulli).
264 1837 330 1889 Vide
348 1839 496 1888 Excursum
520 1840 546 1887 iu
569 1839 622 1889 lius
659 1853 733 1889 nur.
752 1842 791 1890 De
803 1842 932 1904 Scipionis
943 1844 1124 1893 monumentis
1135 1843 1182 1893 clr.

95 1918 176 1967 huius
194 1914 328 1964 carminis.
371 1913 458 1976 Fupae
478 1913 533 1961 sive
552 1912 623 1962 celer
660 1913 714 1961 Liv.
733 1912 784 1975 38,
802 1915 843 1963 tt.

96 1992 233 2041 discessus
245 1984 412 2047 Hannibalis,
430 1998 494 2036 sane
507 2000 539 2035 er
551 1985 622 2036 ltalia
691 1988 733 2037 20.
752 1989 876 2039 colatroe
887 1989 1003 2052 44444444]
1022 1990 1113 2040 «Ennii
1127 1994 1187 2043 ilu-

96 2067 160 2127 (Liv.
175 2064 222 2123 39,
235 2062 299 2123 tul,
318 2074 372 2111 non
390 2061 449 2123 iuga
466 2064 542 2124 capta
562 2062 624 2123 post
660 2074 707 2111 sao
719 2075 741 2111 s.
755 2064 900 2112 carmina.»
918 2062 993 2112 ovid.
1004 2066 1033 2113 Α.
1044 2066 1074 2113 Α.
1085 2064 1110 2123 3,
1120 2064 1182 2115 4994

96 2138 211 2200 cladem,
226 2148 308 2199 quum
317 2135 387 2199 apud
396 2136 504 2185 Zamam
513 2148 625 2200 perpes·
659 2136 756 2185 4444444444
772 2137 888 2196 4444444444,
914 2137 1029 2186 Cotum
1049 2138 1077 2186 444
1092 2140 1186 2187 4444444·-

96 2226 142 2265 sus
156 2215 223 2263 erat.
243 2238 271 2247 -
294 2211 390 2275 4444444]
410 2211 622 2273 4444444444444,
660 2210 704 2257 tuus
729 2214 812 2269 ortus,
840 2210 976 2273 Contipuue
991 2212 1070 2271 poni,
1101 2212 1185 2273 Scipio

95 2302 110 2339 a
137 2301 168 2337 se
188 2284 338 2336 Bouianum
355 2286 496 2348 imperium
515 2284 622 2334 taudem
659 2284 828 2347 mopne,tiot.
862 2284 969 2345 liudiis,
989 2283 1127 2335 Calabriae
1139 2300 1186 2350 op-

97 2372 224 2412 eversum
240 2360 297 2408 iri.»
316 2385 344 2395 -
358 2360 464 2409 reiectae
473 2358 622 2422 retrorsum]
657 2359 734 2422 pido,
753 2360 831 2408 natus
844 2360 901 2407 erut
919 2359 951 2421 (a.
964 2372 992 2408 u,
1005 2371 1029 2407 c.
1043 2359 1185 2423 545-5844,

96 2432 264 2499 «repulsae».
278 2432 354 2492 Quod
364 2432 472 2493 addunt,
488 2434 529 2482 444
542 2434 624 2496 ipsius
660 2431 732 2481 unde
756 2432 814 2495 ipse
836 2432 871 2481 ds
893 2444 940 2482 se:
966 2434 1019 2482 Noa
1039 2434 1119 2482 4444444
1137 2435 1185 2483 Ro·

96 2511 179 2574 caput
194 2508 350 2566 4444444444,
378 2507 404 2556 in
421 2509 516 2570 poetae
533 2506 624 2557 verbis
659 2508 751 2568 moni,
783 2507 827 2567 put
857 2507 968 2569 4444444444
999 2512 1058 2556 aute
1084 2509 1184 2558 liudiei.

96 2585 162 2650 ipsis
181 2584 255 2633 certe
272 2594 325 2631 non
344 2581 428 2637 inest;
456 2580 506 2631 sed
523 2580 627 2629 dictum
662 2582 725 2644 (Cic.
745 2580 779 2631 de
797 2582 840 2631 Or.
859 2581 887 2641 3,
901 2581 952 2642 44.)
973 2606 1001 2617 -
1019 2583 1048 2630 44
1061 2582 1184 2645 Scipione

97 2661 152 2718 est,
180 2658 210 2706 ut
226 2653 293 2705 Plin.
311 2656 341 2703 H.
360 2656 391 2704 N.
410 2655 441 2715 9,
459 2654 499 2703 34.
526 2660 626 2703 retror-
661 2660 752 2707 autem
774 2668 822 2705 suo
847 2655 902 2719 (cir.
921 2656 1021 2704 Lersch
1042 2657 1069 2706 iu
1091 2657 1183 2706 Museo

95 2746 151 2783 44444
163 2732 258 2791 redire,
276 2732 304 2779 et
315 2730 379 2779 sutis
392 2729 546 2792 frequenter
557 2733 625 2778 retro
661 2730 745 2781 444444,
764 2732 793 2791 s,
811 2730 836 2779 3.
854 2743 882 2793 p.
901 2728 968 2790 446.)
997 2730 1065 2778 haec
1082 2730 1187 2793 scripsit

95 2807 192 2866 redire,
216 2809 285 2853 retro
300 2804 416 2866 remedi,
439 2806 509 2851 retro
530 2803 625 2866 referre
661 2804 778 2854 Ennius:
815 2804 943 2865 Quantum
970 2808 1081 2853 statuam
1111 2805 1187 2866 societ

95 2892 189 2942 corpus
206 2880 314 2941 (Seneca
333 2877 441 2939 Thyest.
461 2876 538 2937 449),
557 2880 625 2925 retro
659 2878 768 2941 populus
794 2880 935 2938 4444444444,
966 2879 1093 2940 Quantum
1120 2879 1187 2927 44444-

95 2955 230 3017 respicere.
250 2952 315 3001 Plin.
328 2952 425 3013 Paneg.
440 2950 488 3000 38:
507 2955 575 2999 retro
587 2964 626 2999 re-
661 2965 757 3013 444444,
772 2964 885 3012 quaeres
896 2956 1043 3014 tuospestos
1050 2952 1188 3014 loquutur?

94 3040 208 3079 currere.
227 3026 407 3087 Vinnium,
422 3024 482 3073 378:
497 3024 626 3085 Obstupuit
694 3027 735 3075 st.
762 3026 873 3088 stortae]
899 3028 1036 3087 poemata,
1055 3026 1143 3075 utOd.
1156 3026 1187 3088 4,

95 3101 446 3163 retroquepedemoumuoce
457 3098 581 3158 repressit.
662 3100 690 3159 9,
709 3098 751 3147 at.
779 3097 853 3147 Ouid.
873 3099 1051 3157 exponunt,
1072 3101 1186 3159 rastiz

130 3174 244 3226 47-49.
270 3172 377 3236 tropice]
404 3173 459 3222 Cic.
479 3170 512 3220 de
529 3172 623 3231 ont,
661 3172 947 3224 ltueoutir--ctsurtin
969 3199 996 3207 -
1015 3173 1111 3236 44444444]
1141 3175 1188 3223 «Si

97 3252 144 3300 ts:
173 3249 247 3298 Poerd
265 3247 414 3310 toedtsropi,
433 3245 539 3294 enodetis
557 3246 626 3294 Hau-
662 3246 749 3298 nullus
774 3248 855 3308 postu
879 3246 1034 3295 memorarit
1056 3248 1099 3296 tua
1117 3247 1188 3297 bene

96 3324 175 3374 444544.
192 3320 478 3383 -rromeoobAfrioaJ
497 3320 586 3379 saun
601 3320 624 3379 4,
662 3322 746 3382 lucta,
765 3323 810 3369 tun
832 3319 940 3379 merita,
968 3318 1058 3368 dehita
1080 3332 1188 3370 merce-

97 3399 144 3449 65:
159 3396 261 3447 44444444
272 3400 318 3445 out
330 3409 372 3457 pus
367 3395 467 3443 Duoet
478 3393 509 3441 ab
522 3406 626 3454 oppres·
662 3395 744 3445 dein
761 3396 922 3459 perpetuum
945 3392 1058 3442 carebis.
1063 3410 1076 3437 4
1110 3394 1185 3444 Pind.

95 3486 125 3522 so
146 3471 266 3520 neritum
283 3468 438 3531 Kurtlsupine
453 3479 550 3516 44444444
570 3467 624 3515 Liv.
662 3468 767 3532 olymp.
779 3470 823 3529 44,
837 3468 878 3517 94
892 3468 936 3517 n:
956 3466 1013 3516 Kat
1030 3458 1188 3517 ὅτανκαλά

96 3548 137 3607 30,
146 3544 192 3595 45.
212 3545 327 3593 4444444444-
332 3544 370 3592 lic
383 3543 520 3604 imperator
528 3552 627 3589 4444444
662 3536 758 3612 ἔρξαις
777 3507 919 3603 cioidcig'
898 3556 984 3626 orep,
1003 3534 1185 3606 Ἁγησίδαμ’,

94 3622 179 3671 uictae
195 3618 227 3667 44
244 3618 364 3681 repertis
380 3620 414 3665 est
431 3615 623 3665 nobilitatus-
663 3612 794 3679 cirillia
819 3610 953 3680 σταθμὸν
971 3609 1035 3679 Ἀνὴ
1079 3613 1184 3680 ἵκηται,

95 3692 276 3757 lucratus]-
264 3692 322 3741 «Ne
347 3691 406 3753 quis
428 3689 527 3738 humile
551 3689 626 3751 putet
661 3688 746 3743 κενεὰ
758 3630 1187 3771 nurdomgeropspdirdcpdpu-

95 3782 122 3817 v.
135 3768 266 3826 lucratus,
284 3766 361 3816 sicuti
373 3764 514 3827 putavitT
530 3760 624 3823 Faber,
662 3755 700 3817 χύ
719 3773 747 3808 τι
766 3755 896 3826 τερπνόν

95 3840 275 3892 recordemur
291 3838 419 3903 Scipionis
436 3838 536 3887 dictum
554 3836 626 3899 apud
695 3831 936 3895 instituentem]
946 3829 1134 3887 vindicent,
1144 3827 1184 3878 tt:

95 3914 185 3965 valer.
205 3915 273 3963 ilar
292 3912 364 3973 3,’4,
385 3912 416 3960 t:
435 3911 626 3973 &eruditiorum
656 3902 771 3978 Ἔργοις
794 3904 826 3956 ot
846 3898 977 3967 καλοῖς
962 3910 1104 3971 ’44444444
1120 3898 1186 3950 ἴσα-

96 3994 177 4039 444444
193 3986 314 4049 potestati
337 3990 435 4035 uestrae
460 3985 622 4045 subiecerint,
661 3996 715 4047 μεν
732 3980 774 4031 sot
792 3976 846 4030 συν
857 3994 963 4066 τροπῳ
981 3978 1018 4027 Et
1027 3971 1186 4040 441444444-

96 4064 160 4113 uitii
175 4076 211 4112 44
227 4074 272 4122 44,
300 4061 366 4122 quood
387 4074 471 4109 meum
491 4060 624 4121 diceretur,
661 4047 806 4117 vaginem
821 4050 1042 4123 λιπαράμπυκος
1057 4024 1186 4119 Εὕρηται

94 4142 347 4200 praeuroopnomen
361 4134 455 4184 rettuli.
491 4135 547 4183 4444
563 4134 625 4183 uni·
660 4124 793 4181 ἅποινα
812 4126 935 4195 μόχθων
955 4124 1071 4187 κλυταῖς
1093 4122 1186 4175 ἐπέων

98 4224 161 4261 eum
174 4208 506 4272 erutscrproutsiucrum
520 4206 623 4258 41444444
660 4199 834 4267 ἀοιδαῖς·
805 4202 920 4265 -04444
943 4200 1047 4264 soret]-
1034 4198 1185 4249 4044444444
1282 4224 1285 4227 -
1388 4194 1392 4201 '
