2934 4884
291 305 353 368 {lli
674 306 802 356 nonam
821 304 990 356 canNUll

461 461 548 525 Deos
571 459 697 526 lacesso
720 479 781 525 neo
802 466 966 544 potentem
987 457 1126 524 amioum

418 617 572 704 Largiora
595 615 721 702 flagito,

461 738 544 804 Satis
567 738 683 804 beatus
705 735 808 802 unicis
831 735 968 803 Sabinis.

420 861 571 926 Truditur
593 859 664 926 dies
686 859 757 934 die,

460 984 636 1068 Novasque
659 988 798 1067 pergunt
818 977 949 1043 interire
971 975 1075 1042 lunae.

418 1141 463 1204 Tu
486 1136 627 1204 secanda
648 1155 810 1202 marmora

462 1261 566 1326 Looas
589 1257 650 1324 suh
672 1257 779 1344 ipsum
800 1255 896 1319 funus
917 1262 951 1320 et
971 1250 1111 1338 sepulcri

420 1383 592 1446 Immemor
613 1377 710 1443 struis
735 1376 850 1442 domos

292 1634 338 1683 ubi
356 1631 519 1681 inuidentibus
536 1629 686 1692 opponitur.
711 1629 817 1678 Minime
853 1627 1008 1688 mensisque
1031 1635 1162 1673 mensem.
1197 1622 1287 1672 Lunae
1315 1637 1383 1673 con-

293 1719 357 1756 sero
379 1705 521 1768 signifieat,
548 1705 578 1753 ut
600 1701 642 1752 alii
659 1701 815 1752 voluerunt:
854 1701 927 1750 tinus
943 1697 1124 1748 vicissitudine
1141 1701 1267 1746 creseunt
1284 1699 1314 1747 et
1334 1698 1384 1748 de·

294 1779 395 1840 «Multi,
427 1779 472 1840 qui
496 1777 575 1827 bouis
600 1777 655 1827 suis
680 1788 818 1840 nunquam
854 1774 1004 1825 crescunt.»
1036 1771 1193 1820 Ammianus
1217 1770 1244 1820 iu
1271 1772 1382 1822 Anlbol.

293 1853 410 1904 conteuti
429 1854 506 1912 suut,
527 1851 561 1902 ad
578 1865 622 1902 me
640 1849 726 1901 solent
742 1851 819 1900 veni·
854 1846 908 1899 Pal.
927 1849 957 1896 ll.
976 1859 1036 1910 pag.
1056 1845 1118 1895 322:
1152 1838 1224 1907 Ἠώς
1249 1840 1282 1908 ἐξ
1309 1839 1385 1909 ἠοῦς

294 1941 340 1988 re,
360 1929 389 1977 ut
404 1939 497 1976 veram
514 1925 620 1976 vivendi
637 1927 723 1976 artem
740 1940 756 1976 a
774 1938 817 1975 me
855 1922 1089 1992 παραπέμπεται,
1112 1915 1175 1979 ah',
1193 1912 1384 1982 ἀμελούντων

294 2001 474 2052 condiscant.»
850 1991 966 2060 Ἡμῶν,
1000 1990 1142 2058 ἐξαίφνης
1170 1986 1235 2059 ἥξει
1264 1988 1283 2043 ὁ
1310 2010 1385 2065 κορ-

326 2077 367 2126 la.
392 2076 458 2125 ileos
479 2074 580 2138 merso]
605 2074 635 2125 lli
655 2074 767 2137 subluere
791 2073 819 2121 et
854 2070 973 2141 φύρεος.

294 2147 663 2212 animumanimumum,
682 2148 721 2198 sio
738 2148 817 2196 etiam
887 2146 928 2196 47.
949 2145 991 2208 Tu]
1010 2144 1108 2193 Senem
1124 2141 1241 2205 aliquem
1257 2142 1383 2203 divitem,

294 2223 570 2286 humanissimas,
596 2222 689 2271 «enixe
713 2222 818 2285 precari
854 2231 936 2283 quem
962 2215 1012 2268 sibi
1038 2217 1145 2267 obviam
1168 2215 1268 2266 laetum
1291 2217 1382 2281 tingit,

295 2297 375 2356 deos,
402 2296 487 2347 donec
505 2309 555 2346 nos
572 2295 741 2346 exaudiant.»
769 2296 819 2344 No-
854 2307 917 2345 oum
934 2292 1113 2355 indignatione
1124 2288 1276 2354 alloquitur,
1296 2291 1383 2355 figura

293 2369 340 2420 lim
355 2371 500 2420 enimcum
516 2368 661 2420 Foroellino
673 2366 816 2432 explicare:
854 2368 935 2418 edam
952 2365 1103 2416 oratoribus
1119 2366 1224 2415 usitata.
1248 2366 1306 2416 Cio.
1322 2367 1385 2416 Plui-

296 2444 377 2494 «deos
394 2443 428 2494 ad
446 2445 514 2494 iram
532 2446 819 2506 provocorfflpotsn-
854 2439 917 2505 lipp.
949 2440 997 2501 ll,
1026 2440 1059 2488 7:
1095 2440 1142 2499 lu,
1171 2439 1194 2488 sl
1221 2451 1268 2501 eqo
1296 2441 1329 2489 da
1356 2454 1385 2488 re

294 2523 343 2567 iem
360 2518 481 2580 aminon]
501 2515 647 2580 «aliquem,
671 2519 700 2564 ul
721 2515 820 2566 iaciunt
851 2517 954 2578 publiou
969 2515 1061 2577 optineo
1076 2514 1196 2574 mosen,
1222 2518 1251 2562 ut
1266 2526 1310 2563 ore
1325 2516 1385 2563 oin-

295 2588 395 2640 multi.»
414 2589 631 2654 Generalismihi
643 2589 749 2638 videtur
759 2602 820 2639 sen-
853 2603 914 2651 ens,
940 2590 992 2651 ture
1012 2588 1119 2651 posue
1143 2585 1255 2637 mdes?
1272 2614 1302 2624 -
1330 2589 1384 2638 «Tu

295 2663 391 2722 tentia,
409 2676 462 2713 non
480 2662 514 2712 de
531 2662 587 2714 solo
605 2663 761 2712 Maecenate
772 2675 820 2712 ao-
855 2665 935 2714 morti
960 2663 1014 2713 iam
1038 2662 1141 2712 vicinus
1165 2660 1247 2721 beas,
1275 2660 1307 2710 id
1324 2666 1383 2722 est,

294 2736 428 2802 eipieuda;
448 2736 602 2799 neutiquam
614 2737 695 2794 enim,
714 2737 818 2799 opinor,
856 2751 918 2788 eum
946 2736 1116 2799 redemptore
1150 2733 1239 2798 aliquo
1270 2738 1384 2797 paetum

294 2812 365 2861 launo
377 2811 465 2872 ipsum
476 2815 603 2873 polenum
619 2811 756 2870 vocasset,
774 2811 819 2872 qui
855 2812 919 2872 iuis,
946 2812 991 2874 qui
1014 2809 1132 2861 secanda
1153 2821 1288 2860 marmora
1307 2813 1385 2860 maret

294 2885 440 2950 polentiam
454 2897 532 2934 suam
547 2896 629 2947 quam
640 2884 755 2934 maxime
772 2897 821 2934 oo-
855 2897 905 2934 suo
931 2883 1074 2948 periculo·
1115 2883 1257 2934 Sonabant
1289 2887 1383 2934 autem

294 2957 394 3010 culture
412 2957 545 3010 studebat.
856 2971 976 3009 marmor
995 2959 1022 3007 in
1038 2956 1144 3008 tabulas
1160 2957 1196 3007 ad
1211 2957 1384 3020 pavimento-

328 3033 367 3084 ll.
387 3033 493 3096 Sabinis]
512 3045 583 3096 quae
600 3032 821 3097 praediaallae-
855 3047 917 3084 rum
941 3045 1021 3084 usum
1046 3035 1074 3082 et
1099 3031 1134 3081 ud
1157 3033 1274 3097 parietes
1291 3036 1383 3084 crusta

294 3109 389 3158 cenato
401 3107 472 3158 dono
484 3111 627 3172 acceperat
636 3122 661 3158 a.
674 3121 700 3158 u.
714 3121 738 3158 o.
749 3109 817 3170 m,
855 3108 997 3158 marmoris
1015 3107 1185 3170 operiendos.
1220 3105 1285 3157 Plio.
1303 3108 1337 3157 fl.
1351 3109 1381 3157 N.

294 3181 336 3234 vel
362 3183 415 3233 iam
441 3182 514 3244 uuo,
551 3185 582 3233 ut
607 3183 819 3233 demonstratum
855 3181 904 3241 36,
924 3181 1385 3240 6:1²1stan

293 3259 340 3308 ivit
363 3257 506 3308 Grotelend
529 3257 574 3308 lib.
593 3258 657 3307 llus.
676 3258 708 3306 N.
727 3258 755 3306 12.
774 3258 816 3307 111.
855 3255 941 3305 laeuo
957 3268 1032 3304 roera
1047 3255 1084 3304 ll.
1101 3253 1195 3304 seam
1210 3253 1314 3314 mdis,
1332 3267 1383 3302 non

293 3345 319 3396 p.
346 3331 403 3382 iil.
438 3333 558 3382 Primum
581 3331 747 3380 memoratur
763 3330 816 3380 Sat.
853 3329 928 3392 [adio
944 3328 1055 3378 maim
1070 3332 1158 3388 seems,
1176 3341 1212 3376 on
1227 3327 1315 3377 edidis
1328 3329 1383 3391 yle-

293 3405 365 3465 a,3,
380 3406 420 3454 lii.
449 3407 507 3455 Non
519 3403 729 3455 obliviscendum
741 3401 818 3466 longe
854 3402 1006 3464 bupontor.
1026 3427 1042 3438 -
1058 3429 1074 3440 -
1090 3403 1209 3452 Nondrsn
1231 3403 1300 3451 mun
1323 3404 1383 3454 aeoli

293 3480 403 3529 minoris
415 3480 570 3530 aestimatos
581 3491 643 3530 essa
662 3476 758 3527 lundos
770 3479 819 3528 Sa·
853 3476 1230 3540 mmnoriruertiqtoinltutio.
1250 3477 1300 3526 Sed
1310 3478 1382 3539 qnis-

293 3551 371 3603 binos
396 3565 478 3616 quam
495 3552 630 3614 Tiburtes,
655 3551 818 3603 Tusculanos
854 3552 910 3614 quo
931 3553 1044 3613 prum
1070 3551 1164 3601 inomit
1189 3563 1275 3600 seem
1301 3551 1382 3601 tm

293 3628 344 3676 oet.
364 3624 456 3676 Catuli.
477 3625 523 3686 ll.
547 3628 575 3676 i:
607 3627 819 3690 Ostendenoster
852 3625 1109 3688 viamqusdiotdero,
1134 3624 1383 3689 tuberosum

292 3713 336 3750 seu
354 3699 446 3750 Sabine
464 3713 507 3749 seu
528 3700 627 3749 Tiburs:
653 3703 721 3751 Nom
735 3706 819 3751 usare
852 3700 910 3763 suit.
936 3700 1066 3750 Nimirum
1086 3712 1170 3750 uuam
1185 3699 1324 3748 dumtaxat
1338 3701 1382 3749 to-

294 3775 417 3830 riburtem
438 3779 585 3834 auttmsarst,
608 3774 697 3835 quoru
714 3789 765 3825 non
784 3781 820 3824 est
854 3776 905 3825 tius
914 3773 1107 3824 aedifioaiionis
1115 3775 1220 3838 pedem
1227 3773 1313 3824 verbo
1321 3785 1383 3836 pro

293 3849 368 3901 Cordi
393 3849 519 3900 Comum
543 3848 653 3907 loedere·
681 3855 709 3898 at
731 3850 819 3911 quidm
853 3849 912 3914 prio
940 3848 1092 3908 denotauit,
1124 3849 1266 3912 poetarum
1288 3859 1380 3905 more,

292 3925 363 3976 cordi
387 3929 435 3986 osi,
460 3923 552 3986 Quooia
576 3923 698 3972 Sabinum
711 3925 819 3988 olmera
854 3937 942 3987 neque
971 3923 1054 3973 debet
1081 3921 1205 3986 explicari
1239 3920 1380 3971 «excidere

293 4013 342 4050 esse
358 4000 516 4050 emendent.
853 3997 992 4049 oolumnss
1027 3995 1070 4046 vel
1108 3995 1206 4046 solidas
1238 3996 1382 4046 marmoris

326 4075 365 4121 ⁴5.
380 4073 419 4122 lo.
433 4071 818 4135 Tmsdtiureetlinprosaora-
853 4072 975 4136 glebas„

294 4145 380 4194 lione:
401 4146 474 4196 adies
491 4146 564 4198 diem
581 4145 705 4196 celeriter
722 4147 819 4209 exeipit
887 4147 989 4197 ao-ua.
1015 4145 1099 4209 Boiu]
1122 4143 1251 4207 oppidum
1268 4145 1383 4206 Campa
