2934 4884
667 376 795 427 nonam
812 375 941 427 Erouon'

471 536 542 613 Qua
565 520 649 599 serre
673 553 737 597 non
759 530 872 597 molles
894 530 1011 597 viros?

429 658 581 722 Feremus
605 664 637 719 et
661 664 691 718 te
714 652 765 719 vel
789 672 849 739 per
871 650 997 739 Alpium
1021 653 1095 739 iuga

471 774 698 863 inhospitalem
721 784 753 839 et
776 773 958 839 Caucasum

431 897 484 963 Vel
508 894 694 964 Occidentis
717 892 887 980 usquead
910 892 1057 959 ultimum
1079 894 1185 959 sinum

470 1019 556 1083 Forti
579 1036 757 1103 sequemur
779 1025 923 1101 pectore.

429 1142 548 1226 Reges,
575 1148 664 1203 tuum
687 1136 799 1203 labore
822 1136 902 1224 quid
924 1136 1032 1203 iurem
1056 1158 1152 1210 meo,
1306 1137 1347 1199 li

472 1258 612 1326 irabellis
635 1278 673 1325 ac
695 1258 807 1323 firmus
831 1257 976 1345 parum?

428 1384 545 1450 Comes
567 1382 692 1445 minore
717 1399 790 1444 sum
812 1379 937 1446 ferturus
959 1380 992 1445 in
1014 1389 1123 1453 metu,

471 1503 532 1583 Qui
556 1503 658 1568 maior
679 1500 831 1567 absentes
853 1500 971 1578 habet;

327 1730 366 1779 to.
386 1731 463 1789 osmi
480 1727 533 1777 bed
560 1730 588 1777 et
612 1725 732 1790 plerique
759 1728 891 1789 Pollioni,
919 1729 984 1778 item
1009 1727 1099 1779 Aldus.
1127 1728 1196 1790 (Oua
1215 1728 1273 1778 BS'l’
1288 1732 1316 1777 et

293 1806 410 1856 Pottierii
422 1806 433 1854 l
445 1843 450 1863 ‚
461 1805 490 1865 3,
500 1804 535 1867 i.)
550 1832 576 1841 -
597 1806 636 1854 ti.
650 1809 673 1853 et
684 1816 738 1854 om.
752 1805 778 1854 d.
795 1829 824 1840 -
838 1804 877 1852 tt.
891 1802 1002 1852 marein
1013 1802 1033 1852 Τ
1044 1805 1072 1852 et
1082 1802 1200 1851 Potiierii
1210 1814 1313 1852 omues.

295 1906 323 1916 —
344 1881 383 1930 lii.
402 1880 499 1931 inbellis
509 1880 538 1929 T.
555 1905 580 1915 -
602 1880 641 1928 ti.
654 1879 702 1929 am
713 1881 823 1929 auctore
834 1879 865 1927 N.
885 1878 991 1927 Heinsio
1003 1874 1146 1927 Bentleius.
1162 1901 1191 1912 -
1214 1876 1254 1926 ⁴8.
1273 1876 1315 1925 ao

293 1955 368 2004 sentis
384 1956 409 2003 s.
429 1980 457 1990 -
477 1953 571 2004 Deficit
588 1954 614 2003 in
632 1966 657 2002 v.
677 1952 717 2001 l8.
738 1950 803 2002 Cod.
822 1952 908 2001 iuria.
927 1963 1014 2012 usqua
1031 1950 1065 2000 ed
1082 1949 1166 2015 Epod.
1185 1949 1219 2009 9,
1237 1949 1279 1999 37.

262 2148 448 2200 Andromacha
473 2149 544 2213 apud
571 2150 624 2199 Cic.
651 2149 728 2199 Tusa.
756 2149 785 2207 i,
824 2144 937 2210 rupilius
962 2145 1112 2209 praeruptis
1142 2145 1280 2196 nidificare
1306 2160 1350 2195 so-

262 2222 307 2275 it:
330 2224 396 2285 Vidi,
413 2224 498 2273 viatere
514 2225 581 2285 qaod
597 2236 636 2273 ate
648 2234 726 2285 passa
741 2235 787 2271 aa·
823 2219 894 2282 lere,
907 2232 976 2283 quos
992 2220 1018 2269 in
1035 2217 1109 2269 locos
1126 2222 1268 2283 serpentes
1285 2218 1348 2269 alla-

261 2312 386 2361 omme.
416 2322 442 2333 -
473 2298 787 2359 tataapitataa-caaa-
824 2294 851 2343 bi
871 2295 914 2343 vix
933 2295 1054 2357 possunt.
1094 2292 1134 2342 Ad
1156 2296 1240 2343 wtam
1260 2297 1348 2343 autem

263 2372 332 2435 aen]
364 2374 394 2422 ut
418 2371 466 2421 ud.
491 2374 518 2431 t,
547 2373 593 2432 22,
621 2372 644 2421 6.
684 2373 786 2421 Seneca
824 2368 968 2431 imaginem
984 2366 1031 2417 eir.
1045 2367 1146 2417 Moschi
1167 2364 1294 2427 td.t‚2t
1308 2380 1348 2429 sq.

263 2445 370 2507 Thyest.
396 2444 471 2496 tutti:
502 2445 657 2507 inhospitalis
681 2446 788 2495 Caucasi
823 2443 983 2506 praesertim
1005 2454 1031 2489 v.
1050 2442 1097 2491 25:
1122 2436 1152 2505 (ἡ
1171 2434 1261 2512 ὄρνις)
1284 2435 1349 2492 Οὐδ’

261 2532 350 2581 ratperti
371 2532 487 2581 asperam
506 2546 533 2555 —
563 2520 657 2583 unum]
675 2520 785 2579 Oceani,
823 2510 867 2586 ἄρ’
884 2510 944 2575 ἔχει
964 2516 1108 2566 τέκνοισιν
1129 2515 1299 2586 ἐπαρκέσω.
1321 2543 1348 2551 -

263 2592 673 2657 adllispaniaeorarnultimam.
693 2596 785 2644 Scaoa.
826 2593 871 2643 «ut
896 2590 953 2640 avis
978 2603 1012 2639 eo
1035 2592 1173 2653 tempore,
1201 2603 1256 2653 quo
1282 2591 1351 2640 toret

263 2667 445 2728 Clr.0d.2‚6‚
460 2670 490 2717 l:
509 2669 613 2730 Septimi
631 2668 711 2718 Gades
728 2668 788 2717 arti-
825 2662 967 2727 implumes
987 2661 1089 2727 pullos,
1116 2663 1158 2713 liis
1180 2661 1299 2723 relictis,
1324 2663 1350 2712 id

261 2746 318 2791 tare
340 2754 445 2790 maiar.
480 2742 568 2805 virgil.
594 2744 639 2793 Ge.
665 2744 696 2801 2,
726 2741 785 2791 tia:
829 2741 884 2797 est,
903 2750 965 2787 eum
982 2750 1029 2787 eos
1047 2750 1127 2787 escae
1138 2738 1273 2800 petendae
1292 2750 1352 2788 cau-

262 2814 378 2863 Etetremt
393 2815 462 2863 aare
478 2814 552 2864 orbis.
824 2826 854 2863 se
874 2810 992 2875 reliquit,
1019 2810 1104 2873 maga
1134 2812 1211 2861 timet
1239 2826 1351 2877 serpeu-

296 2886 384 2936 trs-re.
412 2887 497 2951 tropas]
526 2889 577 2938 «Ex
603 2902 647 2939 me
672 2901 788 2952 quaeres
824 2887 891 2935 tium
923 2886 1039 2949 impetus
1066 2887 1092 2935 iu
1121 2886 1214 2936 uidam
1242 2900 1349 2937 suam.-

263 2958 401 3010 rorasse.»
422 2987 449 2996 -
462 2960 575 3025 imbellis]
594 2962 640 3012 Od.
654 2964 685 3023 ἲ,
704 2964 735 3023 6,
754 2964 785 3011 7:
825 2962 918 3011 Statim
940 2962 1032 3010 autam
1049 2960 1171 3024 sequitur
1187 2962 1351 3025 comparatio

262 3034 327 3084 tarso
349 3036 429 3083 maria
450 3040 473 3085 et
499 3037 601 3085 viaram
623 3038 785 3097 Militiaeqae.
825 3047 852 3084 v.
869 3035 952 3098 asapia
967 3034 1129 3097 significem
1148 3034 1278 3085 nimirum
1295 3034 1352 3085 vol·

264 3135 292 3145 -
309 3110 399 3173 tinne-5
418 3111 522 3174 parum]
548 3110 582 3160 ad
607 3110 787 3161 valetudinem
825 3111 894 3173 garis
911 3110 1053 3159 retiacum
1065 3109 1172 3159 inisset:
1193 3110 1353 3160 «amelma-

261 3182 388 3246 pertiuet,
407 3196 459 3246 que
476 3196 529 3234 nan
541 3184 640 3247 optima
652 3184 786 3234 utebatur.
825 3186 865 3248 gis
882 3182 960 3249 pullis
976 3181 1075 3233 relictis
1095 3196 1177 3247 quam
1196 3198 1262 3235 earn
1273 3198 1352 3249 prae-

265 3282 292 3293 —
310 3258 408 3307 minare
423 3256 486 3321 sum]
508 3258 588 3308 Certo
606 3259 686 3319 atque
704 3258 787 3307 obfir-
825 3272 887 3310 sens
905 3259 947 3309 est
963 3259 989 3307 in
1007 3256 1106 3315 aidau
1125 3256 1196 3307 hane
1213 3258 1352 3322 praetulit:

263 3333 335 3381 mato
361 3330 450 3381 animo
475 3330 621 3394 respondet
645 3331 786 3396 superiori,
826 3333 904 3393 «etsi,
930 3332 993 3382 lieet
1009 3330 1090 3390 adsit,
1117 3343 1170 3380 non
1187 3330 1249 3396 plus
1266 3332 1353 3383 auxilii

263 3418 345 3468 quarn
379 3407 533 3468 exspectat,
569 3406 786 3467 interrogationi,
824 3406 874 3458 illis
891 3409 934 3457 est
954 3405 1075 3468 latura»,
1101 3417 1228 3469 proquo
1252 3420 1354 3470 prono-

263 3480 389 3541 quociroa
424 3478 565 3530 indicativo
599 3479 697 3539 utitur,
733 3492 787 3529 nou
824 3482 897 3532 mine
915 3494 968 3530 nou
986 3481 1045 3531 siue
1060 3482 1087 3529 vi
1103 3482 1194 3545 posuit
1208 3482 1354 3542 praesisti-

263 3552 362 3602 lleinsii
380 3552 557 3603 coniunctivo.
581 3580 606 3588 -
626 3553 708 3617 labat]
731 3556 788 3604 ‹oe-
825 3555 883 3615 t›as,
911 3556 971 3617 «qui
996 3556 1067 3605 eirca
1092 3568 1152 3606 eam
1175 3559 1351 3611 versantur·;

263 3628 322 3685 net,
341 3628 481 3691 occupat.»
825 3642 877 3693 qua
900 3630 1002 3678 ratione
1026 3632 1118 3679 mutua
1140 3630 1239 3680 caritas
1260 3630 1352 3679 matris

297 3700 385 3751 tit-au.
407 3702 436 3749 ut
447 3700 565 3764 assim]
577 3700 699 3764 Aeschyl.
714 3702 786 3765 Sept.
825 3706 853 3752 et
868 3700 1002 3767 pullorum
1013 3704 1114 3767 optime
1124 3704 1293 3767 exprimitur.
1315 3704 1351 3752 Ac

263 3772 323 3823 adv.
351 3772 434 3824 Theb.
462 3774 518 3824 att.
547 3776 577 3823 D.
588 3776 596 3823 :⁴
621 3770 788 3844 Δράκοντας
824 3775 933 3836 similia,
953 3788 1022 3839 quos
1038 3776 1287 3840 pleonasmosoiim
1305 3789 1352 3825 vo-

262 3838 303 3910 ὥς
325 3862 369 3911 τις
393 3848 500 3899 τέκνων
513 3842 721 3919 Ὑπερὸέδοικεν
742 3847 789 3898 λε·
825 3849 938 3909 cabant,
967 3849 1086 3901 hahebat
1109 3851 1278 3902 consuetudo
1302 3852 1351 3900 La-

263 3924 355 3981 καιων
376 3918 589 3993 δυσευνάτορας
613 3919 789 3993 Πάντροφος
825 3926 891 3975 tina:
922 3924 1004 3975 Plaut.
1023 3925 1121 3975 Pseud.
1140 3925 1169 3986 i,
1196 3926 1226 3985 7,
1252 3925 1301 3976 ta:
1329 3930 1352 3974 te

263 3992 385 4059 πελειάς.
405 3999 491 4061 Atque
504 3998 538 4047 de
550 3996 676 4062 palumbo
689 3998 732 4047 hie
745 4010 789 4047 eo-
824 4001 892 4061 ipsas
904 4012 991 4049 eorasa
1003 4012 1124 4061 praesum
1136 4005 1295 4061 praeteritam
1312 4000 1350 4049 ei·

263 4070 345 4131 gitare
366 4069 440 4133 licet,
463 4075 492 4122 ut
509 4073 608 4136 gratior
625 4072 670 4121 liat
687 4072 785 4135 imago.
825 4074 872 4123 det.
891 4073 997 4123 Terent.
1010 4072 1122 4137 Adelph.
1136 4074 1166 4134 3,
1185 4073 1213 4134 3,
1232 4073 1276 4122 39;
1295 4074 1350 4123 Noa

264 4140 354 4192 Aliide
363 4143 505 4197 hirundine
514 4148 705 4209 exposuerunt,
715 4144 788 4195 haud
825 4147 887 4207 qaia
902 4148 962 4197 aaa
987 4159 1123 4209 mareas,
1150 4146 1205 4197 (tica
1229 4148 1283 4196 itae.
1311 4147 1348 4196 lb.

265 4228 400 4267 memores
426 4219 473 4268 iras
491 4220 517 4269 ia
535 4220 626 4280 tectis,
653 4219 785 4279 turribus,
824 4220 853 4277 i,
881 4222 909 4280 a,
936 4220 988 4270 il:
1016 4221 1078 4271 &rm
1103 4220 1168 4271 iasa
1191 4220 1238 4270 sibi
1261 4222 1350 4273 uati
