2934 4884
655 386 784 435 llOliATll
802 386 970 437 counitioni

438 540 595 606 lracundo
617 540 703 606 diem
724 540 865 628 proteret
888 541 945 608 llio

438 662 655 750 Matronisque
677 662 842 750 Phrygum
863 661 977 728 classis
999 662 1147 741 Achillei,

438 787 515 851 Post
535 794 640 850 certas
662 783 787 850 hiemes
809 793 882 850 uret
903 783 1060 851 Achaious
1317 787 1358 850 35

480 905 565 992 ignis
587 905 699 971 Iliacas
721 904 845 971 domos

339 1115 379 1164 ss.
398 1115 504 1164 nciam
521 1127 535 1164 e
554 1113 638 1164 cour.
659 1114 684 1162 r.
706 1140 732 1148 -
753 1112 793 1163 so.
812 1113 911 1177 noem]
928 1115 1077 1177 mancas
1094 1113 1145 1164 ru.

270 1295 299 1341 ut
320 1291 392 1355 opud
415 1291 488 1341 Ouid.
513 1290 622 1340 Remed.
651 1292 709 1339 Am.
729 1288 792 1339 isi:
831 1289 991 1353 scripsisset,
1003 1289 1202 1352 novemsnltem
1215 1303 1358 1354 perennos

268 1367 395 1429 Fripidior
426 1367 506 1429 plocio
534 1366 577 1428 sne
600 1365 703 1414 videare
727 1369 793 1412 tuae.
832 1364 919 1412 securi
935 1365 1062 1414 vixissent
1078 1364 1207 1424 adulteri;
1234 1366 1272 1415 sic
1292 1379 1358 1414 vcro

269 1441 332 1491 573:
362 1443 391 1490 tlt
411 1454 496 1501 posses
517 1441 595 1488 odisse
616 1445 700 1499 tuam,
724 1438 794 1498 Part,
832 1451 893 1486 cum
911 1437 987 1486 dicit:
1016 1441 1198 1502 «postennos
1216 1440 1268 1488 iem
1286 1453 1358 1490 nunc

269 1516 362 1577 temera
376 1517 488 1578 fratrum
505 1515 632 1564 Debueras
649 1514 728 1562 ocutis
740 1527 795 1562 sus-
832 1512 917 1560 eluto
934 1512 1104 1576 praefinitos,
1131 1527 1247 1577 quorum
1267 1517 1359 1564 tamen

270 1591 370 1638 tinuisse
390 1590 447 1637 iuis.
832 1599 974 1636 numerum
993 1599 1042 1636 vos
1059 1600 1111 1637 non
1129 1589 1238 1648 nostis»
1256 1587 1297 1638 vel
1311 1603 1361 1639 an-

303 1663 343 1713 33.
377 1665 431 1713 liac
455 1663 565 1726 quidem
587 1663 712 1726 stropha,
738 1663 794 1712 sine
831 1663 940 1724 tequam
956 1662 991 1712 ad
1006 1662 1066 1713 litus
1085 1665 1225 1713 Troianum
1243 1663 1361 1728 appelle-

270 1751 378 1787 ceusua
396 1738 557 1787 nonnemine
569 1737 743 1800 reprehenso,
758 1737 797 1784 ni·
831 1738 899 1796 rent,
921 1739 1059 1800 perpetuis
1078 1736 1300 1788 sollicitudinibus
1325 1753 1359 1788 sc

268 1811 304 1862 hil
324 1812 444 1876 prolecto
460 1813 547 1874 eptIus
559 1825 647 1873 neque
660 1811 795 1860 efficacius
832 1809 970 1861 timoribus
988 1825 1035 1861 eos
1052 1812 1143 1874 agitari
1160 1825 1272 1863 necesse
1289 1817 1357 1862 erat.

269 1887 303 1936 od
318 1899 427 1935 carmen
442 1883 656 1934 concludendum
677 1884 795 1934 invenire
834 1885 929 1934 —Sed
948 1883 1010 1934 illud
1033 1899 1140 1950 quoque
1163 1890 1242 1950 suget
1258 1889 1360 1940 carmi-

271 1963 385 2025 poterat.
413 1961 599 2010 Reminiscitur
610 1962 700 2009 autem
717 1963 795 2023 poete
832 1960 872 2009 nis
886 1961 1104 2023 praestantissimi
1120 1961 1357 2026 pulchritudinem,

269 2125 351 2160 σεται
366 2101 463 2180 ἦμαρ,
490 2103 531 2159 ὅτ’
549 2104 586 2158 ἄν
610 2102 671 2158 ποτ’
699 2103 795 2179 ὀλώλῃ
832 2109 905 2159 nium
925 2109 1088 2161 audientium
1108 2125 1219 2174 sensus,
1245 2124 1359 2176 prorsus

269 2179 356 2247 Ἴλιος
374 2181 421 2255 ἱρὴ
438 2185 487 2234 καὶ
506 2183 638 2256 Πρίαμος
658 2183 708 2233 καὶ
724 2180 794 2246 λαὸς
831 2185 942 2233 locetur.

269 2257 413 2324 ἐϋμμελίω
430 2255 585 2330 Πριάμοιο.
611 2261 667 2310 «iro
684 2259 794 2322 quidem
864 2259 904 2308 36.
919 2259 1360 2324 lpuislttccaslvideadv.2l.sub-

269 2333 377 2385 Achillis
394 2338 504 2398 propter
520 2335 667 2385 Briseidem
683 2334 717 2383 ub
730 2337 797 2396 Agn—
832 2334 973 2384 stituerunt
988 2335 1152 2396 Perpameas,
1174 2349 1206 2385 cr
1223 2349 1276 2399 quo
1294 2334 1358 2385 Gla-

270 2423 415 2459 memnone
426 2408 725 2472 sibiereptaminoeuse
735 2410 794 2469 erit,
831 2421 943 2458 reanus:
971 2407 1028 2458 «alii
1046 2409 1159 2460 Codices
1174 2411 1356 2474 reponens»

269 2487 299 2533 ut
307 2483 459 2533 retardetur
467 2482 630 2546 aliquantum
638 2483 730 2531 Troiae
738 2482 796 2533 dies
833 2482 860 2530 et
873 2480 1050 2532 Pulmnnnus:
1079 2482 1142 2532 aelii
1159 2485 1242 2534 Codd.
1260 2487 1359 2548 Perpu—

269 2557 362 2619 ietelis,
380 2556 504 2617 ultimus;
530 2558 716 2606 verumtamen
736 2559 797 2620 post
831 2571 913 2618 meas,
933 2561 999 2608 teste
1017 2556 1171 2608 Glareano.»
1201 2560 1252 2609 Sed
1267 2573 1360 2610 cuma

270 2645 403 2681 annorum
420 2644 562 2681 numerum
578 2645 594 2680 e
609 2631 661 2680 luto
679 2631 797 2681 destinu-
832 2633 939 2682 nemine
956 2634 1136 2684 recentiorum
1152 2635 1219 2683 hoec
1236 2633 1315 2684 lectio
1330 2635 1360 2684 in

273 2709 330 2755 tum
346 2705 545 2755 comburetur.»
565 2733 592 2741 -
608 2705 737 2753 iracundo
752 2731 766 2742 -
783 2731 797 2742 -
832 2706 905 2757 libris
922 2708 1026 2770 scriptis
1044 2711 1150 2771 reperta
1166 2709 1214 2768 sit,
1236 2709 1361 2772 suspicor

269 2781 355 2830 closis
371 2780 471 2830 Achillei
489 2780 552 2829 satis
569 2781 675 2842 politice
690 2779 794 2840 dicit-ur,
833 2780 961 2830 Glareuno
987 2783 1037 2846 ipsi
1060 2783 1129 2831 hunc
1152 2784 1219 2832 coni.
1246 2782 1358 2844 deheri;

271 2856 348 2919 quusi
372 2856 430 2905 eius
456 2868 550 2904 omnes
575 2852 671 2904 milites
700 2854 796 2904 eedem
833 2859 905 2906 certe
922 2855 1185 2920 innullnpraccedd.
1200 2857 1358 2923 editionum,

271 2929 346 2979 ducis
370 2930 409 2978 ira
434 2929 535 2978 incensi
554 2929 681 2988 luissent,
707 2941 795 2991 neque
832 2945 866 2980 ne
884 2931 909 2980 in
927 2928 1026 2981 Aldinis
1041 2931 1159 2994 quidem,
1176 2934 1284 2996 repperi
1299 2935 1361 2984 Per-

270 3003 391 3069 prolecto
415 3001 548 3065 intelligo,
572 3003 708 3066 quomodo
727 3004 795 3052 hoec
831 3019 941 3069 pemeus.
974 3007 1072 3069 (Inesse
1086 3009 1173 3056 tamen
1187 3006 1360 3057 hanclectio-

269 3083 326 3129 tem
342 3079 439 3128 acriter
449 3079 600 3142 vituperare
612 3080 727 3142 potuerit
738 3079 798 3128 Edi·
833 3094 895 3130 nem
912 3081 938 3129 in
956 3079 1070 3130 editione
1081 3081 1217 3132 rarissima
1231 3083 1296 3132 Petri
1306 3097 1360 3132 oon

270 3157 314 3204 tor
339 3153 484 3204 Leidensis.
508 3179 536 3189 -
557 3154 675 3218 proferet]
704 3153 798 3204 «dilie—
834 3155 873 3216 Os,
892 3156 998 3217 Zwollts,
1017 3155 1100 3218 into,
1120 3169 1188 3220 miae
1201 3158 1356 3208 annoldtit).

270 3231 336 3280 ret».
372 3230 456 3278 Etiam
482 3229 533 3278 hoc
558 3229 704 3278 notandum
729 3231 796 3290 erat,
833 3231 989 3293 assignatur,
1003 3231 1357 3282 testeturliirchneruslt'oo.

271 3305 335 3368 quie
357 3317 444 3368 nuper
466 3315 563 3366 parum
587 3306 659 3352 recte
688 3302 797 3366 quidam
834 3307 943 3366 Quaestt.
961 3306 1050 3355 Horat.
1063 3319 1090 3369 p.
1104 3306 1154 3368 57.)
1173 3306 1255 3355 Huius
1268 3308 1359 3356 nutem

272 3378 425 3443 explicavit:
453 3376 547 3430 «Ultrin
566 3377 675 3427 Achillei
694 3376 796 3440 classis,
833 3379 1063 3440 lectioniseuotor,
1076 3379 1359 3443 quicunqueiuit,non

272 3455 337 3504 irate
354 3455 456 3515 Troiae,
474 3467 535 3504 eam
552 3455 684 3511 evertet»,
702 3465 798 3502 verum
834 3455 897 3504 satis
906 3455 1050 3518 perspexit,
1061 3453 1360 3517 quemputidaiteioret

270 3528 386 3590 proferre
417 3542 471 3580 non
503 3541 562 3579 esse
591 3527 729 3577 «aliene»
754 3526 797 3577 vel
832 3530 942 3578 variatio
967 3529 1037 3578 inter
1059 3529 1123 3578 ilion
1148 3529 1174 3578 et
1198 3531 1358 3592 Perpnmum.

274 3601 413 3650 «inferre»
431 3615 511 3651 nemo
527 3604 638 3666 ignorat.
833 3605 1000 3653 Praestarent
1020 3615 1103 3667 propo
1123 3604 1292 3653 coniecturae
1315 3617 1361 3653 ec-

306 3673 347 3724 si.
366 3674 406 3724 35.
434 3677 544 3738 Achillei]
569 3680 599 3726 ut
617 3677 725 3727 Ulineta
743 3675 798 3726 ior·
834 3691 886 3741 que
904 3677 1057 3727 arbitrariae
1074 3679 1206 3740 Anonymi
1226 3677 1296 3743 apud
1313 3679 1360 3727 Io-

274 3761 319 3798 me
334 3748 462 3797 Action.
483 3776 511 3786 -
528 3752 585 3799 Post
600 3752 689 3816 cotos]
715 3751 798 3801 «inde
834 3753 938 3802 nesium
953 3752 1102 3802 Dardanius
1115 3751 1157 3802 vel
1171 3751 1289 3804 Witholii
1301 3751 1361 3801 bur·-

275 3823 309 3872 ub
326 3820 442 3872 lielenue
460 3826 547 3886 raptu,
573 3837 625 3887 quo
648 3826 750 3876 scelere
770 3828 798 3874 tu
835 3829 950 3888 doricas,
979 3827 1002 3876 si
1030 3828 1172 3890 quicquam
1201 3827 1360 3878 mutandum

275 3900 301 3948 te
318 3895 459 3960 polluisti.»
482 3898 567 3946 Derras
581 3897 698 3949 malebat
715 3901 800 3952 ituri(-
836 3905 916 3953 esset.
942 3902 1003 3966 (Cir.
1018 3899 1256 3952 HermnnniElem.
1271 3902 1358 3951 doctr.

275 3971 369 4022 landus
394 3970 437 4034 (ed
453 3972 514 4020 Stat.
533 3986 560 4036 p.
579 3973 646 4035 sio.)
686 3976 720 4023 nt
738 3976 798 4027 vide
835 3979 951 4041 metnp.
965 3976 1022 4028 iso.
1049 3977 1200 4028 Lachmann
1216 3979 1242 4027 in
1257 3977 1361 4028 Frenkii

277 4047 431 4110 sapientium
451 4048 556 4110 poetae.
591 4050 658 4099 Nem
682 4050 759 4100 devias
778 4053 800 4100 si
836 4055 862 4103 F.
882 4053 912 4103 H.
930 4065 957 4116 p.
976 4049 1044 4113 238.)
