2934 4884
469 360 599 411 sublimi
618 362 790 413 SECULARE.

255 518 320 581 4444
343 516 422 581 mari
445 526 595 603 terraque
617 536 730 583 munus
751 528 899 605 potentes

255 636 367 703 lledus
390 635 594 726 Albanasque
617 639 706 704 timet
727 659 882 714 secures,

255 761 321 823 lam
344 757 482 847 Scythae
505 780 663 846 responsa
685 772 811 847 petunt,
839 762 971 849 superbi
1124 766 1164 825 52⁰»

343 882 464 967 Nuper,
490 892 521 947 el
543 880 620 946 lndi.

255 1039 320 1103 lam
341 1036 438 1105 Fides
461 1049 494 1105 et
515 1040 580 1105 Pax
602 1048 634 1105 et
656 1040 766 1106 Honos
789 1039 964 1128 Pudorque

254 1158 384 1225 Priscus
406 1168 438 1225 44
459 1159 605 1244 neglecta
627 1159 735 1227 redire
756 1162 861 1227 Virtus

256 1280 369 1356 Audet
393 1291 592 1369 apparetque
615 1280 710 1349 beata
732 1281 829 1370 pleno

339 1402 438 1489 Copia
461 1423 571 1469 cornu.
1125 1409 1166 1471 69

146 1591 190 1639 53.
209 1602 313 1639 4440444444
326 1594 449 1651 polentem
465 1589 549 1641 Bentl.
569 1592 638 1641 coni.
659 1618 685 1626 --
705 1593 746 1641 447.
764 1593 850 1641 4404404
867 1592 970 1652 obici
988 1594 1049 1655 (non
1066 1596 1098 1653 0).

79 1772 164 1817 nere,
184 1756 248 1820 quid
265 1756 388 1807 Romanis
404 1759 541 1821 praestare
559 1757 609 1807 de·
624 1763 628 1786 ·
645 1772 716 1820 σοις.
733 1786 761 1796 ·-
779 1760 884 1824 44444444]
903 1761 972 1823 virg.
983 1763 1048 1811 4444.
1062 1762 1091 1823 6,
1103 1763 1164 1812 sis:

77 1833 192 1882 beant.»
218 1858 245 1867 -
270 1831 380 1895 serperbi]
407 1832 485 1893 iunge
502 1844 564 1883 04444
580 1846 606 1881 v.
644 1834 868 1897 beupr'ucofldesi
887 1862 910 1871 -
928 1836 1019 1900 redire]
1032 1837 1164 1897 interrae,

76 1907 198 1967 84444404.
223 1904 294 1954 Suet.
314 1906 369 1953 004.
388 1905 429 1954 et.
452 1906 501 1954 llio
518 1904 562 1965 44,
582 1906 605 1955 9.
645 1920 711 1971 quas
729 1920 793 1957 eum
809 1920 825 1956 a
843 1908 999 1959 mortalibus
1016 1908 1066 1959 coli
1082 1911 1166 1962 desita

77 1981 156 2031 Ouid.
178 1980 253 2030 Trist.
273 1981 303 2039 2,
317 1980 377 2029 iii:
397 1981 470 2029 ll'uoc
482 1980 546 2042 petil
561 1980 609 2029 Ar·
644 1983 728 2041 esset,
752 1984 854 2031 maesta
872 1981 1026 2045 reliquerat;
1048 1984 1075 2033 id
1095 1986 1166 2048 quod

77 2056 180 2104 4444444444
195 2066 301 2115 poesim
321 2066 387 2103 44440
401 2054 514 2117 40444444
533 2068 608 2103 arcte
644 2058 738 2107 Graeci
755 2056 788 2106 de
805 2060 933 2117 Astraea,
955 2057 1044 2127 Δίκῃ,
1074 2072 1167 2109 44444-

77 2131 190 2179 Pomluu
205 2129 384 2191 semiinsula
397 2134 521 2191 ceptoque
535 2130 609 2192 449440
644 2131 721 2190 bant;
755 2132 820 2181 item
847 2132 979 2183 Hesiodus
999 2132 1078 2203 ’'llpy.
1108 2134 1164 2184 498,

77 2218 170 2253 omnis.
199 2230 227 2241 -
248 2203 312 2263 lodi]
339 2205 472 2265 Augustus
497 2204 554 2267 ipse
581 2204 607 2253 in
644 2204 755 2256 Goettl.:
777 2205 931 2256 Λευκοῐσιν
952 2211 1094 2278 φαρέεσσι
1113 2222 1166 2256 κα-

77 2281 200 2329 leonum.
221 2280 318 2340 Ancyr.
338 2277 380 2327 ed.
400 2280 481 2327 Franz
497 2292 524 2342 p.
544 2278 605 2328 408:
643 2278 804 2345 λυψαμένω
821 2279 898 2351 χρόα
908 2280 997 2331 καλὸν
1006 2278 1167 2332 Ἀθανάτων

77 2349 163 2423 Πρὸς
172 2350 223 2416 ἐμὲ
236 2346 267 2415 ἐξ
278 2346 376 2413 Ἰνδίας
384 2348 528 2411 βασιλέων
545 2366 608 2422 πρε·
642 2350 716 2421 μετὰ
756 2352 851 2416 φῦλον
894 2354 955 2405 ἴτον
999 2353 1164 2429 προλιπόντ’

79 2428 181 2487 eiiciat
215 2422 351 2487 πολλάκις
384 2418 605 2491 ἀπεστάλησαν,
643 2424 815 2501 ἀνθρώπους
836 2427 927 2492 Αἰδώς
954 2430 1003 2481 καὶ
1030 2432 1164 2496 Νέμεσις.

79 2494 223 2552 οὐδέποτε
234 2496 288 2571 πρὸ
306 2496 410 2551 τούτου
427 2498 479 2550 τοῦ
497 2498 606 2571 χρόνου
646 2532 672 2541 -
691 2506 855 2567 apparetque]
872 2503 1043 2568 Splendidam
1059 2508 1102 2556 bic
1114 2521 1165 2556 nu-

78 2572 224 2637 ὀφθεῐσαι
255 2572 332 2647 παρὰ
362 2570 508 2641 Ῥωμαίων
540 2570 606 2641 ripe-
644 2579 721 2629 minis
739 2575 909 2641 ἐπιφάνειαν
925 2580 1064 2642 siguificat.
1079 2608 1106 2616 -
1120 2582 1165 2631 Co-

77 2650 161 2715 μόνι.
190 2653 230 2701 De
247 2651 372 2701 ludorum
389 2654 480 2700 eutem
497 2648 606 2713 legatio·
638 2653 693 2717 pia]
713 2652 891 2704 abundantiae
909 2654 975 2714 dea3
1001 2656 1077 2704 euius
1097 2656 1165 2706 ima-

79 2730 161 2780 nibus
186 2728 221 2777 ad
245 2729 393 2790 Augustum
417 2728 505 2777 missis
528 2728 605 2778 docte
642 2729 701 2791 gine
718 2729 862 2793 praecipue
880 2727 1027 2781 delectatus
1044 2743 1104 2781 esse
1115 2734 1167 2781 Au-

79 2803 226 2869 disputavit
242 2803 328 2864 Unger
344 2802 375 2851 V.
394 2802 424 2850 li.
437 2816 463 2865 p.
477 2802 533 2851 355.
557 2802 603 2864 (Cl.
642 2806 735 2866 gustus
749 2805 862 2854 videtur,
886 2804 981 2865 Odi,
998 2806 1046 2865 ii,
1063 2804 1094 2855 44
1105 2818 1164 2868 sqq.

78 2884 109 2930 Α.
129 2879 174 2927 W.
200 2874 319 2938 Schlegel
342 2876 606 2925 Berlincr-Kalender
642 2878 708 2942 Epp.
721 2879 746 2939 4,
758 2879 891 2941 444840.
903 2877 1164 2929 (144444444044444404,

80 2954 156 3004 4849.
179 2963 206 3015 p.
225 2950 265 3001 48.
290 2952 325 3015 44,
344 2950 425 2999 liitter
450 2951 539 3013 Geopr.
557 2965 605 3000 uon
642 2952 672 3001 V.
692 2954 722 3000 N.
746 2951 803 3001 377.
833 2954 944 3003 Genium
968 2954 1077 3017 Augusti
1103 2966 1165 3004 cum

78 3027 155 3077 444044
170 3026 213 3075 lV.
233 3026 255 3074 4.
271 3038 297 3087 p.
312 3023 360 3075 488
377 3036 453 3087 seqq,
467 3023 567 3087 Beuloy
579 3027 604 3075 in
642 3026 734 3088 copiae
747 3037 830 3074 cornu
841 3030 973 3076 monstrat
980 3028 1097 3078 visconti
1106 3030 1167 3078 liu-

80 3102 184 3153 Erschii
210 3104 237 3149 et
262 3098 375 3149 Gruberi
399 3099 506 3162 Eucycl.
533 3113 555 3149 s.
577 3113 602 3150 v.
641 3112 681 3149 seo
696 3098 840 3148 Pio-Cleri.
860 3099 884 3149 3.
903 3100 967 3149 Tab.
986 3103 1010 3151 2.
1032 3129 1059 3139 -
1079 3103 1166 3166 como]

79 3178 181 3235 4444444,
199 3188 226 3239 p.
239 3174 290 3237 89.)
557 3210 559 3215 ,
642 3172 735 3223 Graeci
762 3170 846 3222 simile
875 3172 976 3222 babent
998 3169 1167 3239 Ἀμαλθείας

111 3250 219 3301 54-80.
248 3249 335 3313 Fides]
364 3248 495 3312 Theognis
522 3249 603 3299 itti:
641 3248 736 3317 κέρας.
768 3245 847 3310 Apud
872 3248 1003 3297 Senecam
1029 3249 1098 3299 lled.
1124 3250 1164 3297 64.

79 3324 192 3386 illotus
210 3319 321 3389 Μάλη
339 3318 415 3385 θεός.
432 3350 459 3359 —
472 3323 537 3387 Pau]
552 3324 605 3373 Eu·
641 3323 702 3371 Paci
728 3321 778 3384 ipsi
803 3319 929 3369 tribuitur
950 3334 1034 3372 cornu
1058 3323 1163 3385 copiae:

78 3402 129 3463 rip.
156 3400 242 3449 Orest.
266 3398 343 3447 t68l:
373 3394 426 3461 τὴν
450 3396 605 3463 καλλίστην
641 3397 674 3445 Et
690 3408 770 3445 come
784 3395 873 3444 retinet
889 3395 1082 3457 44444400ρὶ444,
1114 3398 1166 3445 444-

79 3471 162 3525 Θεῶν
174 3470 309 3544 Εἰρήνην.
329 3473 390 3523 Ε444
401 3485 448 3521 ara
459 3472 607 3523 4444444444-
642 3470 745 3519 0444404·
765 3464 862 3533 μῦθος
878 3468 984 3519 videtur
1001 3470 1073 3533 apud
1089 3469 1164 3520 Ovid.

79 3551 130 3601 nis.
156 3547 215 3597 vid.
229 3549 307 3597 Corn.
322 3548 387 3611 Nep¹
406 3547 433 3596 iu
451 3547 564 3597 Timoth.
579 3548 603 3597 2.
642 3545 704 3596 4444.
717 3544 746 3605 9,
764 3544 805 3593 87.
822 3542 955 3594 Achelous
972 3543 1006 3593 de
1020 3557 1103 3593 cornu
1114 3543 1165 3595 sibi

79 3628 106 3675 44
133 3636 204 3685 quae
232 3622 368 3671 adnotavit
392 3622 554 3685 Nipperdey.
575 3647 604 3657 -
643 3618 677 3668 44)
696 3617 808 3668 44440444
831 3620 965 3669 truncato:
991 3620 1085 3668 Naidos
1104 3618 1164 3680 boo,

79 3700 179 3757 4404404,
206 3697 284 3760 quia
306 3696 431 3747 Romanis
453 3694 605 3756 colebatur,
638 3694 721 3757 pomis
737 3697 761 3743 et
777 3694 854 3743 odoro
872 3696 935 3758 {lore
955 3693 1089 3755 4444444444,
1116 3694 1167 3742 So-

79 3773 190 3837 proprie
208 3773 250 3821 est
264 3772 347 3820 llooos
366 3771 480 3831 Virtutis,
499 3771 545 3833 qui
555 3770 608 3819 vir·
642 3772 762 3827 cremon
787 3769 902 3829 divesque
922 3781 977 3817 meo
1002 3766 1066 3816 40444
1089 3768 1168 3829 Copia

81 3850 167 3898 4444444
185 3846 371 3907 consequitur;
398 3844 447 3895 sed
469 3845 522 3894 iam
539 3846 605 3895 all.
642 3856 722 3892 0044444
746 3847 839 3893 444-
858 3844 1001 3892 «Pacatum
1025 3843 1115 3891 4444444
1141 3845 1168 3891 44

80 3918 205 3973 Marcello
216 3917 287 3969 bello
296 3917 394 3969 Gallico
406 3919 440 3969 ad
452 3916 607 3969 Clastidium
643 3918 764 3981 quietum
781 3917 834 3967 iam
851 3930 910 3967 4444
927 3918 1061 3966 terrerum
1072 3915 1167 3965 orbem

80 3996 165 4046 aedes
190 4006 284 4047 44044041
306 4006 339 4042 nr
356 4006 453 4043 44444044
477 3996 538 4043 vota
556 3996 604 4043 est.
643 4005 706 4042 cum
717 3991 808 4041 verbis
819 3992 875 4039 tum
887 3990 1006 4041 numeris
1022 3987 1167 4041 lenioribus

81 4072 137 4121 liv.
150 4070 196 4129 44,
215 4070 256 4119 94.
277 4094 304 4104 -
317 4068 408 4132 Pitdor]
426 4067 504 4131 Apud
516 4068 605 4131 Eurip,
644 4066 749 4129 egregie
769 4063 912 4114 declaravit
928 4066 1021 4128 poeta,
1039 4065 1125 4128 utqui
1139 4064 1166 4114 in

82 4147 162 4209 llipp.
175 4145 220 4193 77:
243 4136 390 4213 ἀκήρατον
402 4170 417 4179 -
430 4138 556 4206 λειμῶνα
567 4168 581 4179 -
593 4168 607 4179 -
644 4141 760 4205 strophis
783 4138 814 4189 44
831 4141 858 4189 44
875 4140 914 4188 45.
934 4138 1075 4201 quiinquies
1095 4136 1167 4189 molli

83 4214 200 4280 Αἰδώς·
212 4219 383 4283 nesapium
402 4212 520 4283 κηπεύει
540 4213 606 4288 ‹lpo-
644 4213 1164 4266 0444444440044440444444444.»8444444.
