2934 4884
502 360 560 410 titt.
580 362 621 411 lll.
658 364 686 413 C.
706 362 737 411 V.

360 514 539 581 Pcmicicm
555 517 695 583 'veniens
719 518 751 583 in
773 538 903 595 aevum,

275 670 307 734 Si
333 690 396 736 non
419 672 541 758 periret
562 674 798 742 immiserabilis

274 791 406 878 Captiva
429 792 544 879 pubes.
589 796 686 883 Signa
708 818 770 883 ego
792 800 921 865 Punicis

314 911 425 978 adfixa
448 913 593 981 delubris
615 926 647 982 ct
668 938 758 983 arma

356 1032 506 1101 Militibus
531 1036 602 1102 sine
625 1038 744 1115 caede,
768 1038 862 1115 dixit,

272 1190 413 1276 Derepia
435 1191 520 1271 vidi;
544 1194 610 1260 vidi
633 1216 695 1283 ego
718 1198 836 1263 civium

273 1312 402 1377 lietcrta
424 1321 515 1401 tergo
537 1313 670 1382 brachia
693 1316 797 1385 libero

165 1471 205 1519 tr.
233 1470 347 1531 perirem
372 1470 525 1524 Glareanus.
559 1476 667 1537 (parire
690 1492 738 1527 cce
761 1480 911 1530 miserabilis
935 1482 1099 1547 Paldamus.)
1126 1514 1153 1522 -

136 1545 173 1593 it.
192 1546 303 1607 Dircpto
318 1542 444 1607 sussen,
463 1548 507 1597 CJ.

105 1675 189 1723 taurum
219 1675 366 1737 perniciem
394 1676 433 1725 ret
464 1674 624 1740 publicam»
663 1672 720 1722 sine
743 1674 864 1737 spondeo
885 1675 988 1728 celeres
1011 1680 1122 1731 nimium
1138 1694 1187 1731 vo·

105 1752 129 1797 at
151 1748 274 1799 Glossam
298 1748 363 1799 Cod.
383 1752 436 1800 mei
459 1764 500 1800 c.:
531 1751 625 1813 equod
662 1744 811 1811 lubilesqua
832 1753 859 1799 et
877 1752 935 1800 siue
958 1752 1077 1816 pondere
1100 1754 1189 1805 lerun-

104 1823 249 1881 traheretp
269 1834 351 1885 quam
364 1822 506 1875 lectionem
518 1824 626 1889 pmelc-
663 1821 730 1869 lura
766 1824 881 1872 Beuum
897 1824 932 1873 ad
955 1826 1002 1875 Od.
1021 1828 1051 1888 2,
1077 1830 1120 1890 ts,
1146 1830 1185 1879 tt.

104 1899 159 1946 runt
170 1896 330 1958 Bernhardy
342 1899 369 1945 et
381 1897 494 1947 Litblrcr.
510 1899 625 1949 lictant
662 1893 756 1945 Obstat
784 1899 889 1959 lamen,
918 1912 972 1950 nou
999 1900 1085 1951 solum
1114 1904 1186 1966 quod

103 1974 172 2021 esset
197 1968 344 2033 «exemplo
368 1970 442 2023 velut
469 1975 625 2036 contagione
663 1968 785 2021 Horatius
808 1972 916 2022 omniuo
939 1972 1055 2025 aosunet
1077 1975 1111 2024 ab
1135 1977 1187 2026 hac

103 2046 218 2107 quadam
234 2046 383 2108 perniciem
394 2050 578 2111 propagantis,
596 2052 626 2099 ut
663 2045 875 2105 constructione,
893 2047 942 2095 sed
960 2048 1040 2099 eliam
1052 2050 1125 2111 quod
1137 2052 1187 2100 La-

102 2121 204 2169 Gratius
222 2120 289 2181 Cyn.
309 2118 371 2169 itt:
397 2134 429 2169 ne
449 2122 507 2171 diro
523 2123 626 2172 traam
663 2116 709 2167 lini
725 2119 814 2181 potius
825 2117 1094 2183 dicunipursscccot,
1112 2123 1188 2173 tarto

102 2194 219 2257 cantapia
242 2194 310 2257 salpi
334 2194 435 2258 (colpus
461 2196 570 2259 Heius),
598 2199 626 2248 et
661 2197 754 2252 meat,
777 2204 859 2255 quam
875 2194 982 2244 inverso
999 2196 1092 2246 ordine
1108 2204 1187 2248 namt

102 2270 231 2317 Ausonius
257 2269 336 2331 Epist.
355 2268 400 2329 ii,
426 2271 473 2321 28:
503 2270 545 2320 Sic
562 2284 626 2333 pars
661 2265 737 2315 torta
752 2267 805 2315 cet.
840 2268 907 2317 Nam
930 2266 997 2341 alins
1018 2271 1124 2332 generis
1146 2275 1187 2321 est

101 2355 177 2404 ccpro
205 2342 312 2393 morinis
338 2344 416 2393 aab&
443 2345 477 2393 od
504 2346 624 2409 coempta
662 2340 736 2391 Ovid.
757 2342 824 2390 Fest.
844 2341 873 2400 3,
892 2342 955 2392 ³72:
974 2344 1186 2395 Satmeaeoat-

100 2430 180 2465 sccmn
197 2417 303 2479 Corpus.
329 2416 437 2467 Facilior
457 2420 566 2481 quidem
583 2421 624 2469 vi-
661 2416 924 2465 ermenoarae
934 2429 1001 2479 suos,
1013 2417 1041 2468 id
1052 2422 1094 2469 est
1108 2419 1187 2470 «sub-

102 2489 177 2539 detur
194 2491 263 2540 haec
281 2491 374 2550 lectio,
393 2493 443 2542 sed
460 2492 559 2543 facilior
571 2508 624 2543 uon
662 2491 760 2540 misere
778 2490 871 2541 oculos
882 2490 936 2541 dux
948 2492 1094 2551 ctturbn;»
1112 2497 1186 2545 certa
1283 2550 1286 2556 ,

101 2570 151 2621 esu
179 2578 257 2625 nam,
285 2568 315 2615 ut
336 2568 408 2616 recle
427 2565 506 2629 liegel
523 2568 624 2630 signiti-
662 2567 754 2614 contra
779 2563 901 2630 exempla
926 2567 1055 2631 Propertii
1081 2568 1110 2626 3,
1138 2569 1184 2629 tr,

101 2640 181 2697 canit,
201 2653 243 2687 vv.
269 2640 297 2688 Si
313 2654 363 2690 non
375 2642 472 2702 periret
489 2644 541 2691 cet.
560 2655 624 2692 sen·
661 2639 707 2689 28:
732 2640 799 2688 unde
814 2644 885 2689 taam
899 2645 990 2701 potaret
1004 2642 1094 2691 Nonio
1112 2643 1187 2692 turbu

102 2714 209 2763 tentiam
226 2728 242 2763 a
260 2712 359 2777 Regulo
381 2715 439 2778 ipso
461 2716 565 2765 senatui
582 2716 624 2765 in·
660 2726 771 2773 merum
800 2716 828 2764 et
851 2715 923 2778 apud
947 2714 1039 2765 Silium
1065 2716 1093 2774 a,
1119 2718 1183 2768 toa:

101 2786 231 2837 culcatem
253 2789 399 2839 continent.
435 2791 513 2839 Certe
531 2790 552 2839 si
571 2802 624 2840 uon
661 2788 1055 2854 iocant-·Dispcrrumoolpua;
1075 2790 1102 2841 id
1113 2793 1185 2855 quod

101 2862 197 2924 Regulo
208 2862 258 2926 ipsi
271 2876 331 2913 eam
344 2862 481 2923 tribueris,
497 2862 545 2913 sed
558 2866 624 2913 tam
661 2861 809 2912 nomadum
825 2862 955 2913 adversus
974 2865 1136 2916 Huschkinm
1151 2868 1184 2917 ad

101 2948 177 2997 quem
203 2934 406 3000 explicationem
427 2937 561 2987 addideris
578 2952 621 2987 vv.
661 2933 754 2986 Tibull.
773 2938 801 2996 2,
826 2936 856 2996 l,
880 2937 920 2987 ³8.
946 2941 973 2988 et
993 2938 1024 2998 l,
1047 2938 1075 3000 l,
1094 2941 1135 2990 se.
1156 2968 1184 2978 -

99 3010 210 3072 meapte
237 3011 369 3069 trabeatis,
406 3024 458 3061 nou
490 3014 623 3075 poeticam
660 3011 851 3074 inmiserabilis]
866 3012 937 3061 «sine
950 3011 1001 3061 ulla
1014 3013 1185 3065 miseratione

99 3086 245 3135 cretionem
254 3084 376 3147 habebis,
389 3087 496 3136 Horatio
505 3085 621 3149 dignam,
661 3096 692 3133 ac
710 3084 920 3134 misericordia.»
946 3088 982 3149 (tn
1000 3088 1069 3136 coni.
1081 3102 1130 3139 voc
1139 3091 1187 3139 mi·

99 3158 142 3207 sed
169 3157 206 3207 ad
228 3158 384 3222 pedestrem
406 3159 565 3211 descendes.
593 3186 621 3197 -
660 3158 774 3208 errabitis
790 3155 879 3217 facile,
903 3171 999 3221 spero,
1024 3163 1124 3212 senties
1143 3164 1185 3212 in-

99 3232 202 3295 veniens]
221 3234 264 3283 Sic
282 3234 379 3283 Lucan.
400 3233 427 3291 7,
451 3235 513 3285 ³94:
537 3248 623 3297 popo·
660 3245 725 3296 gens
743 3232 888 3281 discrimen
904 3232 974 3281 iuter
989 3236 1083 3296 poesin
1103 3237 1186 3287 tiore-

100 3307 132 3355 ics
147 3307 208 3356 oeci
221 3308 349 3357 amicata.
660 3308 760 3358 lienam
778 3308 805 3356 ct
821 3304 1027 3368 scholasticam.)

127 3382 167 3430 tr.
184 3381 289 3444 periret]
310 3381 454 3431 Glareanus
472 3384 550 3432 metri
572 3382 622 3433 lul-
694 3382 809 3431 ts-us.
836 3380 917 3443 Sipnc
932 3380 992 3443 epo]
1018 3379 1093 3431 Falso
1116 3396 1186 3433 nou-

98 3456 182 3506 ciendi
195 3468 277 3507 censa
288 3457 404 3507 correxit
417 3458 539 3519 pairarat,
560 3471 622 3509 cum
661 3454 723 3506 nulli
746 3454 844 3518 opinati
867 3456 929 3503 sunt
953 3454 1022 3503 duos
1047 3468 1132 3506 verss.
1152 3471 1184 3506 ex

99 3529 162 3579 baec
180 3543 233 3580 una
251 3530 373 3593 exceptio
391 3532 425 3580 sil
445 3530 517 3595 apud
539 3532 623 3581 tiern-
660 3528 751 3593 Reguli
775 3529 894 3577 oratioue
919 3528 947 3576 iu
971 3532 1066 3577 senatu
1094 3529 1184 3581 habita

98 3604 160 3653 tium
184 3605 268 3654 thesis
292 3603 381 3655 brevis
405 3605 430 3655 in
453 3606 541 3668 priore
560 3618 623 3655 ver·
660 3615 802 3653 remancre
819 3603 846 3650 in
863 3603 953 3652 Naevii
971 3600 1097 3667 reliquiis.
1128 3604 1182 3654 Cir.

98 3688 140 3727 sus
160 3676 260 3728 Alcaici
287 3677 394 3739 ordine;
425 3678 526 3729 «daa-
551 3680 622 3729 enim
660 3680 717 3728 eius
729 3678 861 3739 Fragmm.
875 3676 918 3727 ed.
931 3676 1091 3729 Klussmann
1102 3693 1128 3744 p.
1142 3680 1182 3729 62.

98 3764 194 3815 «opera
223 3754 319 3801 Noster
344 3766 359 3801 a
383 3754 511 3803 trochaeo
540 3754 566 3803 in
589 3766 622 3802 eo
662 3780 688 3789 -
715 3751 838 3815 Derepta]
869 3751 1014 3802 uviolentcr
1038 3755 1065 3802 et
1090 3757 1185 3804 contu-

97 3822 152 3875 lcco
165 3825 294 3876 abstinuit
306 3827 359 3875 tam
377 3827 402 3875 iu
416 3828 622 3891 Sapphicovcr-
659 3825 770 3877 meliose
791 3825 937 3876 detracta.»
967 3826 1047 3876 Tacit.
1069 3830 1135 3877 Anu.
1157 3828 1182 3884 t.

96 3911 138 3957 su,
164 3912 247 3963 mam
265 3900 291 3949 in
310 3898 354 3949 illo
365 3899 472 3951 Alcaico
491 3900 622 3963 [invenio-
659 3900 707 3951 tt:
735 3900 823 3961 Spolia
843 3906 865 3950 at
881 3901 931 3950 tela
946 3902 1066 3951 licencia
1081 3904 1185 3961 derepta

97 3986 153 4023 rum
177 3972 332 4037 exemplum
355 3988 409 4025 non
427 3975 564 4038 secutus]:
584 3974 622 4024 id·
658 3977 685 4024 iu
716 3975 832 4025 moedus
862 3975 1000 4023 multonem
1034 3974 1182 4025 manaem

96 4046 621 4112 queoptimoconsiliolactum‚nempe
659 4050 729 4113 Virg.
751 4052 816 4099 Aen.
839 4049 883 4107 tt,
907 4048 970 4097 ⁴93:
999 4049 1080 4109 spotia
1098 4050 1185 4099 motois

97 4123 123 4168 nt
141 4135 236 4173 versus
259 4121 293 4171 illi
315 4123 440 4173 tardiores
454 4124 541 4185 panta
557 4136 621 4187 pro-
659 4124 762 4184 derepto
785 4122 898 4182 Latinis,
927 4120 973 4170 ubi
1000 4119 1042 4171 alii
1066 4124 1183 4184 direpto,·

96 4196 223 4259 eieramus
245 4199 358 4248 vmtrcnt
384 4201 417 4249 od
443 4212 532 4257 acrae·
559 4212 620 4249 uam
658 4199 707 4248 sed
724 4198 785 4247 vide
803 4198 981 4261 Wagncrum,
1000 4198 1064 4248 item
1082 4200 1134 4249 Fca
1149 4199 1184 4249 ad
