2934 4884
491 363 551 414 atu.
570 363 590 413 l.
626 365 656 412 C.
675 363 751 414 xvu.

409 521 502 587 lluris
523 503 684 586 honorum
705 519 858 606 opulenta
878 541 989 586 cornu.

324 678 383 744 llio
405 677 437 743 in
459 677 593 745 reducta
614 677 697 744 valle
722 677 895 746 Caniculae

322 799 441 866 Vitabis
462 809 573 866 aestus
594 811 628 866 et
648 797 714 867 lide
737 801 813 868 Teia

364 922 460 988 Dices
482 919 669 988 laborantes
691 923 723 987 in
750 943 816 988 une

406 1041 591 1131 Penelopen
612 1044 812 1132 vitreamque
835 1043 965 1123 Circam
1154 1048 1197 1112 20

321 1201 381 1268 llic
402 1202 580 1268 innocentis
602 1201 720 1289 poeula
741 1203 850 1270 Lesbii

168 1404 211 1453 ta.
231 1397 520 1464 mmeaetxsee.
539 1414 579 1452 m.

102 1555 196 1616 ptma
208 1553 331 1611 4444444,
348 1551 468 1611 sinuosa,
484 1550 633 1600 flexuosa.»
671 1552 700 1598 et
715 1552 740 1610 t,
759 1551 784 1610 4,
804 1551 848 1602 te:
866 1551 909 1614 lte,
925 1553 987 1604 44444
1000 1555 1101 1616 omues,
1118 1554 1195 1618 tiqui-

101 1629 143 1676 Ste
159 1627 246 1676 etiam
263 1623 349 1688 Epetl.
362 1627 387 1685 4,
405 1626 444 1675 44.
463 1625 534 1688 virg.
547 1627 594 1674 Ge.
608 1623 633 1683 4,
670 1624 763 1686 totque
789 1627 909 1677 4444444444
930 1629 1011 1678 voltus
1035 1631 1067 1680 444
1086 1631 1195 1680 eamme

102 1701 159 1752 tao.
179 1705 250 1751 Aen.
269 1701 297 1760 9,
314 1700 372 1750 tea.
391 1704 457 1750 Aen.
475 1700 500 1759 44,
518 1701 580 1750 4498ε
597 1700 636 1748 444-
670 1699 761 1748 meir
789 1701 884 1752 crinem
914 1703 1027 1754 4444444444
1062 1705 1193 1766 commem

99 1790 157 1824 m
182 1775 300 1836 4444444444
324 1774 397 1823 celtes
416 1775 541 1824 loctaaere
567 1775 633 1822 caet.
671 1771 764 1834 Neque
782 1773 961 1826 obliviscenda
974 1779 1071 1839 Thetis,
1089 1779 1194 1832 Achillis

101 1851 212 1900 4444444
238 1863 303 1900 cum
326 1862 356 1898 ro
379 1849 527 1912 composita
551 1861 633 1912 saepe
669 1851 979 1914 motercoemteaEpod.
1000 1853 1038 1913 ta,
1058 1854 1098 1903 te.
1129 1855 1194 1904 Pre-

100 1925 255 1988 siprifieent
272 1923 316 1985 id,
336 1923 409 1986 quod
426 1936 536 1973 cursum
553 1935 633 1973 suum
670 1924 738 1982 pert.
766 1922 791 1982 2,
810 1923 834 1982 9,
853 1925 892 1974 te.
917 1925 1043 1978 Claudiae
1061 1929 1090 1978 a.
1117 1930 1191 1980 Pres.

100 2003 194 2058 mutet.
215 2013 233 2048 a
247 2003 326 2048 recto
339 1998 433 2048 itinere
450 1997 581 2056 deflectit3
594 1998 634 2047 sie
669 1995 694 2054 2,
720 1995 765 2046 53:
795 2011 867 2048 rerer
886 2001 960 2048 444444
982 2001 1103 2052 4444444444
1121 2009 1195 2065 potat

99 2077 219 2138 44444444,
235 2075 381 2123 reduetus.»
407 2071 630 2135 Wagneradtte.
670 2068 756 2118 4444444
776 2071 810 2132 ih.
838 2070 854 2122 l.
883 2073 1007 2136 Thetyisl.
1043 2077 1092 2136 Qui
1110 2076 1193 2140 expll-

100 2151 128 2207 4,
156 2149 219 2198 463.
269 2148 309 2198 De
334 2149 415 2198 tetius
443 2146 526 2198 silvae
554 2147 633 2196 huius
669 2146 744 2192 cant:
768 2147 920 2208 «nitentem,
939 2149 1079 2200 candidam
1090 2163 1122 2200 ae
1133 2165 1194 2214 pro·

100 2229 186 2274 tractu
213 2235 279 2272 cum
303 2222 391 2272 4444444
409 2221 534 2272 eonsules
552 2221 632 2272 Eich·
668 2223 761 2282 pterea
779 2221 950 2282 tormesamp
969 2227 1125 2287 comparant
1139 2226 1194 2274 liu-

99 2298 221 2348 4444444]
242 2296 316 2360 apud
335 2297 511 2347 leam-Bothe
525 2310 553 2360 p.
572 2297 629 2345 484.
669 2295 714 2344 flul
739 2293 803 2344 illud
827 2293 932 2345 Anthol.
959 2296 1038 2347 Palat.
1060 2299 1079 2347 1.
1101 2313 1127 2362 p.
1146 2299 1191 2348 97:

101 2403 127 2410 -
142 2373 204 2436 Me]
225 2371 304 2435 «lyra
321 2371 396 2430 Tet'o,
422 2384 437 2420 a
454 2371 524 2426 Teo.
542 2373 630 2420 lentae
668 2362 789 2435 ὄμματα
804 2368 859 2434 μὲν
875 2365 997 2440 χρύσεια
1008 2373 1057 2422 nal
1069 2367 1193 2423 ὑαλόεσ·

97 2449 180 2506 arbe;
209 2451 253 2497 est
279 2447 370 2508 igitur:
399 2445 580 2496 aearminihm
604 2448 632 2495 et
668 2459 708 2493 σα
725 2441 839 2514 παρειή.
874 2446 980 2497 Minime
1003 2451 1093 2498 autem
1110 2449 1193 2500 inter-

98 2523 201 2581 medie,
230 2522 280 2584 qui
303 2521 494 2570 Anacreonteis
518 2522 570 2570 sint
593 2522 631 2571 si·
667 2521 766 2582 pretari
797 2532 953 2583 possumus:
990 2522 1128 2585 «fragilem
1157 2525 1191 2586 444

98 2597 206 2648 miles.»
241 2597 362 2646 Fuerunt
379 2598 474 2656 (Acron
490 2595 525 2644 ad
541 2595 589 2644 ed.
604 2595 629 2655 4,
667 2595 777 2655 amore),
792 2595 924 2644 infidam.»
944 2599 1112 2661 Comparatio
1124 2599 1192 2650 haee

98 2673 178 2734 (49.4,
198 2671 246 2733 qui
265 2670 414 2731 cogitarem
424 2669 459 2719 de
470 2669 631 2732 aliquemne
667 2666 801 2730 aliquanto
819 2671 902 2732 magis
919 2673 1069 2723 nostrarum
1089 2671 1192 2736 lingua-

98 2751 161 2797 noto
178 2745 303 2796 carmine
323 2746 496 2794 Anacreontis
512 2743 632 2795 velana-
666 2756 727 2792 rum
743 2743 824 2794 indoli
838 2749 974 2808 repugnat,
993 2759 1073 2810 quarn
1090 2761 1134 2799 vv.
1149 2763 1192 2800 ro-

99 2821 256 2878 creontiee,
284 2831 339 2882 quo
364 2817 515 2870 celebratae
540 2825 631 2870 essent
645 2834 649 2909 Ι
665 2830 736 2878 eote,
757 2817 895 2881 4444444444,
913 2835 1078 2884 memorem,
1094 2825 1189 2885 444444,

100 2895 235 2960 Penelope
245 2897 275 2944 et
283 2895 360 2944 Circe
377 2894 519 2944 laborantes
533 2909 648 2973 4444441
666 2895 781 2956 apeetis
798 2895 898 2958 tropice
918 2898 1053 2961 usurpata.
1088 2899 1190 2948 liecur-

98 2964 182 3040 {pam
209 2966 375 3030 trevericae,
402 2983 494 3020 amere
519 2969 631 3032 flagrati-
666 2967 731 3017 dare
742 2969 836 3018 44444444
847 2973 909 3018 tune
919 2972 1003 3020 444444
1011 2973 1039 3020 et
1046 2973 1190 3034 pretiosius

101 3050 138 3096 tes
163 3047 193 3094 ie
215 3059 271 3094 ruo
289 3045 441 3107 eodemque
458 3044 539 3096 Ulixe.
573 3047 629 3095 Nee
665 3041 746 3092 luisse
764 3055 844 3104 4444444
862 3057 932 3092 4444
956 3047 1005 3094 est.
1041 3045 1190 3110 Penelopae

101 3135 163 3171 rere
181 3118 374 3184 explicandum
399 3119 434 3168 de
459 3120 532 3183 ipsa,
559 3133 628 3183 quae
666 3117 809 3166 maerentis
835 3118 921 3180 image
941 3123 983 3169 est
999 3120 1025 3168 in
1041 3119 1190 3170 444444444-

99 3208 238 3259 nunquam
259 3195 357 3244 vixisse
376 3193 495 3253 ridetur,
522 3194 629 3256 Tynda·
665 3192 755 3242 chette
769 3193 836 3242 Men.
856 3193 921 3242 44444.
940 3195 959 3242 1.
979 3193 1007 3242 T.
1026 3193 1068 3253 34,
1087 3195 1111 3244 t.

100 3271 154 3320 ride
162 3271 284 3334 poetria,
301 3272 333 3318 ut
340 3267 419 3318 nobis
426 3272 535 3318 narrant
541 3271 629 3319 Intar-

100 3349 205 3409 pretes3
218 3342 272 3396 sed
280 3356 356 3393 mera
364 3343 471 3393 videtur
479 3345 628 3403 φαντασία
696 3343 739 3391 44.
770 3339 914 3403 innocentis]
940 3339 1027 3389 «lenis
1053 3342 1080 3390 et
1110 3342 1191 3405 caput

101 3422 213 3485 poetica.
233 3419 276 3468 lte
292 3419 394 3468 variam
410 3417 553 3468 lectionem
562 3431 629 3468 neu-
664 3417 773 3466 minime
797 3414 956 3477 laedentia»
976 3414 1049 3476 qued
1065 3413 1126 3464 ideo
1141 3428 1190 3478 per

100 3494 233 3544 nullorum
254 3492 340 3542 cedd.
366 3493 452 3541 Diceae
471 3493 629 3543 0444444444-
663 3494 794 3540 aestatem
810 3487 947 3554 potabant.
967 3491 1043 3552 Prop.
1059 3489 1082 3550 4,
1103 3489 1142 3550 44,
1162 3491 1186 3540 4.

100 3570 156 3632 pius
190 3566 307 3632 putabat
338 3567 473 3630 pertinere
510 3565 627 3628 glossam
662 3563 790 3626 Λέσβιον
816 3561 945 3636 οἰνάριον
968 3563 1074 3612 vocavit
1101 3563 1188 3616 Alexis

100 3645 204 3694 eornm.
230 3643 329 3705 Cruq.:
357 3641 543 3705 :Repremittit
559 3643 628 3692 ami-
663 3642 782 3690 comicus
797 3640 868 3704 apud
885 3640 979 3690 Athen.
999 3639 1022 3700 4,
1040 3639 1079 3688 22.
1097 3642 1124 3689 et
1139 3641 1189 3690 Eu-

100 3732 146 3768 eae
162 3719 191 3767 in
205 3716 294 3780 agello
318 3729 369 3766 suo
392 3729 423 3766 se
439 3714 553 3779 lyricum
571 3730 629 3766 ear·
662 3715 741 3766 halus
756 3715 856 3765 ibidem
873 3713 998 3775 Λέσβιον
1015 3715 1136 3785 γέροντα
1147 3729 1189 3764 νε-

100 3807 161 3844 nien
178 3793 412 3842 demutatarum.»
663 3787 855 3860 xtapeetayri.
880 3791 927 3841 Est
942 3784 1121 3856 ἀπόφθεγμα
1131 3789 1188 3840 Ari-

130 3869 172 3918 44.
198 3867 317 3930 44444444]
344 3867 442 3931 quippe
459 3879 528 3930 quae
546 3880 626 3930 aym·
663 3864 764 3917 stetelis
783 3865 854 3930 apud
868 3865 931 3916 Gall,
952 3865 992 3928 43,
1009 3867 1036 3914 a:
1065 3866 1189 3916 4444444444

100 3944 151 4007 plia
167 3943 289 4002 marina,
316 3945 388 3992 certe
412 3941 525 3992 insulam
549 3942 627 3991 hahi-
662 3941 810 3990 eiectum
824 3942 914 4002 oppido
931 3940 1030 4001 benum,
1046 3941 1088 3990 4444
1100 3934 1188 4005 ἡδίων

101 4023 170 4073 tans.
205 4017 243 4067 ab
276 4030 363 4080 aquae
390 4016 481 4066 colere
508 4011 624 4083 ὑαλινῳ,
663 4009 831 4078 ὁΛέσβιος.
875 4017 979 4078 Longus
1001 4017 1073 4065 Pasa·
1090 4014 1120 4074 4,
1139 4014 1185 4062 te:

101 4091 234 4142 caeruleo.
269 4092 319 4142 044.
345 4091 369 4152 4,
392 4093 418 4151 2,
437 4091 466 4140 3:
487 4095 627 4142 eamn
663 4081 699 4154 ἢν
715 4091 747 4140 ἐν
764 4097 826 4152 τοῖς
842 4086 946 4160 δώροις
961 4084 1188 4152 :vadmonium

99 4173 180 4229 ponto.
217 4167 261 4216 Sic
278 4169 352 4217 certe
368 4168 473 4231 aceepit
490 4168 544 4218 iam
560 4169 623 4216 stat.
662 4161 742 4227 οἶνος
767 4164 909 4228 Λέσβιος,
938 4163 1066 4230 ποθῆναι
1087 4159 1187 4212 κάλλι-

101 4241 160 4292 Silv.
188 4243 213 4300 4,
236 4241 261 4299 3,
283 4243 327 4292 85:
354 4243 437 4292 444444
458 4243 521 4304 iupa
544 4242 627 4292 Circes
662 4255 732 4302 στος
749 4237 836 4303 ο4νος.
