<?xml version="1.0" encoding="UTF-8"?>
<!DOCTYPE html PUBLIC "-//W3C//DTD XHTML 1.0 Transitional//EN"
    "http://www.w3.org/TR/xhtml1/DTD/xhtml1-transitional.dtd">
<html xmlns="http://www.w3.org/1999/xhtml" xml:lang="en" lang="en">
 <head>
  <title>
</title>
<meta http-equiv="Content-Type" content="text/html;charset=utf-8" />
  <meta name='ocr-system' content='tesseract 3.04.00' />
  <meta name='ocr-capabilities' content='ocr_page ocr_carea ocr_par ocr_line ocrx_word'/>
</head>
<body>
  <div class='ocr_page' id='page_1' title='image "./qhoratiusflaccu04baitgoog/qhoratiusflaccu04baitgoog_0545.png"; bbox 0 0 2934 4884; ppageno 0'>
   <div class='ocr_carea' id='block_1_1' title="bbox 486 373 778 424">
    <p class='ocr_par' dir='ltr' id='par_1_1' title="bbox 486 373 778 424">
     <span class='ocr_line' id='line_1_1' title="bbox 486 373 778 424; baseline -0.003 0"><span class='ocrx_word' id='word_1_1' title='bbox 486 373 545 424; x_wconf 75' lang='grc' dir='ltr'>ΗΒ.</span> <span class='ocrx_word' id='word_1_2' title='bbox 565 375 607 424; x_wconf 92' lang='lat' dir='ltr'>lll.</span> <span class='ocrx_word' id='word_1_3' title='bbox 642 374 671 424; x_wconf 83' lang='lat' dir='ltr'>C.</span> <span class='ocrx_word' id='word_1_4' title='bbox 691 373 778 424; x_wconf 77' lang='lat' dir='ltr'>xxtx.</span> 
     </span>
    </p>
   </div>
   <div class='ocr_carea' id='block_1_2' title="bbox 241 527 941 857">
    <p class='ocr_par' dir='ltr' id='par_1_2' title="bbox 241 527 941 857">
     <span class='ocr_line' id='line_1_2' title="bbox 241 527 941 616; baseline -0.004 -19"><span class='ocrx_word' id='word_1_5' title='bbox 241 529 467 616; x_wconf 83' lang='lat' dir='ltr'>Quodcunque</span> <span class='ocrx_word' id='word_1_6' title='bbox 495 537 581 594; x_wconf 90' lang='lat' dir='ltr'>retro</span> <span class='ocrx_word' id='word_1_7' title='bbox 606 538 670 604; x_wconf 87' lang='lat' dir='ltr'>est,</span> <span class='ocrx_word' id='word_1_8' title='bbox 695 527 812 594; x_wconf 82' lang='lat' dir='ltr'>efficiet</span> <span class='ocrx_word' id='word_1_9' title='bbox 834 549 941 614; x_wconf 89' lang='lat' dir='ltr'>neque</span> 
     </span>
     <span class='ocr_line' id='line_1_3' title="bbox 283 647 829 736; baseline -0.004 -21"><span class='ocrx_word' id='word_1_10' title='bbox 283 649 432 736; x_wconf 83' lang='lat' dir='ltr'>Diffinget</span> <span class='ocrx_word' id='word_1_11' title='bbox 455 647 673 735; x_wconf 83' lang='lat' dir='ltr'>inlectumque</span> <span class='ocrx_word' id='word_1_12' title='bbox 696 647 829 722; x_wconf 81' lang='lat' dir='ltr'><strong>reddet,</strong></span> 
     </span>
     <span class='ocr_line' id='line_1_4' title="bbox 325 767 910 857; baseline -0.005 -22"><span class='ocrx_word' id='word_1_13' title='bbox 325 770 420 850; x_wconf 91' lang='lat' dir='ltr'>Quod</span> <span class='ocrx_word' id='word_1_14' title='bbox 443 770 568 857; x_wconf 77' lang='lat' dir='ltr'>fugiens</span> <span class='ocrx_word' id='word_1_15' title='bbox 590 767 691 836; x_wconf 89' lang='lat' dir='ltr'>semel</span> <span class='ocrx_word' id='word_1_16' title='bbox 714 767 796 835; x_wconf 87' lang='lat' dir='ltr'>hora</span> <span class='ocrx_word' id='word_1_17' title='bbox 816 771 910 835; x_wconf 87' lang='lat' dir='ltr'>vexit.</span> 
     </span>
    </p>
   </div>
   <div class='ocr_carea' id='block_1_3' title="bbox 240 927 886 1380">
    <p class='ocr_par' dir='ltr' id='par_1_3' title="bbox 240 927 885 1246">
     <span class='ocr_line' id='line_1_5' title="bbox 241 927 814 1016; baseline -0.003 -21"><span class='ocrx_word' id='word_1_18' title='bbox 241 933 381 995; x_wconf 82' lang='lat' dir='ltr'>Fortuna</span> <span class='ocrx_word' id='word_1_19' title='bbox 403 949 502 995; x_wconf 88' lang='lat' dir='ltr'>saevo</span> <span class='ocrx_word' id='word_1_20' title='bbox 525 927 609 996; x_wconf 89' lang='lat' dir='ltr'>laeta</span> <span class='ocrx_word' id='word_1_21' title='bbox 630 928 759 1016; x_wconf 81' lang='lat' dir='ltr'>negotio</span> <span class='ocrx_word' id='word_1_22' title='bbox 782 939 814 993; x_wconf 92' lang='lat' dir='ltr'>et</span> 
     </span>
     <span class='ocr_line' id='line_1_6' title="bbox 240 1048 885 1136; baseline 0 -21"><span class='ocrx_word' id='word_1_23' title='bbox 240 1049 366 1116; x_wconf 85' lang='lat' dir='ltr'>ludum</span> <span class='ocrx_word' id='word_1_24' title='bbox 388 1048 580 1116; x_wconf 83' lang='lat' dir='ltr'>insolentem</span> <span class='ocrx_word' id='word_1_25' title='bbox 601 1049 715 1115; x_wconf 89' lang='lat' dir='ltr'>ludere</span> <span class='ocrx_word' id='word_1_26' title='bbox 739 1050 885 1136; x_wconf 79' lang='lat' dir='ltr'>pertinax</span> 
     </span>
     <span class='ocr_line' id='line_1_7' title="bbox 283 1169 825 1246; baseline -0.002 -10"><span class='ocrx_word' id='word_1_27' title='bbox 283 1173 483 1237; x_wconf 88' lang='lat' dir='ltr'>Transmutat</span> <span class='ocrx_word' id='word_1_28' title='bbox 505 1171 645 1238; x_wconf 83' lang='lat' dir='ltr'>incertos</span> <span class='ocrx_word' id='word_1_29' title='bbox 667 1169 825 1246; x_wconf 85' lang='lat' dir='ltr'>honores,</span> 
     </span>
    </p>

    <p class='ocr_par' dir='ltr' id='par_1_4' title="bbox 325 1291 886 1380">
     <span class='ocr_line' id='line_1_8' title="bbox 325 1291 886 1380; baseline -0.002 -25"><span class='ocrx_word' id='word_1_30' title='bbox 325 1293 416 1359; x_wconf 85' lang='lat' dir='ltr'>Nune</span> <span class='ocrx_word' id='word_1_31' title='bbox 438 1291 531 1369; x_wconf 91' lang='lat' dir='ltr'>mihi,</span> <span class='ocrx_word' id='word_1_32' title='bbox 556 1312 640 1359; x_wconf 88' lang='lat' dir='ltr'>nune</span> <span class='ocrx_word' id='word_1_33' title='bbox 663 1291 716 1360; x_wconf 87' lang='lat' dir='ltr'>alii</span> <span class='ocrx_word' id='word_1_34' title='bbox 738 1291 886 1380; x_wconf 84' lang='lat' dir='ltr'>benigna.</span> 
     </span>
    </p>
   </div>
   <div class='ocr_carea' id='block_1_4' title="bbox 242 1449 906 1658">
    <p class='ocr_par' dir='ltr' id='par_1_5' title="bbox 242 1449 906 1658">
     <span class='ocr_line' id='line_1_9' title="bbox 242 1449 898 1537; baseline -0.003 -21"><span class='ocrx_word' id='word_1_35' title='bbox 242 1449 351 1516; x_wconf 88' lang='lat' dir='ltr'>Laudo</span> <span class='ocrx_word' id='word_1_36' title='bbox 373 1459 574 1529; x_wconf 65' lang='lat' dir='ltr'>manentem</span> <span class='ocrx_word' id='word_1_37' title='bbox 597 1451 625 1516; x_wconf 88' lang='lat' dir='ltr'>si</span> <span class='ocrx_word' id='word_1_38' title='bbox 648 1449 773 1517; x_wconf 80' lang='lat' dir='ltr'>celeres</span> <span class='ocrx_word' id='word_1_39' title='bbox 796 1451 898 1537; x_wconf 90' lang='lat' dir='ltr'>quatit</span> 
     </span>
     <span class='ocr_line' id='line_1_10' title="bbox 242 1569 906 1658; baseline -0.002 -22"><span class='ocrx_word' id='word_1_40' title='bbox 242 1573 383 1648; x_wconf 80' lang='lat' dir='ltr'>Pennas,</span> <span class='ocrx_word' id='word_1_41' title='bbox 409 1571 537 1658; x_wconf 84' lang='lat' dir='ltr'>resigno</span> <span class='ocrx_word' id='word_1_42' title='bbox 560 1591 645 1657; x_wconf 89' lang='lat' dir='ltr'>quae</span> <span class='ocrx_word' id='word_1_43' title='bbox 668 1569 758 1636; x_wconf 85' lang='lat' dir='ltr'>dedit</span> <span class='ocrx_word' id='word_1_44' title='bbox 779 1581 811 1636; x_wconf 92' lang='lat' dir='ltr'>et</span> <span class='ocrx_word' id='word_1_45' title='bbox 833 1591 906 1636; x_wconf 86' lang='lat' dir='ltr'>mea</span> 
     </span>
    </p>
   </div>
   <div class='ocr_carea' id='block_1_5' title="bbox 177 1730 520 1792">
    <p class='ocr_par' dir='ltr' id='par_1_6' title="bbox 177 1730 520 1792">
     <span class='ocr_line' id='line_1_11' title="bbox 177 1730 520 1792; baseline 0 -12"><span class='ocrx_word' id='word_1_46' title='bbox 177 1730 218 1781; x_wconf 77' lang='grc'>54.</span> <span class='ocrx_word' id='word_1_47' title='bbox 237 1731 331 1780; x_wconf 78' lang='lat' dir='ltr'>Pinnos</span> <span class='ocrx_word' id='word_1_48' title='bbox 346 1731 377 1792; x_wconf 87' lang='lat' dir='ltr'>B,</span> <span class='ocrx_word' id='word_1_49' title='bbox 396 1735 426 1781; x_wconf 92' lang='lat' dir='ltr'>ut</span> <span class='ocrx_word' id='word_1_50' title='bbox 444 1730 520 1780; x_wconf 90' lang='lat' dir='ltr'>solet.</span> 
     </span>
    </p>
   </div>
   <div class='ocr_carea' id='block_1_6' title="bbox 110 1860 1234 4296">
    <p class='ocr_par' dir='ltr' id='par_1_7' title="bbox 110 1860 1234 4296">
     <span class='ocr_line' id='line_1_12' title="bbox 113 1860 1201 1926; baseline 0.005 -18"><span class='ocrx_word' id='word_1_51' title='bbox 113 1860 213 1910; x_wconf 85' lang='lat' dir='ltr'>verum</span> <span class='ocrx_word' id='word_1_52' title='bbox 239 1860 357 1910; x_wconf 87' lang='lat' dir='ltr'>secunda</span> <span class='ocrx_word' id='word_1_53' title='bbox 382 1871 498 1924; x_wconf 87' lang='lat' dir='ltr'>persona</span> <span class='ocrx_word' id='word_1_54' title='bbox 523 1860 638 1910; x_wconf 88' lang='lat' dir='ltr'>hominis</span> <span class='ocrx_word' id='word_1_55' title='bbox 675 1860 775 1910; x_wconf 86' lang='lat' dir='ltr'>mentia</span> <span class='ocrx_word' id='word_1_56' title='bbox 796 1873 827 1910; x_wconf 88' lang='lat' dir='ltr'>ae</span> <span class='ocrx_word' id='word_1_57' title='bbox 849 1873 932 1926; x_wconf 88' lang='lat' dir='ltr'>saepe</span> <span class='ocrx_word' id='word_1_58' title='bbox 953 1863 1098 1914; x_wconf 82' lang='lat' dir='ltr'>crudeliter</span> <span class='ocrx_word' id='word_1_59' title='bbox 1114 1863 1201 1915; x_wconf 84' lang='lat' dir='ltr'>admi·</span> 
     </span>
     <span class='ocr_line' id='line_1_13' title="bbox 113 1932 1201 2001; baseline 0.006 -19"><span class='ocrx_word' id='word_1_60' title='bbox 113 1936 184 1984; x_wconf 84' lang='lat' dir='ltr'>esset</span> <span class='ocrx_word' id='word_1_61' title='bbox 210 1932 306 1984; x_wconf 86' lang='lat' dir='ltr'>stolide</span> <span class='ocrx_word' id='word_1_62' title='bbox 331 1935 479 1998; x_wconf 66' lang='lat' dir='ltr'>pervicacis</span> <span class='ocrx_word' id='word_1_63' title='bbox 508 1933 638 1984; x_wconf 85' lang='lat' dir='ltr'>adversus</span> <span class='ocrx_word' id='word_1_64' title='bbox 675 1933 817 1996; x_wconf 87' lang='lat' dir='ltr'>nistrandl,</span> <span class='ocrx_word' id='word_1_65' title='bbox 836 1935 967 1986; x_wconf 77' lang='lat' dir='ltr'>formandi</span> <span class='ocrx_word' id='word_1_66' title='bbox 985 1951 1132 2001; x_wconf 81' lang='lat' dir='ltr'>rursusque</span> <span class='ocrx_word' id='word_1_67' title='bbox 1149 1940 1201 1988; x_wconf 88' lang='lat' dir='ltr'>im·</span> 
     </span>
     <span class='ocr_line' id='line_1_14' title="bbox 114 2006 1200 2074; baseline 0.005 -18"><span class='ocrx_word' id='word_1_68' title='bbox 114 2007 194 2057; x_wconf 86' lang='lat' dir='ltr'>deum</span> <span class='ocrx_word' id='word_1_69' title='bbox 210 2006 401 2058; x_wconf 74' lang='lat' dir='ltr'>immortalium</span> <span class='ocrx_word' id='word_1_70' title='bbox 419 2019 527 2058; x_wconf 86' lang='lat' dir='ltr'>numen.</span> <span class='ocrx_word' id='word_1_71' title='bbox 675 2007 821 2057; x_wconf 76' lang='lat' dir='ltr'>mutendi.»</span> <span class='ocrx_word' id='word_1_72' title='bbox 852 2035 880 2044; x_wconf 90' lang='lat'>-</span> <span class='ocrx_word' id='word_1_73' title='bbox 910 2010 991 2074; x_wconf 66' lang='lat' dir='ltr'>meto]</span> <span class='ocrx_word' id='word_1_74' title='bbox 1025 2012 1065 2061; x_wconf 85' lang='lat' dir='ltr'>De</span> <span class='ocrx_word' id='word_1_75' title='bbox 1096 2012 1200 2061; x_wconf 78' lang='lat' dir='ltr'>fortuna</span> 
     </span>
     <span class='ocr_line' id='line_1_15' title="bbox 144 2080 1202 2149; baseline 0.005 -18"><span class='ocrx_word' id='word_1_76' title='bbox 144 2081 186 2132; x_wconf 80' lang='lat' dir='ltr'>ts.</span> <span class='ocrx_word' id='word_1_77' title='bbox 205 2082 256 2131; x_wconf 77' lang='lat' dir='ltr'>sola</span> <span class='ocrx_word' id='word_1_78' title='bbox 270 2082 349 2146; x_wconf 73' lang='lat' dir='ltr'>paro]</span> <span class='ocrx_word' id='word_1_79' title='bbox 368 2083 405 2132; x_wconf 85' lang='lat' dir='ltr'>Ex</span> <span class='ocrx_word' id='word_1_80' title='bbox 421 2095 447 2131; x_wconf 81' lang='lat' dir='ltr'>v.</span> <span class='ocrx_word' id='word_1_81' title='bbox 466 2086 587 2143; x_wconf 74' lang='lat' dir='ltr'>occupato</span> <span class='ocrx_word' id='word_1_82' title='bbox 603 2080 637 2130; x_wconf 89' lang='lat' dir='ltr'>ad</span> <span class='ocrx_word' id='word_1_83' title='bbox 674 2080 766 2130; x_wconf 75' lang='lat' dir='ltr'>south.</span> <span class='ocrx_word' id='word_1_84' title='bbox 795 2081 875 2132; x_wconf 86' lang='lat' dir='ltr'>Cous.</span> <span class='ocrx_word' id='word_1_85' title='bbox 902 2082 967 2134; x_wconf 87' lang='lat' dir='ltr'>Phil.</span> <span class='ocrx_word' id='word_1_86' title='bbox 985 2086 1016 2143; x_wconf 73' lang='lat'>2,</span> <span class='ocrx_word' id='word_1_87' title='bbox 1036 2086 1067 2133; x_wconf 85' lang='lat' dir='ltr'>l:</span> <span class='ocrx_word' id='word_1_88' title='bbox 1095 2087 1202 2149; x_wconf 64' lang='lat' dir='ltr'>pereae</span> 
     </span>
     <span class='ocr_line' id='line_1_16' title="bbox 114 2153 1199 2218; baseline 0.004 -14"><span class='ocrx_word' id='word_1_89' title='bbox 114 2155 180 2204; x_wconf 78' lang='lat' dir='ltr'>haee</span> <span class='ocrx_word' id='word_1_90' title='bbox 205 2168 249 2204; x_wconf 85' lang='lat' dir='ltr'>vv.</span> <span class='ocrx_word' id='word_1_91' title='bbox 277 2153 360 2206; x_wconf 80' lang='lat' dir='ltr'>elice:</span> <span class='ocrx_word' id='word_1_92' title='bbox 400 2153 579 2205; x_wconf 74' lang='lat' dir='ltr'>«illustratos</span> <span class='ocrx_word' id='word_1_93' title='bbox 608 2181 635 2191; x_wconf 89' lang='lat'><em>-</em></span> <span class='ocrx_word' id='word_1_94' title='bbox 674 2157 742 2204; x_wconf 82' lang='lat' dir='ltr'>duro</span> <span class='ocrx_word' id='word_1_95' title='bbox 758 2166 821 2215; x_wconf 82' lang='lat' dir='ltr'>quos</span> <span class='ocrx_word' id='word_1_96' title='bbox 834 2156 908 2218; x_wconf 68' lang='lat' dir='ltr'>fecit,</span> <span class='ocrx_word' id='word_1_97' title='bbox 926 2157 1009 2215; x_wconf 62' lang='lat' dir='ltr'>siden</span> <span class='ocrx_word' id='word_1_98' title='bbox 1035 2158 1141 2208; x_wconf 80' lang='lat' dir='ltr'>Sistite</span> <span class='ocrx_word' id='word_1_99' title='bbox 1158 2159 1199 2208; x_wconf 66' lang='lat' dir='ltr'>te-</span> 
     </span>
     <span class='ocr_line' id='line_1_17' title="bbox 112 2227 1199 2293; baseline 0.006 -15"><span class='ocrx_word' id='word_1_100' title='bbox 112 2229 229 2293; x_wconf 82' lang='lat' dir='ltr'>trrttum]</span> <span class='ocrx_word' id='word_1_101' title='bbox 257 2231 329 2279; x_wconf 74' lang='lat' dir='ltr'>«Non</span> <span class='ocrx_word' id='word_1_102' title='bbox 352 2231 386 2279; x_wconf 87' lang='lat' dir='ltr'>tta</span> <span class='ocrx_word' id='word_1_103' title='bbox 404 2227 512 2279; x_wconf 86' lang='lat' dir='ltr'>abolere</span> <span class='ocrx_word' id='word_1_104' title='bbox 529 2229 636 2293; x_wconf 80' lang='lat' dir='ltr'>poterit,</span> <span class='ocrx_word' id='word_1_105' title='bbox 674 2231 726 2290; x_wconf 79' lang='lat' dir='ltr'>dit,</span> <span class='ocrx_word' id='word_1_106' title='bbox 756 2230 792 2278; x_wconf 77' lang='lat' dir='ltr'>stc</span> <span class='ocrx_word' id='word_1_107' title='bbox 816 2243 877 2279; x_wconf 78' lang='lat' dir='ltr'>utos</span> <span class='ocrx_word' id='word_1_108' title='bbox 888 2229 982 2291; x_wconf 80' lang='lat' dir='ltr'>probat</span> <span class='ocrx_word' id='word_1_109' title='bbox 1004 2233 1079 2280; x_wconf 80' lang='lat' dir='ltr'>utres.</span> <span class='ocrx_word' id='word_1_110' title='bbox 1115 2233 1199 2284; x_wconf 89' lang='lat' dir='ltr'>Dante</span> 
     </span>
     <span class='ocr_line' id='line_1_18' title="bbox 113 2301 1200 2366; baseline 0.005 -15"><span class='ocrx_word' id='word_1_111' title='bbox 113 2306 142 2351; x_wconf 87' lang='lat' dir='ltr'>nt</span> <span class='ocrx_word' id='word_1_112' title='bbox 158 2303 232 2353; x_wconf 91' lang='lat' dir='ltr'>omni</span> <span class='ocrx_word' id='word_1_113' title='bbox 257 2303 353 2354; x_wconf 80' lang='lat' dir='ltr'>ellectu</span> <span class='ocrx_word' id='word_1_114' title='bbox 378 2304 405 2353; x_wconf 87' lang='lat' dir='ltr'>id</span> <span class='ocrx_word' id='word_1_115' title='bbox 430 2305 537 2364; x_wconf 84' lang='lat' dir='ltr'>careat,</span> <span class='ocrx_word' id='word_1_116' title='bbox 565 2301 637 2366; x_wconf 91' lang='lat' dir='ltr'>quod</span> <span class='ocrx_word' id='word_1_117' title='bbox 673 2302 781 2353; x_wconf 77' lang='lat' dir='ltr'>luter-no</span> <span class='ocrx_word' id='word_1_118' title='bbox 797 2304 821 2352; x_wconf 81' lang='lat'>7.</span> <span class='ocrx_word' id='word_1_119' title='bbox 835 2303 990 2354; x_wconf 85' lang='lat' dir='ltr'>memoratis</span> <span class='ocrx_word' id='word_1_120' title='bbox 1002 2303 1154 2355; x_wconf 77' lang='lat' dir='ltr'>mortalium</span> <span class='ocrx_word' id='word_1_121' title='bbox 1165 2306 1200 2356; x_wconf 87' lang='lat' dir='ltr'>de</span> 
     </span>
     <span class='ocr_line' id='line_1_19' title="bbox 112 2376 1200 2443; baseline 0.008 -18"><span class='ocrx_word' id='word_1_122' title='bbox 112 2376 164 2427; x_wconf 88' lang='lat' dir='ltr'>iam</span> <span class='ocrx_word' id='word_1_123' title='bbox 181 2378 346 2440; x_wconf 74' lang='lat' dir='ltr'>praetenti.»</span> <span class='ocrx_word' id='word_1_124' title='bbox 675 2381 788 2430; x_wconf 84' lang='lat' dir='ltr'>Fortuna</span> <span class='ocrx_word' id='word_1_125' title='bbox 814 2381 1004 2443; x_wconf 80' lang='lat' dir='ltr'>querimoniis:</span> <span class='ocrx_word' id='word_1_126' title='bbox 1030 2383 1076 2430; x_wconf 83' lang='lat' dir='ltr'>lte</span> <span class='ocrx_word' id='word_1_127' title='bbox 1094 2382 1145 2431; x_wconf 82' lang='lat' dir='ltr'>etta</span> <span class='ocrx_word' id='word_1_128' title='bbox 1165 2383 1200 2434; x_wconf 69' lang='lat' dir='ltr'>sd</span> 
     </span>
     <span class='ocr_line' id='line_1_20' title="bbox 143 2449 1200 2515; baseline 0.007 -14"><span class='ocrx_word' id='word_1_129' title='bbox 143 2449 184 2501; x_wconf 81' lang='grc'>47.</span> <span class='ocrx_word' id='word_1_130' title='bbox 204 2450 247 2501; x_wconf 75' lang='grc'>48.</span> <span class='ocrx_word' id='word_1_131' title='bbox 265 2450 393 2514; x_wconf 73' lang='lat' dir='ltr'>Dtfflnqst]</span> <span class='ocrx_word' id='word_1_132' title='bbox 413 2450 566 2501; x_wconf 70' lang='lat' dir='ltr'>«Diversum</span> <span class='ocrx_word' id='word_1_133' title='bbox 583 2449 638 2499; x_wconf 91' lang='lat' dir='ltr'>lor·</span> <span class='ocrx_word' id='word_1_134' title='bbox 674 2455 761 2515; x_wconf 64' lang='lat' dir='ltr'>mota,</span> <span class='ocrx_word' id='word_1_135' title='bbox 793 2455 867 2504; x_wconf 79' lang='lat' dir='ltr'>aeid</span> <span class='ocrx_word' id='word_1_136' title='bbox 887 2469 938 2503; x_wconf 85' lang='lat' dir='ltr'>non</span> <span class='ocrx_word' id='word_1_137' title='bbox 957 2455 1016 2513; x_wconf 60' lang='lat' dir='ltr'>ode·</span> <span class='ocrx_word' id='word_1_138' title='bbox 1041 2456 1093 2506; x_wconf 85' lang='lat' dir='ltr'>Con</span> <span class='ocrx_word' id='word_1_139' title='bbox 1117 2457 1200 2508; x_wconf 78' lang='lat' dir='ltr'>t&#39;attrs</span> 
     </span>
     <span class='ocr_line' id='line_1_21' title="bbox 113 2521 1197 2593; baseline 0.005 -18"><span class='ocrx_word' id='word_1_140' title='bbox 113 2537 186 2576; x_wconf 82' lang='lat' dir='ltr'>mam</span> <span class='ocrx_word' id='word_1_141' title='bbox 213 2525 239 2574; x_wconf 89' lang='lat' dir='ltr'>ei</span> <span class='ocrx_word' id='word_1_142' title='bbox 263 2524 419 2588; x_wconf 83' lang='lat' dir='ltr'>praebebit,</span> <span class='ocrx_word' id='word_1_143' title='bbox 445 2535 556 2587; x_wconf 85' lang='lat' dir='ltr'>prorsus</span> <span class='ocrx_word' id='word_1_144' title='bbox 574 2521 638 2573; x_wconf 91' lang='lat' dir='ltr'>illud</span> <span class='ocrx_word' id='word_1_145' title='bbox 672 2529 756 2590; x_wconf 82' lang='lat' dir='ltr'>prime</span> <span class='ocrx_word' id='word_1_146' title='bbox 771 2533 887 2578; x_wconf 66' lang='lat' dir='ltr'>mouture</span> <span class='ocrx_word' id='word_1_147' title='bbox 903 2528 962 2577; x_wconf 78' lang='lat' dir='ltr'>liam</span> <span class='ocrx_word' id='word_1_148' title='bbox 974 2529 1197 2593; x_wconf 63' lang='lat' dir='ltr'>Volumnium,</span> 
     </span>
     <span class='ocr_line' id='line_1_22' title="bbox 114 2597 1199 2670; baseline 0.005 -21"><span class='ocrx_word' id='word_1_149' title='bbox 114 2597 292 2650; x_wconf 74' lang='lat' dir='ltr'>immutabit.»</span> <span class='ocrx_word' id='word_1_150' title='bbox 313 2625 340 2635; x_wconf 93' lang='lat'>-</span> <span class='ocrx_word' id='word_1_151' title='bbox 363 2598 483 2661; x_wconf 75' lang='lat' dir='ltr'>Infectam</span> <span class='ocrx_word' id='word_1_152' title='bbox 498 2597 639 2662; x_wconf 68' lang='lat' dir='ltr'>(undeocto-</span> <span class='ocrx_word' id='word_1_153' title='bbox 674 2603 780 2652; x_wconf 77' lang='lat' dir='ltr'>obnata</span> <span class='ocrx_word' id='word_1_154' title='bbox 795 2603 817 2651; x_wconf 80' lang='lat' dir='ltr'>st</span> <span class='ocrx_word' id='word_1_155' title='bbox 832 2603 903 2666; x_wconf 73' lang='lat' dir='ltr'>poda.</span> <span class='ocrx_word' id='word_1_156' title='bbox 924 2627 952 2638; x_wconf 95' lang='lat'><em>-</em></span> <span class='ocrx_word' id='word_1_157' title='bbox 971 2603 1056 2653; x_wconf 81' lang='lat' dir='ltr'>ludere</span> <span class='ocrx_word' id='word_1_158' title='bbox 1069 2605 1199 2670; x_wconf 74' lang='lat' dir='ltr'>pertinse]</span> 
     </span>
     <span class='ocr_line' id='line_1_23' title="bbox 111 2671 1199 2742; baseline 0.006 -19"><span class='ocrx_word' id='word_1_159' title='bbox 111 2674 166 2736; x_wconf 79' lang='lat' dir='ltr'>ten)</span> <span class='ocrx_word' id='word_1_160' title='bbox 201 2672 286 2737; x_wconf 83' lang='lat' dir='ltr'>gradu</span> <span class='ocrx_word' id='word_1_161' title='bbox 310 2671 444 2734; x_wconf 88' lang='lat' dir='ltr'>allquento</span> <span class='ocrx_word' id='word_1_162' title='bbox 477 2671 564 2722; x_wconf 86' lang='lat' dir='ltr'>maius</span> <span class='ocrx_word' id='word_1_163' title='bbox 597 2672 640 2720; x_wconf 83' lang='lat' dir='ltr'>est</span> <span class='ocrx_word' id='word_1_164' title='bbox 675 2678 701 2726; x_wconf 87' lang='lat' dir='ltr'>in</span> <span class='ocrx_word' id='word_1_165' title='bbox 718 2689 798 2740; x_wconf 91' lang='lat' dir='ltr'>prosa</span> <span class='ocrx_word' id='word_1_166' title='bbox 811 2689 850 2726; x_wconf 86' lang='lat' dir='ltr'>or.</span> <span class='ocrx_word' id='word_1_167' title='bbox 870 2677 1062 2742; x_wconf 79' lang='lat' dir='ltr'>«pertinaciter</span> <span class='ocrx_word' id='word_1_168' title='bbox 1077 2677 1199 2730; x_wconf 82' lang='lat' dir='ltr'>ludens.»</span> 
     </span>
     <span class='ocr_line' id='line_1_24' title="bbox 113 2745 1201 2810; baseline 0.006 -13"><span class='ocrx_word' id='word_1_169' title='bbox 113 2759 193 2810; x_wconf 87' lang='lat' dir='ltr'>quam</span> <span class='ocrx_word' id='word_1_170' title='bbox 221 2747 324 2796; x_wconf 69' lang='lat' dir='ltr'>nattum</span> <span class='ocrx_word' id='word_1_171' title='bbox 345 2745 539 2809; x_wconf 62' lang='lat' dir='ltr'>(aerumpna).</span> <span class='ocrx_word' id='word_1_172' title='bbox 574 2745 639 2794; x_wconf 85' lang='lat' dir='ltr'>l&#39;re·</span> <span class='ocrx_word' id='word_1_173' title='bbox 675 2751 774 2800; x_wconf 79' lang='lat' dir='ltr'>Luctum</span> <span class='ocrx_word' id='word_1_174' title='bbox 794 2751 879 2800; x_wconf 79' lang='lat' dir='ltr'>tudere</span> <span class='ocrx_word' id='word_1_175' title='bbox 899 2751 1003 2801; x_wconf 85' lang='lat' dir='ltr'>dixerat</span> <span class='ocrx_word' id='word_1_176' title='bbox 1024 2754 1077 2802; x_wconf 88' lang='lat' dir='ltr'>iam</span> <span class='ocrx_word' id='word_1_177' title='bbox 1099 2754 1201 2804; x_wconf 85' lang='lat' dir='ltr'>Teren-</span> 
     </span>
     <span class='ocr_line' id='line_1_25' title="bbox 112 2817 1201 2887; baseline 0 -17"><span class='ocrx_word' id='word_1_178' title='bbox 112 2833 197 2884; x_wconf 87' lang='lat' dir='ltr'>quens</span> <span class='ocrx_word' id='word_1_179' title='bbox 210 2820 282 2884; x_wconf 88' lang='lat' dir='ltr'>apud</span> <span class='ocrx_word' id='word_1_180' title='bbox 289 2822 382 2884; x_wconf 82' lang='lat' dir='ltr'>poetas</span> <span class='ocrx_word' id='word_1_181' title='bbox 395 2819 535 2870; x_wconf 86' lang='lat' dir='ltr'>sententia.</span> <span class='ocrx_word' id='word_1_182' title='bbox 555 2817 640 2868; x_wconf 86' lang='lat' dir='ltr'>Theo·</span> <span class='ocrx_word' id='word_1_183' title='bbox 676 2827 728 2875; x_wconf 75' lang='lat' dir='ltr'>nus</span> <span class='ocrx_word' id='word_1_184' title='bbox 746 2825 867 2875; x_wconf 71' lang='lat' dir='ltr'>Eunuch,</span> <span class='ocrx_word' id='word_1_185' title='bbox 886 2825 914 2886; x_wconf 80' lang='lat'>3,</span> <span class='ocrx_word' id='word_1_186' title='bbox 929 2827 958 2887; x_wconf 72' lang='lat'>5,</span> <span class='ocrx_word' id='word_1_187' title='bbox 978 2825 1018 2876; x_wconf 83' lang='lat'>38,</span> <span class='ocrx_word' id='word_1_188' title='bbox 1037 2824 1157 2878; x_wconf 64' lang='lat' dir='ltr'>pultarias</span> <span class='ocrx_word' id='word_1_189' title='bbox 1174 2828 1201 2877; x_wconf 79' lang='lat' dir='ltr'>in</span> 
     </span>
     <span class='ocr_line' id='line_1_26' title="bbox 112 2888 1201 2968; baseline 0.006 -20"><span class='ocrx_word' id='word_1_190' title='bbox 112 2895 169 2957; x_wconf 77' lang='lat' dir='ltr'>gnis</span> <span class='ocrx_word' id='word_1_191' title='bbox 189 2895 253 2945; x_wconf 77' lang='lat'><strong>583:</strong></span> <span class='ocrx_word' id='word_1_192' title='bbox 280 2888 409 2944; x_wconf 69' lang='grc' dir='ltr'><strong><em>Ἀλλᾶῐὰ</em></strong></span> <span class='ocrx_word' id='word_1_193' title='bbox 420 2892 474 2958; x_wconf 68' lang='lat' dir='ltr'>pte</span> <span class='ocrx_word' id='word_1_194' title='bbox 491 2889 639 2964; x_wconf 66' lang='grc' dir='ltr'>προβέβη·</span> <span class='ocrx_word' id='word_1_195' title='bbox 676 2900 1201 2968; x_wconf 73' lang='lat' dir='ltr'>nntn.eat.11.3ot:110tyvcovton</span> 
     </span>
     <span class='ocr_line' id='line_1_27' title="bbox 112 2961 1200 3048; baseline 0 -20"><span class='ocrx_word' id='word_1_196' title='bbox 112 2983 177 3029; x_wconf 65' lang='lat'>²⁸⁹2</span> <span class='ocrx_word' id='word_1_197' title='bbox 212 2961 368 3034; x_wconf 57' lang='grc' dir='ltr'><em>ἀμήχανόν</em></span> <span class='ocrx_word' id='word_1_198' title='bbox 405 2967 466 3018; x_wconf 57' lang='grc' dir='ltr'>ἔπι</span> <span class='ocrx_word' id='word_1_199' title='bbox 502 2966 638 3033; x_wconf 60' lang='grc' dir='ltr'>448νέ049414</span> <span class='ocrx_word' id='word_1_200' title='bbox 677 2970 775 3039; x_wconf 75' lang='grc' dir='ltr'><strong><em>Τύχης</em></strong></span> <span class='ocrx_word' id='word_1_201' title='bbox 798 2968 935 3044; x_wconf 78' lang='grc' dir='ltr'><em>μερόπων</em></span> <span class='ocrx_word' id='word_1_202' title='bbox 958 2973 1041 3038; x_wconf 78' lang='grc' dir='ltr'><strong><em>βίος,</em></strong></span> <span class='ocrx_word' id='word_1_203' title='bbox 1069 2976 1200 3048; x_wconf 76' lang='grc' dir='ltr'>οἰκτράς,</span> 
     </span>
     <span class='ocr_line' id='line_1_28' title="bbox 110 3036 1201 3118; baseline 0.012 -28"><span class='ocrx_word' id='word_1_204' title='bbox 110 3036 200 3112; x_wconf 74' lang='grc' dir='ltr'><em>Ἀργᾶ.</em></span> <span class='ocrx_word' id='word_1_205' title='bbox 237 3042 310 3092; x_wconf 88' lang='lat' dir='ltr'>Piud.</span> <span class='ocrx_word' id='word_1_206' title='bbox 324 3041 471 3106; x_wconf 62' lang='lat' dir='ltr'>Olympi,</span> <span class='ocrx_word' id='word_1_207' title='bbox 486 3041 526 3091; x_wconf 80' lang='grc'>45.</span> <span class='ocrx_word' id='word_1_208' title='bbox 551 3041 639 3090; x_wconf 88' lang='lat' dir='ltr'>Simo·</span> <span class='ocrx_word' id='word_1_209' title='bbox 676 3044 803 3113; x_wconf 70' lang='grc' dir='ltr'><em>ἀλήτης,</em></span> <span class='ocrx_word' id='word_1_210' title='bbox 840 3044 976 3099; x_wconf 76' lang='grc' dir='ltr'><strong><em>Πλούτου</em></strong></span> <span class='ocrx_word' id='word_1_211' title='bbox 1014 3051 1065 3100; x_wconf 71' lang='grc' dir='ltr'>καὶ</span> <span class='ocrx_word' id='word_1_212' title='bbox 1102 3053 1201 3118; x_wconf 79' lang='grc' dir='ltr'><strong><em>πενίης</em></strong></span> 
     </span>
     <span class='ocr_line' id='line_1_29' title="bbox 113 3113 1201 3190; baseline 0.008 -22"><span class='ocrx_word' id='word_1_213' title='bbox 113 3117 187 3168; x_wconf 84' lang='lat' dir='ltr'>uides</span> <span class='ocrx_word' id='word_1_214' title='bbox 200 3130 227 3183; x_wconf 92' lang='lat' dir='ltr'>p.</span> <span class='ocrx_word' id='word_1_215' title='bbox 241 3119 299 3168; x_wconf 80' lang='grc'><strong>445.</strong></span> <span class='ocrx_word' id='word_1_216' title='bbox 313 3117 410 3168; x_wconf 80' lang='lat' dir='ltr'>Schm:</span> <span class='ocrx_word' id='word_1_217' title='bbox 430 3113 470 3167; x_wconf 81' lang='grc' dir='ltr'>Τὸ</span> <span class='ocrx_word' id='word_1_218' title='bbox 487 3113 543 3188; x_wconf 82' lang='lat' dir='ltr'>ydp</span> <span class='ocrx_word' id='word_1_219' title='bbox 559 3129 639 3184; x_wconf 76' lang='grc' dir='ltr'><em>γεγε·</em></span> <span class='ocrx_word' id='word_1_220' title='bbox 676 3118 804 3187; x_wconf 75' lang='grc' dir='ltr'><em>μεσσόθι</em></span> <span class='ocrx_word' id='word_1_221' title='bbox 824 3115 1013 3190; x_wconf 78' lang='grc' dir='ltr'><strong><em>ῥεμβόμενος.</em></strong></span> <span class='ocrx_word' id='word_1_222' title='bbox 1049 3123 1105 3175; x_wconf 70' lang='grc' dir='ltr'>Καὶ</span> <span class='ocrx_word' id='word_1_223' title='bbox 1132 3122 1201 3189; x_wconf 73' lang='grc' dir='ltr'>τοὺς</span> 
     </span>
     <span class='ocr_line' id='line_1_30' title="bbox 112 3185 1201 3269; baseline 0.009 -29"><span class='ocrx_word' id='word_1_224' title='bbox 112 3193 238 3257; x_wconf 75' lang='grc' dir='ltr'><strong><em>ναμένον</em></strong></span> <span class='ocrx_word' id='word_1_225' title='bbox 269 3185 363 3241; x_wconf 63' lang='grc' dir='ltr'>οὐκέτ’</span> <span class='ocrx_word' id='word_1_226' title='bbox 392 3185 514 3262; x_wconf 69' lang='grc' dir='ltr'><strong><em>ἄρεκτον</em></strong></span> <span class='ocrx_word' id='word_1_227' title='bbox 545 3185 636 3242; x_wconf 72' lang='grc' dir='ltr'><strong><em>ἔσται.</em></strong></span> <span class='ocrx_word' id='word_1_228' title='bbox 676 3195 730 3262; x_wconf 68' lang='grc' dir='ltr'>μὲν</span> <span class='ocrx_word' id='word_1_229' title='bbox 746 3191 916 3260; x_wconf 79' lang='grc' dir='ltr'><strong><em>κατάγουσα</em></strong></span> <span class='ocrx_word' id='word_1_230' title='bbox 932 3191 1019 3245; x_wconf 78' lang='grc' dir='ltr'><strong><em>πάλιν</em></strong></span> <span class='ocrx_word' id='word_1_231' title='bbox 1035 3196 1201 3269; x_wconf 66' lang='grc' dir='ltr'><strong><em>σφαιρηδὸν</em></strong></span> 
     </span>
     <span class='ocr_line' id='line_1_31' title="bbox 112 3263 1201 3341; baseline 0.006 -26"><span class='ocrx_word' id='word_1_232' title='bbox 112 3267 232 3330; x_wconf 76' lang='lat' dir='ltr'>Agathou</span> <span class='ocrx_word' id='word_1_233' title='bbox 249 3264 320 3328; x_wconf 85' lang='lat' dir='ltr'>apud</span> <span class='ocrx_word' id='word_1_234' title='bbox 344 3267 450 3316; x_wconf 75' lang='lat' dir='ltr'>aristot.</span> <span class='ocrx_word' id='word_1_235' title='bbox 476 3266 535 3316; x_wconf 88' lang='lat' dir='ltr'>Eth.</span> <span class='ocrx_word' id='word_1_236' title='bbox 555 3265 585 3327; x_wconf 86' lang='grc'>6,</span> <span class='ocrx_word' id='word_1_237' title='bbox 603 3267 637 3314; x_wconf 72' lang='lat'>2:</span> <span class='ocrx_word' id='word_1_238' title='bbox 676 3264 782 3341; x_wconf 72' lang='grc' dir='ltr'><em>ἀείρει,</em></span> <span class='ocrx_word' id='word_1_239' title='bbox 801 3264 877 3330; x_wconf 71' lang='grc' dir='ltr'><strong><em>Τοὺς</em></strong></span> <span class='ocrx_word' id='word_1_240' title='bbox 892 3265 916 3317; x_wconf 79' lang='grc' dir='ltr'>δ’</span> <span class='ocrx_word' id='word_1_241' title='bbox 928 3263 1057 3319; x_wconf 78' lang='grc' dir='ltr'><strong><em>ἀπὸτῶν</em></strong></span> <span class='ocrx_word' id='word_1_242' title='bbox 1074 3270 1201 3333; x_wconf 67' lang='grc' dir='ltr'><strong><em>νεφελῶν</em></strong></span> 
     </span>
     <span class='ocr_line' id='line_1_32' title="bbox 112 3333 1198 3410; baseline 0.006 -21"><span class='ocrx_word' id='word_1_243' title='bbox 112 3337 211 3390; x_wconf 81' lang='grc' dir='ltr'><strong><em>Μόνον</em></strong></span> <span class='ocrx_word' id='word_1_244' title='bbox 234 3336 290 3410; x_wconf 76' lang='grc' dir='ltr'>γὰρ</span> <span class='ocrx_word' id='word_1_245' title='bbox 312 3333 403 3390; x_wconf 81' lang='grc' dir='ltr'><strong><em>αὐτοῦ</em></strong></span> <span class='ocrx_word' id='word_1_246' title='bbox 421 3340 470 3390; x_wconf 78' lang='grc' dir='ltr'>καὶ</span> <span class='ocrx_word' id='word_1_247' title='bbox 487 3335 556 3402; x_wconf 75' lang='grc' dir='ltr'>θεὸς</span> <span class='ocrx_word' id='word_1_248' title='bbox 573 3353 639 3390; x_wconf 80' lang='grc' dir='ltr'><strong><em>στο-</em></strong></span> <span class='ocrx_word' id='word_1_249' title='bbox 677 3345 718 3406; x_wconf 64' lang='lat' dir='ltr'>stc</span> <span class='ocrx_word' id='word_1_250' title='bbox 739 3337 831 3408; x_wconf 74' lang='grc' dir='ltr'><strong><em>Ἀΐδην</em></strong></span> <span class='ocrx_word' id='word_1_251' title='bbox 857 3338 986 3408; x_wconf 78' lang='grc' dir='ltr'>κατάγει.</span> <span class='ocrx_word' id='word_1_252' title='bbox 1024 3344 1141 3395; x_wconf 85' lang='lat' dir='ltr'>Iuvenal.</span> <span class='ocrx_word' id='word_1_253' title='bbox 1169 3347 1198 3409; x_wconf 87' lang='grc'>6,</span> 
     </span>
     <span class='ocr_line' id='line_1_33' title="bbox 129 3407 1202 3482; baseline 0.006 -18"><span class='ocrx_word' id='word_1_254' title='bbox 129 3417 258 3474; x_wconf 65' lang='lat' dir='ltr'>mar,</span> <span class='ocrx_word' id='word_1_255' title='bbox 282 3408 415 3480; x_wconf 77' lang='grc' dir='ltr'>Ἀγένητα</span> <span class='ocrx_word' id='word_1_256' title='bbox 432 3417 542 3473; x_wconf 76' lang='grc' dir='ltr'><strong><em>ποιεῖν,</em></strong></span> <span class='ocrx_word' id='word_1_257' title='bbox 569 3407 637 3463; x_wconf 59' lang='lat' dir='ltr'>doe*</span> <span class='ocrx_word' id='word_1_258' title='bbox 677 3419 742 3469; x_wconf 79' lang='lat'><strong>608:</strong></span> <span class='ocrx_word' id='word_1_259' title='bbox 762 3418 937 3479; x_wconf 62' lang='lat' dir='ltr'>sanetusque</span> <span class='ocrx_word' id='word_1_260' title='bbox 953 3417 1202 3482; x_wconf 75' lang='lat' dir='ltr'>tibimirnmnporet</span> 
     </span>
     <span class='ocr_line' id='line_1_34' title="bbox 113 3429 818 3558; baseline 0.004 -21"><span class='ocrx_word' id='word_1_261' title='bbox 113 3429 149 3538; x_wconf 64' lang='lat' dir='ltr'>dn</span> <span class='ocrx_word' id='word_1_262' title='bbox 164 3479 185 3558; x_wconf 79' lang='grc' dir='ltr'><em>ᾖ</em></span> <span class='ocrx_word' id='word_1_263' title='bbox 203 3490 396 3558; x_wconf 70' lang='grc' dir='ltr'><strong><em>πεπραγμένα.</em></strong></span> <span class='ocrx_word' id='word_1_264' title='bbox 424 3487 488 3538; x_wconf 84' lang='lat' dir='ltr'>Pliu.</span> <span class='ocrx_word' id='word_1_265' title='bbox 507 3488 538 3537; x_wconf 90' lang='lat' dir='ltr'>H.</span> <span class='ocrx_word' id='word_1_266' title='bbox 558 3489 589 3538; x_wconf 87' lang='lat' dir='ltr'>N.</span> <span class='ocrx_word' id='word_1_267' title='bbox 607 3490 637 3544; x_wconf 71' lang='lat'>2.</span> <span class='ocrx_word' id='word_1_268' title='bbox 677 3491 818 3556; x_wconf 80' lang='lat' dir='ltr'>(Fortuna).</span> 
     </span>
     <span class='ocr_line' id='line_1_35' title="bbox 114 3561 1201 3629; baseline 0.008 -19"><span class='ocrx_word' id='word_1_269' title='bbox 114 3564 142 3610; x_wconf 84' lang='lat' dir='ltr'>t:</span> <span class='ocrx_word' id='word_1_270' title='bbox 161 3564 235 3612; x_wconf 86' lang='lat' dir='ltr'>Deus</span> <span class='ocrx_word' id='word_1_271' title='bbox 246 3562 343 3611; x_wconf 74' lang='lat' dir='ltr'>utillum</span> <span class='ocrx_word' id='word_1_272' title='bbox 360 3561 441 3612; x_wconf 80' lang='lat' dir='ltr'>habet</span> <span class='ocrx_word' id='word_1_273' title='bbox 456 3563 484 3611; x_wconf 82' lang='lat' dir='ltr'>in</span> <span class='ocrx_word' id='word_1_274' title='bbox 497 3562 639 3624; x_wconf 71' lang='lat' dir='ltr'>praeterite</span> <span class='ocrx_word' id='word_1_275' title='bbox 709 3565 751 3616; x_wconf 77' lang='lat'>53.</span> <span class='ocrx_word' id='word_1_276' title='bbox 769 3564 810 3615; x_wconf 82' lang='lat' dir='ltr'>tt.</span> <span class='ocrx_word' id='word_1_277' title='bbox 833 3565 988 3629; x_wconf 69' lang='lat' dir='ltr'>mensumn]</span> <span class='ocrx_word' id='word_1_278' title='bbox 1014 3565 1105 3616; x_wconf 80' lang='lat' dir='ltr'>Exstat</span> <span class='ocrx_word' id='word_1_279' title='bbox 1121 3581 1201 3619; x_wconf 88' lang='lat' dir='ltr'>num·</span> 
     </span>
     <span class='ocr_line' id='line_1_36' title="bbox 112 3635 1201 3705; baseline 0.006 -20"><span class='ocrx_word' id='word_1_280' title='bbox 112 3637 150 3685; x_wconf 76' lang='lat' dir='ltr'>tus</span> <span class='ocrx_word' id='word_1_281' title='bbox 161 3641 345 3698; x_wconf 73' lang='lat' dir='ltr'>prmterquom</span> <span class='ocrx_word' id='word_1_282' title='bbox 361 3636 499 3686; x_wconf 80' lang='lat' dir='ltr'>oblivionis.</span> <span class='ocrx_word' id='word_1_283' title='bbox 524 3662 551 3672; x_wconf 93' lang='lat'><em>-</em></span> <span class='ocrx_word' id='word_1_284' title='bbox 575 3635 639 3685; x_wconf 79' lang='lat' dir='ltr'>nora</span> <span class='ocrx_word' id='word_1_285' title='bbox 675 3637 887 3689; x_wconf 80' lang='lat' dir='ltr'>museommodi</span> <span class='ocrx_word' id='word_1_286' title='bbox 898 3639 998 3700; x_wconf 86' lang='lat' dir='ltr'>rarior,</span> <span class='ocrx_word' id='word_1_287' title='bbox 1011 3639 1038 3689; x_wconf 89' lang='lat' dir='ltr'>in</span> <span class='ocrx_word' id='word_1_288' title='bbox 1050 3653 1104 3702; x_wconf 90' lang='lat' dir='ltr'>quo</span> <span class='ocrx_word' id='word_1_289' title='bbox 1116 3641 1201 3705; x_wconf 79' lang='lat' dir='ltr'>figura</span> 
     </span>
     <span class='ocr_line' id='line_1_37' title="bbox 112 3708 1201 3778; baseline 0.004 -17"><span class='ocrx_word' id='word_1_290' title='bbox 112 3711 193 3776; x_wconf 69' lang='lat' dir='ltr'>vemt]</span> <span class='ocrx_word' id='word_1_291' title='bbox 221 3713 339 3772; x_wconf 80' lang='lat' dir='ltr'>«avexit,</span> <span class='ocrx_word' id='word_1_292' title='bbox 366 3709 487 3773; x_wconf 87' lang='lat' dir='ltr'>abstulit,</span> <span class='ocrx_word' id='word_1_293' title='bbox 514 3708 587 3760; x_wconf 85' lang='lat' dir='ltr'>velut</span> <span class='ocrx_word' id='word_1_294' title='bbox 612 3711 638 3760; x_wconf 88' lang='lat' dir='ltr'>in</span> <span class='ocrx_word' id='word_1_295' title='bbox 677 3711 816 3763; x_wconf 89' lang='lat' dir='ltr'>muliebris</span> <span class='ocrx_word' id='word_1_296' title='bbox 847 3713 940 3774; x_wconf 86' lang='lat' dir='ltr'>sedet,</span> <span class='ocrx_word' id='word_1_297' title='bbox 979 3713 1071 3764; x_wconf 85' lang='lat' dir='ltr'>dextra</span> <span class='ocrx_word' id='word_1_298' title='bbox 1100 3727 1201 3778; x_wconf 84' lang='lat' dir='ltr'>equum</span> 
     </span>
     <span class='ocr_line' id='line_1_38' title="bbox 114 3783 1234 3850; baseline 0.004 -16"><span class='ocrx_word' id='word_1_299' title='bbox 114 3785 248 3848; x_wconf 85' lang='lat' dir='ltr'>praeteriti</span> <span class='ocrx_word' id='word_1_300' title='bbox 271 3786 400 3849; x_wconf 85' lang='lat' dir='ltr'>temporis</span> <span class='ocrx_word' id='word_1_301' title='bbox 416 3785 572 3848; x_wconf 79' lang='lat' dir='ltr'>voraginem</span> <span class='ocrx_word' id='word_1_302' title='bbox 590 3783 640 3834; x_wconf 87' lang='lat' dir='ltr'>de·</span> <span class='ocrx_word' id='word_1_303' title='bbox 676 3787 794 3850; x_wconf 87' lang='lat' dir='ltr'>capistro</span> <span class='ocrx_word' id='word_1_304' title='bbox 818 3789 951 3849; x_wconf 85' lang='lat' dir='ltr'>retinens,</span> <span class='ocrx_word' id='word_1_305' title='bbox 986 3789 1091 3838; x_wconf 84' lang='lat' dir='ltr'>sinistre</span> <span class='ocrx_word' id='word_1_306' title='bbox 1117 3802 1202 3839; x_wconf 85' lang='lat' dir='ltr'>cornu</span> <span class='ocrx_word' id='word_1_307' title='bbox 1228 3813 1234 3824; x_wconf 84' lang='lat'><strong>·</strong></span> 
     </span>
     <span class='ocr_line' id='line_1_39' title="bbox 114 3857 1202 3924; baseline 0.004 -16"><span class='ocrx_word' id='word_1_308' title='bbox 114 3860 239 3918; x_wconf 60' lang='lat' dir='ltr'>marsim</span> <span class='ocrx_word' id='word_1_309' title='bbox 258 3873 327 3920; x_wconf 82' lang='lat' dir='ltr'>nou,</span> <span class='ocrx_word' id='word_1_310' title='bbox 346 3861 376 3909; x_wconf 89' lang='lat' dir='ltr'>ut</span> <span class='ocrx_word' id='word_1_311' title='bbox 392 3858 434 3909; x_wconf 88' lang='lat' dir='ltr'>alii</span> <span class='ocrx_word' id='word_1_312' title='bbox 451 3857 556 3910; x_wconf 83' lang='lat' dir='ltr'>volunt:</span> <span class='ocrx_word' id='word_1_313' title='bbox 577 3858 639 3908; x_wconf 73' lang='lat' dir='ltr'>aad·</span> <span class='ocrx_word' id='word_1_314' title='bbox 676 3861 769 3924; x_wconf 87' lang='lat' dir='ltr'>copiae</span> <span class='ocrx_word' id='word_1_315' title='bbox 782 3873 845 3910; x_wconf 88' lang='lat' dir='ltr'>eum</span> <span class='ocrx_word' id='word_1_316' title='bbox 856 3861 1012 3924; x_wconf 79' lang='lat' dir='ltr'>epigraphe:</span> <span class='ocrx_word' id='word_1_317' title='bbox 1031 3861 1202 3912; x_wconf 76' lang='lat' dir='ltr'><em>FORTVNAE</em></span> 
     </span>
     <span class='ocr_line' id='line_1_40' title="bbox 114 3933 1200 4000; baseline 0.002 -17"><span class='ocrx_word' id='word_1_318' title='bbox 114 3935 195 3994; x_wconf 84' lang='lat' dir='ltr'>vexit,</span> <span class='ocrx_word' id='word_1_319' title='bbox 221 3933 336 3992; x_wconf 72' lang='lat' dir='ltr'>attndits3</span> <span class='ocrx_word' id='word_1_320' title='bbox 370 3947 424 3997; x_wconf 91' lang='lat' dir='ltr'>quo</span> <span class='ocrx_word' id='word_1_321' title='bbox 449 3948 502 3984; x_wconf 90' lang='lat' dir='ltr'>non</span> <span class='ocrx_word' id='word_1_322' title='bbox 524 3933 639 3998; x_wconf 86' lang='lat' dir='ltr'>quadrat</span> <span class='ocrx_word' id='word_1_323' title='bbox 675 3933 1117 3998; x_wconf 75' lang='lat' dir='ltr'>MANENT1.—Psnnes]lesehyl.</span> <span class='ocrx_word' id='word_1_324' title='bbox 1128 3935 1200 4000; x_wconf 87' lang='lat' dir='ltr'>apud</span> 
     </span>
     <span class='ocr_line' id='line_1_41' title="bbox 115 4006 1200 4072; baseline 0.005 -18"><span class='ocrx_word' id='word_1_325' title='bbox 115 4021 137 4056; x_wconf 85' lang='lat' dir='ltr'>v.</span> <span class='ocrx_word' id='word_1_326' title='bbox 162 4008 249 4066; x_wconf 71' lang='lat' dir='ltr'>must,</span> <span class='ocrx_word' id='word_1_327' title='bbox 276 4010 316 4056; x_wconf 82' lang='lat' dir='ltr'>sin</span> <span class='ocrx_word' id='word_1_328' title='bbox 340 4007 384 4070; x_wconf 64' lang='lat' dir='ltr'>ptr</span> <span class='ocrx_word' id='word_1_329' title='bbox 400 4007 514 4069; x_wconf 73' lang='grc' dir='ltr'>ο44οοιο4,</span> <span class='ocrx_word' id='word_1_330' title='bbox 541 4011 571 4057; x_wconf 92' lang='lat' dir='ltr'>ut</span> <span class='ocrx_word' id='word_1_331' title='bbox 587 4008 635 4058; x_wconf 89' lang='lat' dir='ltr'>0d.</span> <span class='ocrx_word' id='word_1_332' title='bbox 660 4007 749 4058; x_wconf 59' lang='lat' dir='ltr'>=stob.</span> <span class='ocrx_word' id='word_1_333' title='bbox 767 4006 821 4057; x_wconf 84' lang='lat' dir='ltr'>Eel.</span> <span class='ocrx_word' id='word_1_334' title='bbox 833 4007 912 4069; x_wconf 80' lang='lat' dir='ltr'>phys.</span> <span class='ocrx_word' id='word_1_335' title='bbox 925 4009 945 4058; x_wconf 89' lang='lat'>1.</span> <span class='ocrx_word' id='word_1_336' title='bbox 965 4022 991 4072; x_wconf 94' lang='lat' dir='ltr'>p.</span> <span class='ocrx_word' id='word_1_337' title='bbox 1008 4009 1065 4058; x_wconf 73' lang='lat'><strong>200.</strong></span> <span class='ocrx_word' id='word_1_338' title='bbox 1084 4009 1118 4059; x_wconf 85' lang='lat' dir='ltr'>de</span> <span class='ocrx_word' id='word_1_339' title='bbox 1134 4009 1200 4059; x_wconf 78' lang='lat' dir='ltr'>For-</span> 
     </span>
     <span class='ocr_line' id='line_1_42' title="bbox 116 4074 1202 4155; baseline 0.006 -27"><span class='ocrx_word' id='word_1_340' title='bbox 116 4081 142 4140; x_wconf 82' lang='grc'>4,</span> <span class='ocrx_word' id='word_1_341' title='bbox 159 4079 206 4142; x_wconf 68' lang='lat' dir='ltr'>hl,</span> <span class='ocrx_word' id='word_1_342' title='bbox 226 4081 268 4130; x_wconf 89' lang='grc'>46.</span> <span class='ocrx_word' id='word_1_343' title='bbox 676 4084 757 4132; x_wconf 87' lang='lat' dir='ltr'>tuna:</span> <span class='ocrx_word' id='word_1_344' title='bbox 782 4074 812 4131; x_wconf 75' lang='grc' dir='ltr'><em>Ἄ</em></span> <span class='ocrx_word' id='word_1_345' title='bbox 829 4095 860 4131; x_wconf 80' lang='lat' dir='ltr'>re</span> <span class='ocrx_word' id='word_1_346' title='bbox 884 4078 969 4152; x_wconf 80' lang='grc' dir='ltr'><strong><em>χάρις</em></strong></span> <span class='ocrx_word' id='word_1_347' title='bbox 994 4077 1102 4147; x_wconf 76' lang='grc' dir='ltr'><em>λάμπει</em></span> <span class='ocrx_word' id='word_1_348' title='bbox 1129 4082 1202 4155; x_wconf 78' lang='grc' dir='ltr'><strong><em>Περὶ</em></strong></span> 
     </span>
     <span class='ocr_line' id='line_1_43' title="bbox 148 4153 1201 4227; baseline 0.005 -23"><span class='ocrx_word' id='word_1_349' title='bbox 148 4153 188 4204; x_wconf 78' lang='lat' dir='ltr'>ts.</span> <span class='ocrx_word' id='word_1_350' title='bbox 207 4155 249 4205; x_wconf 77' lang='lat'>50.</span> <span class='ocrx_word' id='word_1_351' title='bbox 268 4155 470 4218; x_wconf 67' lang='grc' dir='ltr'><strong><em>εοοοο-οοοοὶἰο]</em></strong></span> <span class='ocrx_word' id='word_1_352' title='bbox 498 4167 637 4216; x_wconf 82' lang='lat' dir='ltr'>«munere,</span> <span class='ocrx_word' id='word_1_353' title='bbox 675 4153 731 4206; x_wconf 85' lang='grc' dir='ltr'>σὰν</span> <span class='ocrx_word' id='word_1_354' title='bbox 751 4157 876 4227; x_wconf 74' lang='grc' dir='ltr'><em>πτέρυγα</em></span> <span class='ocrx_word' id='word_1_355' title='bbox 895 4158 1032 4227; x_wconf 74' lang='grc' dir='ltr'><strong><em>χρυσέαν.</em></strong></span> <span class='ocrx_word' id='word_1_356' title='bbox 1058 4157 1112 4208; x_wconf 86' lang='lat' dir='ltr'>Cir.</span> <span class='ocrx_word' id='word_1_357' title='bbox 1133 4159 1201 4209; x_wconf 88' lang='lat' dir='ltr'>Voss</span> 
     </span>
     <span class='ocr_line' id='line_1_44' title="bbox 115 4227 1199 4296; baseline 0.003 -19"><span class='ocrx_word' id='word_1_358' title='bbox 115 4238 168 4290; x_wconf 85' lang='lat' dir='ltr'>quo</span> <span class='ocrx_word' id='word_1_359' title='bbox 183 4227 313 4290; x_wconf 48' lang='lat' dir='ltr'>iuuetur,</span> <span class='ocrx_word' id='word_1_360' title='bbox 333 4229 419 4278; x_wconf 91' lang='lat' dir='ltr'>omnia</span> <span class='ocrx_word' id='word_1_361' title='bbox 438 4229 495 4278; x_wconf 87' lang='lat' dir='ltr'>siue</span> <span class='ocrx_word' id='word_1_362' title='bbox 513 4228 564 4278; x_wconf 89' lang='lat' dir='ltr'>ulla</span> <span class='ocrx_word' id='word_1_363' title='bbox 582 4228 638 4280; x_wconf 86' lang='lat' dir='ltr'>ele·</span> <span class='ocrx_word' id='word_1_364' title='bbox 674 4231 777 4292; x_wconf 73' lang='lat' dir='ltr'>erutuet.</span> <span class='ocrx_word' id='word_1_365' title='bbox 802 4231 847 4280; x_wconf 84' lang='lat' dir='ltr'>Br.</span> <span class='ocrx_word' id='word_1_366' title='bbox 873 4231 904 4279; x_wconf 93' lang='lat' dir='ltr'>ll.</span> <span class='ocrx_word' id='word_1_367' title='bbox 924 4244 951 4294; x_wconf 92' lang='lat' dir='ltr'>p.</span> <span class='ocrx_word' id='word_1_368' title='bbox 970 4231 1012 4282; x_wconf 81' lang='lat' dir='ltr'>li.</span> <span class='ocrx_word' id='word_1_369' title='bbox 1036 4257 1063 4267; x_wconf 89' lang='lat'>-</span> <span class='ocrx_word' id='word_1_370' title='bbox 1089 4233 1199 4296; x_wconf 71' lang='lat' dir='ltr'>restpno]</span> 
     </span>
    </p>
   </div>
   <div class='ocr_carea' id='block_1_7' title="bbox 0 0 1478 4884">
    <p class='ocr_par' dir='ltr' id='par_1_8' title="bbox 0 0 1478 4884">
     <span class='ocr_line' id='line_1_45' title="bbox 0 0 1478 4884; baseline 0 0"><span class='ocrx_word' id='word_1_371' title='bbox 0 0 1478 4884; x_wconf 95' lang='lat' dir='ltr'> </span> 
     </span>
    </p>
   </div>
  </div>
 </body>
</html>
