2934 4884
470 719 811 782 cmlx·

307 889 419 962 l'iiles,
444 898 479 952 ut
501 886 564 952 alta
587 899 649 954 stet
670 888 743 954 nive
765 887 939 954 candidum

311 1011 461 1084 Soracte,
484 1029 546 1076 neo
568 1007 631 1074 iam
653 1008 832 1076 sustineant
853 1029 935 1074 onus

158 1210 196 1258 ill.
231 1210 317 1258 inser.
336 1207 405 1270 vulg.
440 1209 478 1256 Ad
495 1207 677 1257 lboiiamlam.
712 1209 771 1257 0m.
790 1207 835 1256 ST.
858 1233 884 1242 -
906 1209 927 1256 l.
946 1209 1067 1258 candidata
1086 1210 1148 1260 llal-

129 1281 174 1332 lius
189 1283 351 1333 Theodorus
367 1295 394 1346 p.
412 1281 469 1332 539.
488 1281 567 1332 Gaist

128 1458 165 1507 m.
187 1461 224 1509 De
242 1460 327 1508 buirus
338 1458 464 1508 carminis
474 1470 619 1519 argumen-
656 1458 717 1519 Lyr.
736 1469 763 1520 p.
783 1457 844 1506 578:
867 1449 925 1507 “Tse
941 1457 996 1522 μὲν
1013 1454 1031 1508 ὁ
1048 1459 1127 1524 zade,
1146 1459 1178 1512 ἐκ

103 1535 125 1580 to
139 1534 301 1597 itadisputat
314 1530 511 1592 billenbnrger:
531 1533 619 1581 «Ala-
654 1529 678 1581 δ’
705 1526 800 1602 ὀρανῶ
822 1533 912 1597 μέγας
934 1533 1065 1597 Χείμων,
1089 1532 1179 1585 πεπά-

102 1606 181 1656 aabsio
199 1609 275 1670 (Opp.
295 1608 326 1656 Τ.
344 1606 376 1654 V.
395 1618 421 1669 p.
435 1606 501 1667 378.)
520 1607 556 1654 ita
567 1618 617 1667 ego
654 1621 739 1672 yaoav
756 1603 780 1655 δ’
798 1600 909 1656 aeaeae
926 1601 1001 1678 ῥοαὶ.
1026 1606 1179 1669 Κάββαλλε

101 1680 227 1740 dissentio,
246 1685 277 1730 ut
296 1693 352 1729 non
369 1679 479 1729 credam
496 1681 617 1744 par-aria
654 1677 848 1745 relaxatam,
866 1681 913 1732 ἐπὶ
929 1681 984 1746 μὲν
1000 1685 1089 1747 ridete
1104 1683 1177 1756 Πῦρ,

101 1758 167 1816 poeta
183 1769 311 1812 coenam,
331 1753 379 1804 sed
389 1755 442 1803 iam
454 1753 618 1803 accumben-
654 1755 685 1806 ἐν
701 1753 733 1806 δὲ
750 1757 860 1826 elprae
872 1751 953 1806 οἶνον
964 1751 1104 1821 ἀφειδέως
1120 1761 1179 1811 Μέ-

102 1831 134 1876 tes
148 1830 250 1879 rideam
270 1827 381 1879 sodales
400 1829 457 1878 sire
475 1827 546 1891 apud
563 1827 617 1876 llo-
654 1829 763 1900 λιχρον,
781 1825 874 1900 αὐτὰρ
890 1826 969 1895 ἀμφὶ
986 1830 1081 1902 κόρσᾳ
1097 1833 1178 1884 Μαλ-

102 1904 184 1953 ratium
200 1905 258 1954 sive
277 1903 354 1966 apud
371 1901 452 1951 alium
470 1901 615 1950 examicis.
653 1900 748 1953 θακόν
792 1899 955 1970 ἀμφι[τιι9η]
1001 1904 1175 1972 γνόφαλλον.

101 1979 239 2038 llagistrum
256 1979 340 2040 igitur
357 1977 470 2026 convivii
489 1975 616 2045 (θαλίας)-
654 1981 711 2038 Qua
737 1993 769 2028 en
796 1980 940 2028 imitatione
969 1981 1025 2043 ipsa
1051 1983 1178 2044 equidem

100 2067 152 2111 χον,
163 2053 400 2121 συμποσίαρχον)
415 2049 543 2100 allocutus
554 2055 617 2115 poe-
654 2052 747 2114 colligo
778 2055 863 2102 totum
897 2056 1082 2114 argumentum
1117 2071 1177 2107 esse

101 2128 284 2185 ammonet,
315 2129 345 2176 ut
371 2126 469 2189 quibus
490 2125 572 2174 rebus
590 2126 616 2174 in
653 2127 780 2176 ficticium
814 2139 845 2174 ac
878 2125 978 2176 liberae
1015 2132 1178 2193 φαντασίας

100 2204 160 2250 ianm
187 2202 303 2263 trigone,
334 2213 388 2263 quo
414 2201 500 2252 omnis
526 2211 617 2249 rerum
653 2200 756 2250 ludum.

100 2279 181 2325 natura
204 2277 347 2325 contracta
373 2276 473 2338 rigeat,
500 2275 615 2324 maxime
688 2274 710 2322 ι.
739 2273 791 2336 stet]
820 2275 870 2322 Per
895 2275 1024 2322 aestatem
1052 2275 1077 2323 in
1104 2274 1177 2326 caelo

100 2363 155 2411 opus
179 2365 239 2401 esse
264 2350 405 2409 videatur,
428 2351 460 2399 iis
485 2350 615 2399 maiorem
653 2345 743 2397 italico
761 2348 866 2396 montes
888 2343 1084 2410 longinquiores
1102 2351 1178 2412 quasi

99 2435 178 2473 aarum
194 2425 339 2483 adhibeat,
359 2423 459 2474 scilicet
470 2425 543 2487 igne,
563 2434 615 2486 quo
652 2435 703 2486 per
719 2419 844 2470 nebulam
857 2433 889 2468 ac
897 2433 1024 2483 vaporem
1038 2427 1176 2486 apparent,

100 2500 263 2562 extrinsecus,
286 2503 316 2549 et
332 2501 402 2557 tino,
421 2513 475 2562 qno
491 2499 616 2548 intrinse-
652 2496 744 2546 formis
767 2494 915 2544 obscuratis
941 2509 973 2546 ac
994 2509 1078 2560 prope
1101 2502 1178 2549 exte-

100 2585 138 2621 rus
153 2574 222 2624 calor
238 2574 329 2639 possit
345 2575 449 2635 augeri,
472 2571 569 2622 deinde
586 2573 616 2619 ιιι
652 2570 753 2626 nuatls;
781 2569 869 2618 hieme
887 2581 951 2618 vero
968 2575 1050 2629 etant,
1079 2570 1106 2620 id
1126 2575 1175 2632 est,

100 2650 176 2696 cetera
213 2649 286 2698 divis
329 2649 500 2710 permittat.»
553 2645 615 2695 Aliis
653 2645 712 2693 nive
730 2657 793 2693 oum
810 2645 928 2704 rigeant,
956 2645 1003 2694 toti
1025 2646 1093 2696 nivei
1114 2647 1175 2708 sint,

102 2721 248 2772 Marcius
274 2735 377 2771 nomen
396 2721 503 2771 videtur
524 2721 615 2770 fletum
652 2717 723 2768 clare
751 2718 955 2780 conspiciuntur.
991 2719 1065 2768 Stare
1086 2722 1176 2770 autem

100 2794 264 2846 adolescentis
295 2796 404 2846 formosi
433 2796 469 2858 (ut
494 2795 616 2844 Xanthioi
652 2805 733 2854 saepe
760 2792 794 2841 de
820 2804 849 2840 re
876 2791 982 2841 horrida
1013 2796 1058 2842 aut
1083 2793 1174 2856 rigida.

101 2867 134 2916 ille
147 2871 276 2934 Ριοεοιιι),
301 2883 384 2932 quem
405 2869 439 2918 ad
458 2868 558 2918 laetum
574 2869 616 2916 vi·
652 2863 778 2928 Exempla
804 2864 943 2927 virgiliana
967 2865 1070 2928 collegit
1094 2869 1177 2930 Wag-

100 2946 134 2991 ιιι
149 2958 225 2993 nsum
243 2945 411 2994 exhortetur.
441 2943 517 3002 Quod
529 2941 616 2991 Ober-
653 2953 701 2989 ner
718 2938 753 2988 ad
770 2937 857 3000 Eclog.
877 2940 900 2998 7,
920 2940 960 2988 53.
979 2941 1053 2989 Stant
1068 2946 1092 2990 at
1108 2943 1177 2990 iani-

101 3015 136 3065 lini
151 3019 232 3068 codd.
250 3029 370 3084 puerum
383 3017 615 3080 buncspeelosum
650 3015 706 3075 pari
722 3018 745 3062 et
756 3019 888 3062 castaneae
898 3013 1015 3062 trimatae.
1035 3015 1073 3064 De
1086 3017 1175 3065 monte

101 3089 210 3143 iberiam
238 3093 323 3143 tuisse
346 3091 465 3151 tradunt,
489 3091 516 3140 id
536 3091 614 3140 unice
653 3092 683 3138 ut
706 3090 749 3138 bic
775 3090 889 3152 positum
916 3091 957 3139 est
977 3090 1042 3139 Aen.
1066 3091 1090 3148 6,
1112 3090 1174 3140 iil:

100 3171 195 3228 propter
220 3170 353 3216 Graecam
380 3167 437 3216 eius
460 3163 616 3229 appellatio·
654 3165 736 3224 ouem
752 3163 773 3210 si
790 3163 856 3210 dara
872 3163 935 3210 silae
951 3167 996 3211 aot
1012 3167 1057 3211 stat
1072 3166 1177 3224 Maipa-

101 3251 153 3290 nem
175 3255 235 3292 esse
264 3240 366 3290 iactum
391 3239 504 3288 videtur.
548 3238 615 3288 Nihil
652 3238 793 3285 ιίαοαιιιιιι.
814 3237 854 3295 tl,
868 3235 928 3286 tot:
947 3237 1177 3298 stotpuivereeae-

100 3317 177 3363 eutem
193 3317 219 3364 in
236 3317 299 3379 ipse
316 3313 434 3362 carmine
447 3315 524 3373 inest,
543 3312 616 3375 quod
652 3313 717 3370 lom,
746 3310 828 3371 eriget
852 3306 961 3372 pulvere
987 3310 1042 3358 sive
1068 3307 1177 3371 plenum

101 3399 140 3436 nos
171 3403 232 3438 cum
261 3387 455 3450 interpretibus
483 3386 615 3437 nonnuliis
653 3388 695 3434 est
723 3383 833 3448 pulvere
862 3384 938 3445 quasi
966 3381 1094 3431 immobili
1126 3395 1177 3431 nee

101 3464 204 3512 saluere
230 3463 324 3524 cogat,
348 3461 616 3522 eiusquaslseenam
653 3471 746 3508 mrsus
764 3456 934 3506 desidentes
968 3457 1059 3505 Wron.
1084 3456 1110 3506 in
1127 3456 1174 3506 Ed.

102 3535 311 3587 iaedolescentis
328 3534 402 3593 villa,
430 3548 483 3583 non
504 3536 529 3584 in
547 3534 615 3585 urbe
653 3534 716 3583 min.
764 3530 897 3579 Audacius
923 3529 1015 3588 eliam,
1046 3531 1075 3578 ut
1099 3528 1175 3590 solet,

102 3609 171 3659 Roma
203 3626 218 3660 e
248 3613 330 3674 po'e'ta
359 3607 515 3658 collocatam
544 3623 613 3659 esse.
653 3609 774 3656 Lucanus
802 3605 826 3661 2.
858 3604 917 3652 ⁴03:
953 3603 1010 3652 Stat
1041 3617 1118 3654 eram
1150 3605 1177 3653 in

102 3682 203 3747 Tempus
224 3697 282 3748 quo
305 3683 356 3733 boc
377 3695 487 3732 carmen
504 3696 616 3746 compo-
652 3680 756 3741 teinplis.

102 3758 157 3813 mit,
181 3760 314 3808 incertum
341 3758 390 3806 ast.
426 3756 569 3806 Groteiend
589 3759 616 3806 et
685 3755 710 3802 ι.
741 3754 846 3801 Soracte
862 3765 939 3802 mons
958 3753 1016 3802 llll.
1035 3752 1120 3817 pedes
1137 3750 1177 3801 al-

102 3830 267 3882 ll'alckenaer
291 3831 411 3880 referunt
435 3830 470 3879 ad
495 3845 520 3879 a.
543 3845 569 3881 ιι.
589 3844 612 3879 e.
652 3830 695 3878 tus
713 3828 740 3876 in
758 3825 855 3876 finibus
878 3826 1051 3888 Faliscomm,
1074 3828 1100 3876 in
1122 3837 1176 3888 quo

103 3903 142 3953 ill
157 3905 196 3955 sel
213 3908 278 3964 725,
304 3904 613 3965 attenuandam,
652 3898 743 3964 Apollo
775 3899 913 3950 colebatur
939 3901 1011 3962 (Aen.
1042 3901 1088 3960 ll,
1113 3899 1174 3947 785:

103 3976 275 4042 billenburger
298 3979 372 4029 haud
394 3980 427 4028 ita
451 3977 534 4028 multo
554 3980 616 4042 post
652 3976 753 4025 &mana
777 3977 862 4035 dean,
889 3976 970 4024 tancti
993 3977 1075 4022 castos
1095 3973 1177 4020 Sora-

104 4050 286 4115 l’bilippensem
319 4065 445 4116 pugnam.
489 4053 615 4102 Ceterum
652 4053 698 4100 ctis
718 4049 814 4113 Apollo)
832 4048 900 4098 ultra
924 4049 1009 4098 xxiv.
1029 4044 1083 4096 mil.
1102 4057 1173 4110 pass.

103 4123 208 4176 nnitatus
224 4131 266 4176 est
282 4126 410 4176 Alcaeum
427 4125 498 4189 apud
518 4125 613 4175 Athen.
653 4124 687 4173 ab
705 4123 788 4184 Urbe,
813 4121 862 4172 sed
880 4135 911 4171 ex
930 4135 961 4170 ea
985 4121 1019 4182 (in
1037 4133 1103 4183 qua,
1123 4132 1175 4168 non

105 4198 138 4243 ta.
153 4213 179 4262 p.
191 4200 247 4250 idi).
267 4204 301 4264 (p.
315 4201 372 4250 95⁴.
386 4199 474 4262 Dind.)
493 4200 615 4260 etBerpir
653 4199 716 4254 ruri.
736 4209 816 4246 scena
835 4195 958 4244 canninis
971 4193 1082 4256 fingitur)
1100 4192 1175 4241 facila
