2934 4884
674 374 802 423 llOllAl'll
820 372 988 426 cantilauit

643 778 876 841 (im
905 780 997 841 KV·

419 950 504 1018 Uxor
525 950 678 1035 pauperis
701 948 809 1037 Ibyci,

461 1069 602 1136 Tandem
624 1070 786 1158 nequitiae
807 1069 869 1158 fige
891 1070 1023 1136 modum
1046 1080 1119 1137 tuae

419 1192 630 1281 Famosisque
652 1190 833 1259 laboribus:

462 1316 584 1381 Maturo
606 1315 741 1401 propior
761 1311 873 1379 desine
897 1314 999 1379 iuneri

420 1474 505 1538 Inter
525 1471 639 1539 ludere
660 1472 802 1558 virgines

462 1594 499 1657 Et
521 1592 620 1657 stellis
643 1590 793 1657 nebulam
815 1612 968 1679 spargere
991 1593 1146 1659 candidis.

360 1734 411 1783 XV.
431 1736 512 1785 inser.
531 1732 599 1797 volg.
626 1734 655 1783 ln
672 1734 780 1784 Clitorio.
802 1759 828 1767 -
857 1736 895 1785 Ad
911 1734 1048 1785 Chloridem
1065 1734 1166 1785 libSTc⁴
1187 1761 1216 1770 -
1242 1736 1266 1785 2.
1284 1736 1342 1800 ppei

323 1822 388 1871 pone
404 1807 452 1867 bT,
470 1821 539 1859 unus
557 1810 677 1872 Cmquii,
697 1812 752 1860 tres
769 1812 893 1864 Pottierii.
912 1812 974 1873 (non
990 1811 1062 1873 use.)

326 1928 378 1981 xv,
419 1930 558 1981 Moechum
586 1930 701 1982 vetulam
734 1937 835 1991 etiami
882 1932 959 1982 b-l.
978 1932 1069 1995 tudere]
1089 1929 1251 1981 «lascivire.-
1264 1930 1376 1981 Publius

294 2008 402 2071 propter
417 2005 475 2056 eius
493 2006 607 2069 inopiam
619 2007 709 2058 iocose
723 2009 816 2059 trado·
850 2008 933 2070 Syrus
950 2004 1000 2056 te:
1028 2006 1096 2055 doio
1116 2020 1174 2055 aori
1194 2005 1274 2067 ludu,
1300 2008 1377 2055 morti

294 2082 338 2130 eit.
356 2082 387 2131 Ut
397 2082 503 2146 tempus
519 2082 717 2145 compositionis
735 2084 816 2147 (quod
851 2080 952 2131 dotans
966 2080 1038 2143 [ecit
1053 2108 1080 2115 -
1098 2080 1131 2130 at
1146 2079 1228 2143 stollis]
1247 2080 1335 2129 «Dum
1347 2083 1376 2129 tu

294 2153 384 2205 volunt
403 2168 464 2206 esse
480 2153 524 2205 alii
542 2170 567 2205 a.
584 2156 655 2217 7³2,
673 2155 716 2207 alii
732 2158 814 2221 735.),
850 2154 931 2205 liliam
948 2156 1071 2205 comitata
1088 2157 1114 2205 te
1132 2155 1267 2205 immisces
1279 2153 1377 2217 puellis

294 2229 332 2279 sic
350 2229 518 2293 ignoramus,
546 2233 634 2281 utrum
660 2231 764 2285 Chloris
790 2237 817 2283 et
850 2232 937 2279 aetate
955 2228 1127 2290 florentibus,
1150 2242 1243 2279 earum
1260 2230 1376 2278 nitorem

295 2304 390 2355 Phololt
407 2318 539 2368 personae
556 2306 608 2357 sint
624 2306 715 2369 lictae,
735 2322 770 2359 an
786 2322 815 2358 re
850 2305 887 2354 ita
908 2302 1053 2355 obscurare
1074 2302 1158 2364 soles,
1185 2306 1215 2353 ut
1232 2316 1266 2353 ne
1283 2304 1312 2352 in
1328 2302 1378 2352 illis

293 2390 357 2429 vera
382 2377 501 2439 Chloris,
531 2383 675 2444 autequam
703 2382 817 2433 nuberet
850 2378 959 2443 quidem
971 2375 1182 2442 contemplandis
1192 2376 1307 2427 libenter
1324 2378 1377 2428 im-

294 2453 394 2503 homini
405 2454 492 2515 tenui,
511 2468 592 2517 quem
604 2454 716 2518 Ibycum
728 2458 816 2507 nomi-
850 2466 1013 2504 moremur.»
1033 2479 1060 2488 -
1089 2451 1207 2515 Plioioe‘ir]
1234 2453 1322 2511 «Non,
1355 2454 1377 2501 si

294 2530 352 2587 nat,
364 2530 481 2591 poetam,
494 2527 599 2579 ultionis
610 2530 683 2580 haud
693 2530 814 2593 oblitum,
851 2528 915 2592 quid
930 2524 1012 2577 tiliam
1028 2528 1101 2576 tuam
1118 2525 1209 2583 decet,
1227 2525 1301 2576 idem
1311 2538 1378 2590 pro-

294 2600 434 2666 aliquando
452 2602 548 2652 acriter
564 2602 712 2655 offenderit.
850 2606 942 2668 pterea
953 2602 979 2652 in
990 2603 1018 2651 te
1027 2613 1134 2664 quoque
1142 2598 1250 2665 placere
1258 2602 1375 2665 potest·

328 2677 352 2725 t.
378 2674 510 2739 pauperie]
550 2676 607 2725 Non
636 2678 756 2729 «honesti
784 2692 816 2729 ao
850 2676 953 2729 acerbe
978 2676 1056 2725 matri
1081 2675 1143 2724 anui
1168 2674 1251 2725 tiliam
1272 2673 1377 2725 tormo-

295 2749 417 2810 tenuisn,
435 2752 465 2799 ut
475 2750 512 2799 ait
522 2748 627 2811 schol,
647 2750 696 2801 sed
706 2755 817 2818 propter
851 2764 910 2803 sam
930 2750 1046 2814 opponit.
1082 2748 1183 2799 Eodem
1204 2751 1297 2799 autem
1312 2748 1378 2798 Pio-

295 2824 382 2873 mariti
406 2836 513 2887 quoque
535 2826 733 2888 paupertatem,
764 2840 816 2876 non
850 2828 901 2876 loci
925 2824 1033 2874 nomine
1057 2824 1139 2873 utitur
1163 2822 1211 2873 od.
1237 2823 1266 2885 l,
1285 2822 1332 2883 33,
1351 2824 1376 2872 7.

294 2896 380 2947 solum
405 2901 515 2961 propter
539 2900 655 2949 aetatem
672 2898 818 2950 modestior
852 2900 899 2951 0d.
918 2900 949 2957 2,
968 2900 997 2957 a,
1016 2898 1057 2946 tr.

296 2972 404 3022 tandem
421 2972 467 3022 liat
483 2974 564 3036 optat.
884 2974 909 3023 9.
926 2972 1073 3036 ltopupnot]
1091 2972 1199 3036 Proprie
1211 2970 1331 3035 intelligo
1343 2972 1377 3021 de

327 3046 399 3097 Η.
411 3046 544 3111 mamitos]
558 3046 673 3099 «effusae
690 3046 816 3099 libidini.»
852 3048 1024 3099 meretricum
1036 3044 1210 3110 petulantium
1222 3048 1380 3097 commissa-

296 3120 369 3170 Ovid.
382 3124 412 3170 Α.
425 3123 456 3170 Α.
469 3120 499 3182 2,
516 3120 579 3171 392:
597 3122 648 3171 Noc
664 3122 714 3171 sim
729 3123 819 3184 morei-
851 3121 967 3173 tionibus
989 3121 1041 3170 ioci
1064 3132 1145 3171 causa
1167 3120 1202 3170 ad
1218 3118 1378 3172 adolescen-

296 3196 346 3245 tiae
358 3194 532 3259 (concubitus)
545 3200 658 3258 tempora
669 3202 740 3247 certo
750 3202 817 3247 moe.
853 3198 919 3248 tium
943 3196 1014 3247 iores
1039 3196 1075 3245 ita
1091 3195 1196 3255 ductis,
1223 3198 1254 3245 ut
1269 3194 1337 3247 alios
1353 3197 1379 3246 hi

299 3298 325 3307 -
344 3270 432 3333 Fipere
447 3272 549 3320 modom
564 3282 613 3334 pro
631 3273 817 3333 «constituere,
853 3270 974 3323 solebant
999 3270 1147 3320 amicarum
1170 3273 1264 3320 ianuas
1287 3270 1380 3320 effrin-

295 3357 415 3409 ponere·
433 3345 497 3395 dixit
514 3346 594 3395 etiam
612 3346 666 3395 Cic.
686 3344 778 3395 Parad.
791 3346 816 3406 3,
853 3358 925 3410 gere.
944 3344 993 3396 Alii
1006 3345 1130 3408 figurate:
1150 3341 1282 3395 «Mulieris
1294 3344 1380 3396 torma

295 3421 319 3470 2.
338 3418 412 3484 (Pom
423 3418 506 3469 codd.
521 3418 580 3482 aliq.
595 3421 637 3469 est
654 3432 669 3469 e
686 3418 776 3483 gloss.)
787 3444 815 3455 -
853 3420 966 3471 telorum
984 3420 1067 3470 instar
1081 3419 1153 3469 viros
1170 3420 1252 3469 etiam
1267 3418 1380 3469 tortissi-

295 3494 431 3559 obceno]
462 3494 633 3545 «meretriciis
650 3493 752 3544 aribus
769 3492 817 3543 tibi
853 3492 1296 3556 moseauciatatquelabefacut.·
1326 3494 1379 3543 sed

295 3569 344 3633 ipsi
367 3568 502 3633 paullatim
523 3568 672 3618 senescenti
699 3566 818 3618 molestis
852 3568 916 3619 illud
925 3568 1001 3632 longe
1011 3568 1145 3618 efficacius
1154 3569 1181 3617 et
1190 3567 1224 3617 ad
1234 3566 1303 3619 illius
1312 3571 1380 3617 tem-

296 3645 323 3693 et
339 3641 373 3691 ab
391 3642 515 3694 omnibus
531 3643 584 3692 ianr
603 3641 671 3692 mala
688 3642 758 3692 lama
769 3656 819 3692 no·
852 3645 924 3708 poris
931 3656 1020 3695 mores
1027 3642 1265 3694 accommodatius.
1275 3642 1378 3693 Seneca

297 3717 381 3767 tatis·
397 3744 423 3752 -
439 3716 549 3780 Maturo]
568 3716 695 3766 numiam
712 3716 760 3766 tibi
776 3718 818 3766 in·
853 3719 937 3769 Praei.
961 3718 996 3769 ad
1012 3720 1069 3769 Nat.
1089 3719 1196 3777 Quaest.
1215 3716 1246 3769 l:
1276 3718 1380 3780 &iopas

295 3789 815 3853 stanti.»-sooeniNicarchusinAntb
852 3793 982 3843 Possim
1003 3805 1077 3855 some
1103 3791 1210 3853 ἀιωὸαι,
1237 3792 1381 3843 adulam

296 3864 348 3917 Pal.
368 3868 398 3915 ll.
416 3878 443 3929 p.
462 3863 523 3916 stt:
534 3859 667 3929 Ἤκμασε
677 3861 815 3931 Νικονόη.
853 3882 898 3919 nos
914 3880 1051 3930 opponere,
1079 3882 1130 3917 oon
1146 3868 1262 3917 claudere
1277 3870 1379 3924 ostiens,

295 3934 374 4007 κάγώ
402 3938 482 4006 λέγω.
521 3932 636 4005 ἤκμασε
671 3938 694 3989 δ’
723 3933 816 4005 αὐτή,
853 3948 877 3992 ct
895 3942 1268 4005 pidomdcqoonmmwwn
1287 3944 1381 4005 opponi

293 4012 390 4067 Ἡνικα
416 4013 578 4067 Δευκαλίων
603 4009 728 4065 ἄπλετον
746 4011 819 4065 εἶδεν
853 4017 1033 4078 omicoesolet,
1047 4030 1124 4078 puae,
1141 4017 1286 4079 ιίιιιιρνιιι,
1303 4022 1380 4081 proto

296 4084 380 4161 ὕδωρ.
410 4088 506 4143 Ταῦτα
522 4088 576 4156 μὲν
593 4082 646 4142 οὖν
663 4086 747 4156 ἡμεῖς
764 4084 818 4140 οὐκ
853 4097 901 4152 est,
918 4091 1034 4155 protior,
1052 4092 1074 4141 si
1090 4092 1196 4156 effrepit.

297 4162 426 4230 οἴδαμεν,
444 4160 504 4217 ἀλλ’
523 4160 567 4217 ὅτι
580 4162 688 4231 ταύτην
700 4158 759 4215 Οὔκ
771 4158 819 4213 ἄν·
887 4166 926 4215 lli.
958 4164 1059 4229 Μαι]
1088 4166 1165 4216 Ηοιιι.
1189 4166 1287 4228 llymn.
1316 4168 1376 4216 Cer.

295 4236 349 4309 δρα
365 4242 457 4304 ζητεῖν
469 4238 519 4291 νῦν
536 4231 610 4301 Ιἶὲιιει,
629 4234 701 4289 ἀλλὰ
712 4236 815 4301 τάφον.
854 4239 917 4289 387:
935 4232 1008 4303 ”Htg’
1020 4232 1092 4303 ἠΰτε
1102 4236 1209 4304 μαινὰς
1220 4233 1292 4309 ὄρος
1303 4234 1377 4289 κατὰ
