2934 4884
629 347 757 396 llOlirlTll
775 346 942 396 cauturium

592 657 1027 769 cumanum

413 877 444 942 Ο
465 885 567 942 matre
588 874 723 963 pulchra
744 874 809 940 iilia
830 873 1010 962 pulchrior,

415 999 520 1076 Quem
541 996 721 1064 criminosis
743 1017 872 1084 cunque
893 995 983 1062 voles
1006 995 1138 1062 modum

309 1197 373 1246 livi.
408 1197 491 1246 lusor.
509 1193 578 1258 rolg.
611 1194 751 1245 Paltaodio.
770 1221 797 1230 —
815 1195 853 1245 Ad
869 1195 1035 1256 Tyndariden
1051 1195 1076 1244 S.
1106 1221 1132 1230 -
1148 1195 1187 1244 Ad
1206 1193 1296 1244 Tinda-

275 1271 348 1320 videa
367 1271 462 1334 sociem
486 1271 627 1320 iamborum
643 1274 732 1332 polea.
757 1269 785 1319 T.
811 1297 838 1306 —
861 1269 992 1320 Palinodto
1014 1269 1145 1320 Gratidius
1169 1269 1204 1318 od
1231 1269 1296 1330 lba-

275 1346 389 1398 doridom
405 1347 515 1396 omisero
529 1344 614 1397 codd.
634 1345 688 1395 duo
704 1345 842 1395 Torrentii.

274 1523 340 1573 XVI.
370 1523 490 1574 Amicum
505 1521 681 1574 Archilochiis
698 1524 767 1573 iana
802 1519 875 1584 βους
889 1519 1040 1572 Archilochi
1051 1523 1128 1571 vocat
1136 1519 1268 1584 Meleager
1278 1521 1328 1586 Ep.

243 1597 285 1648 bis
302 1610 318 1646 a
334 1597 514 1658 scotiensam,
532 1600 649 1648 erratum
664 1597 768 1647 confes-
805 1595 870 1656 lli),
897 1595 921 1644 7.
948 1597 1003 1646 Art.
1035 1599 1106 1660 poet.
1137 1595 1186 1645 79:
1218 1597 1330 1646 Archilo-

242 1684 299 1731 sus,
316 1671 492 1722 reconciliare
503 1673 553 1722 sibi
565 1672 662 1722 studet.
690 1670 766 1731 Quod
803 1671 876 1720 clean
887 1672 994 1733 proprio
1009 1671 1092 1720 robios
1107 1671 1217 1720 emacuit
1235 1671 1328 1721 morbo.

242 1744 404 1796 scholiastae
413 1746 593 1808 Tyndaridem
603 1745 674 1796 illam
686 1745 767 1795 luisse
805 1743 897 1794 Catuli.
915 1744 957 1810 36,
979 1747 1003 1794 b.
1039 1745 1272 1795 Crtmiaoslssimam
1295 1745 1330 1794 li-

243 1819 336 1869 dicuut
358 1819 512 1884 habentque
535 1820 620 1871 codd,
649 1819 768 1870 nonnulli
804 1819 877 1868 muru
898 1819 962 1869 dixit
983 1819 1062 1870 etiam
1085 1821 1156 1870 Suet.
1181 1821 1258 1871 Caes.
1285 1820 1327 1870 75.

242 1895 279 1944 od
296 1895 473 1956 Tyndaridem,
499 1894 526 1945 id
547 1907 614 1945 vero
636 1896 686 1945 etsi
702 1909 768 1960 pro-
805 1895 930 1943 Celerum
946 1907 1008 1944 cum
1033 1896 1119 1944 totum
1141 1896 1330 1958 argumentum

242 1968 291 2019 but
300 1968 485 2030 Walckeneer,
500 1970 622 2033 precario
630 1973 767 2033 sumptum
804 1969 897 2019 fictum
914 1981 975 2019 erse
992 1968 1129 2029 videntur,
1148 1969 1197 2020 bos
1220 1981 1330 2032 quoque

243 2047 285 2095 est
312 2057 327 2094 e
352 2044 471 2094 carmine
504 2047 649 2108 sequente;
677 2045 768 2095 minus
804 2043 909 2094 iambos
927 2041 1329 2106 contumeliososnunquamab

244 2119 325 2170 etiam
341 2117 480 2182 probabile
493 2118 581 2170 Sobol.
595 2121 676 2183 cmo,
696 2133 770 2170 com·
805 2118 912 2168 lloratio
923 2119 1038 2181 scriptos
1047 2132 1107 2169 esse
1119 2121 1330 2170 consentaneum

243 2195 382 2254 mentum,
415 2194 558 2246 Gratidiam
581 2207 603 2246 s.
630 2194 768 2244 Canidiam
805 2196 855 2243 est.
890 2193 997 2243 Frustra
1014 2195 1087 2242 certe
1105 2207 1151 2244 eos
1166 2205 1280 2256 quaeres
1301 2193 1330 2244 in

242 2280 334 2331 sagum
362 2268 512 2330 significari.
557 2269 655 2330 «Quod
676 2272 767 2318 autem
805 2266 916 2330 Epodis;
942 2279 1105 2330 quamquam
1123 2267 1266 2318 Groteiend
1282 2279 1330 2316 re-

241 2345 330 2393 Acron
346 2342 422 2394 dicit:
449 2345 521 2394 Hanc
538 2345 600 2394 oden
622 2345 649 2393 tu
665 2345 768 2406 salisso—
805 2341 856 2391 iert
866 2340 901 2390 ad
913 2339 995 2405 Epod.
1011 2341 1066 2398 lb..
1083 2343 1183 2392 Fruuke
1196 2341 1229 2391 ud
1241 2341 1327 2406 Epod.

241 2419 348 2467 cimona
365 2419 428 2481 socie
446 2420 544 2468 mulceo
567 2432 685 2480 moon,
712 2417 770 2467 lmi-
806 2415 845 2464 li.
861 2417 893 2479 (v.
905 2415 954 2478 la]
973 2417 1019 2466 Est
1029 2417 1098 2465 inter
1109 2415 1205 2466 multas
1217 2429 1261 2466 eas
1272 2429 1328 2478 res,

241 2497 309 2541 totae
337 2493 504 2542 Stesichorum
531 2494 598 2542 cet:
630 2492 768 2543 Horatium
805 2502 871 2552 quas
909 2503 980 2539 nunc
1011 2503 1122 2554 prorsus
1159 2490 1327 2552 ignoramus,

242 2565 316 2616 idem
341 2567 449 2629 iecisse,
475 2567 549 2630 quod
570 2569 647 2617 antea
668 2567 770 2617 iecerat
806 2569 929 2628 quaeque
944 2565 979 2615 ad
995 2565 1078 2629 ipsius
1091 2565 1216 2615 carminis
1232 2563 1330 2614 intelli-

243 2640 427 2702 Stesicborus,
451 2644 554 2701 narrat;
577 2642 687 2692 minime
705 2640 770 2689 dicit
805 2640 920 2702 gentiam
937 2638 1000 2690 nibil
1018 2641 1137 2690 attinent.
1162 2639 1214 2689 Cir.
1232 2637 1331 2689 Dillen-

240 2713 315 2764 illum
345 2716 508 2766 llimerensis
537 2718 632 2779 poetae
665 2713 770 2780 palino-
804 2713 951 2777 burgerum
975 2729 1001 2779 p.
1020 2714 1061 2766 lo.
1089 2739 1117 2750 -
1134 2713 1243 2777 modun]
1267 2713 1329 2764 Sive

241 2789 314 2840 diam
321 2789 466 2842 imitatione
476 2793 626 2856 exprimere
634 2790 766 2840 voluisse»
805 2789 897 2838 lictum
910 2791 951 2840 est
961 2790 1147 2852 argumentum
1162 2801 1211 2838 seu
1222 2800 1328 2846 rerum,

244 2865 282 2924 (ut
304 2868 469 2927 acceperunt
492 2864 610 2916 nonnulli
632 2867 769 2928 Interpre-
805 2864 857 2914 boc
874 2863 951 2913 dicit:
972 2864 1081 2924 modum,
1106 2861 1329 2926 ssmemimpone

242 2937 302 2999 tes).
327 2939 407 2988 Esrml
425 2941 488 2991 lior.
507 2943 550 2991 Pr,
568 2953 595 3004 p.
614 2939 654 2990 33.
685 2940 767 2989 Recte
805 2939 872 2989 meis
905 2939 932 2989 in
965 2941 991 2988 te
1026 2937 1219 2992 carminibus.»
1262 2939 1330 2988 Num

241 3012 293 3061 bac
310 3011 344 3062 de
361 3027 391 3062 re
405 3011 768 3078 disputavitlloimanl’eerl-
805 3013 902 3076 quibus
925 3012 1007 3064 robus
1031 3013 1128 3063 modus
1151 3013 1270 3076 ponitur,
1299 3015 1331 3064 ut

241 3087 321 3150 lmmp
339 3086 374 3136 ud
387 3101 413 3138 v.
433 3089 472 3138 43.
496 3090 534 3139 lta
549 3102 613 3152 ergo
630 3087 769 3139 dumtaxat
804 3089 868 3150 irae,
884 3087 975 3150 luctui,
993 3089 1087 3150 amori,
1109 3087 1243 3137 desiderio
1270 3086 1327 3149 (οᾱ.

241 3160 441 3225 intelligendum
458 3162 700 3214 celebratissimum
718 3175 768 3226 pa·
805 3164 829 3223 l,
855 3162 896 3224 nl,
924 3163 972 3226 4.),
1007 3177 1055 3213 eae
1084 3159 1162 3212 simul
1191 3161 1327 3212 liniuntur.

240 3236 355 3288 linodiao
364 3237 518 3302 exemplum
528 3238 609 3289 luisse
621 3235 694 3298 illud,
712 3250 767 3300 quo
804 3239 878 3288 liano
908 3239 1040 3288 rationem
1069 3236 1204 3298 uolgarem
1239 3233 1329 3286 «lelici

241 3313 409 3363 Stesichorum
421 3311 537 3363 lieleuae
549 3314 694 3364 criminoso
705 3324 767 3360 car·
803 3311 927 3362 audacius
951 3311 1084 3362 transtulit
1108 3313 1188 3361 etium
1211 3309 1245 3360 ad
1268 3323 1329 3360 car-

241 3387 313 3436 mine
335 3385 424 3438 laesae
439 3387 600 3452 deprecatus
614 3390 663 3438 est.
681 3387 714 3436 V.
732 3384 768 3436 ad
804 3386 884 3437 mina.
914 3388 969 3438 Cio.
984 3388 1059 3438 verr.
1075 3387 1100 3446 ἢ,
1119 3387 1143 3447 2,
1163 3385 1208 3437 68:
1227 3387 1330 3436 modian

241 3461 325 3526 Epod.
341 3461 366 3522 7,
384 3461 425 3513 la.
461 3464 528 3513 Nam
551 3463 691 3526 utriusque
710 3475 768 3511 κα·
804 3467 827 3511 et
841 3464 916 3526 finem
930 3463 1021 3526 socero
1057 3461 1103 3511 Est
1117 3461 1208 3523 igitur:
1230 3457 1328 3510 mbole

241 3532 373 3600 λινῳδιας
397 3537 454 3586 toto
467 3550 567 3599 genere
591 3539 671 3600 etque
687 3549 768 3600 argu-
803 3535 870 3598 illos,
889 3535 1018 3598 nivolus,
1036 3536 1092 3586 eive
1110 3533 1256 3585 cremando
1270 3535 1328 3585 sive

242 3609 333 3658 mento
365 3612 502 3672 spectato,
534 3611 628 3674 quou's
656 3611 767 3675 pignore
805 3611 831 3660 in
848 3623 922 3660 mare
940 3609 1114 3664 deliciando.»
1141 3611 1330 3660 luvatmemo-

241 3682 404 3732 contendere
421 3679 498 3744 licet,
517 3697 551 3732 ex
567 3685 719 3735 stesichoro
730 3685 769 3735 ni·
804 3699 864 3736 rare
885 3685 1023 3736 mirificam
1045 3684 1131 3735 lloim.
1154 3683 1328 3750 Peerlkampii

242 3755 279 3807 bil
292 3767 403 3820 prorsus
419 3757 534 3805 mutuari
549 3759 668 3819 potuisse
685 3759 769 3810 liora-
805 3761 887 3810 coni:
914 3762 982 3822 Quos
997 3759 1136 3810 criminosis
1151 3773 1248 3822 amque
1263 3760 1330 3810 uoles

242 3832 316 3880 tium.
344 3829 391 3891 (De
416 3829 495 3880 inser.
518 3830 602 3880 Codd.
624 3834 696 3883 Torr.
718 3833 765 3884 cir.
804 3835 884 3884 modis
908 3837 1003 3886 Poenos
1026 3834 1133 3896 parabas
1158 3837 1210 3885 cel.
1257 3832 1327 3884 Talia

241 3904 343 3957 Weber
357 3905 444 3953 floras
462 3917 490 3968 p.
509 3905 576 3968 ⁴59.)
596 3905 711 3971 Tempus
730 3911 769 3959 in·
805 3911 878 3960 euim
894 3911 978 3973 magis
994 3910 1073 3960 etiam
1085 3908 1231 3960 exhilarent
1247 3909 1329 3960 lecto-

243 3983 347 4030 certum
365 3981 499 4038 remanat;
525 3979 626 4030 Franke
651 3994 676 4030 a.
694 3995 720 4030 u.
741 3997 766 4034 c.
805 3997 863 4034 ram
880 3997 990 4034 necesse
1007 3985 1048 4034 est
1059 3985 1149 4035 iocoso
1160 3985 1187 4034 in
1199 3985 1326 4044 carmine,

242 4053 298 4115 725,
311 4053 441 4104 llirclmer
451 4053 509 4115 726,
522 4051 697 4104 Walckenaer
708 4056 767 4106 727.
805 4059 954 4110 cuiusmodi
972 4059 1024 4110 boc
1041 4061 1095 4122 est;
1114 4060 1140 4110 in
1152 4061 1222 4110 serio
1238 4059 1328 4110 huius-

805 4133 878 4184 modi
899 4133 1083 4185 beriolationer
1112 4133 1212 4184 reierre
1238 4133 1328 4197 piacu-

276 4203 300 4252 ἲ.
320 4203 343 4252 3.
362 4197 769 4278 ΜωίηοείεΗβριστῆραςῖάψ
805 4207 860 4258 lum
874 4208 949 4260 ioret.
972 4237 997 4246 —
1026 4207 1123 4274 morbo]
1141 4209 1183 4258 Sic
1200 4223 1250 4273 pro
1264 4213 1329 4272 poe·
