2934 4884
643 368 773 417 llOltA'l'll
791 366 959 419 CARMINUM

427 522 571 611 Angulus
592 522 688 598 ridet,
713 520 769 587 ubi
791 542 856 587 non
878 522 1029 610 Hymetto

428 643 521 711 llella
543 642 706 710 decedunt
726 642 888 730 viridique
910 650 1010 708 certat

555 765 641 830 Baca
666 762 817 841 Venafr03

427 926 490 991 Ver
510 922 566 989 ubi
588 921 719 1009 longum
740 920 932 1008 tepidasque
955 920 1091 1007 praebet

425 1044 569 1131 luppiter
590 1042 739 1119 brumas,
771 1050 803 1108 et
825 1041 948 1107 amicus
969 1040 1072 1107 llulon

424 1163 533 1231 Fertili
553 1163 680 1231 Baccho
702 1161 869 1228 minimum
891 1161 1034 1229 Falernis

319 1364 359 1415 48.
378 1364 484 1413 0444404444
499 1364 530 1413 N.
545 1361 681 1422 Heinsius,
700 1358 897 1423 0444448048.
916 1361 998 1421 conl,
1018 1358 1193 1421 «levissima»
1212 1361 1308 1424 inquit,

288 1440 475 1489 «mutatione»
501 1464 529 1474 -
554 1436 595 1487 49.
620 1437 719 1486 Fertilis
741 1435 825 1502 44,γμ,
847 1435 921 1484 Serv.
940 1433 975 1483 ad
999 1436 1064 1485 Aen.
1083 1434 1111 1483 3.
1131 1434 1198 1495 468,
1222 1433 1307 1484 Benss.

288 1516 328 1577 (tlt
343 1526 406 1572 404,
425 1511 511 1572 BSTd,
530 1512 597 1561 Pott.
616 1511 733 1571 novem.)
763 1537 790 1547 -
815 1509 921 1558 4404444444
937 1521 971 1557 ex
988 1520 1069 1573 pravo
1087 1510 1255 1559 correctione
1273 1508 1307 1565 ἀς

286 1588 358 1638 idem
376 1598 512 1651 supereor.
531 1588 557 1636 in
574 1586 603 1635 B.

286 1752 777 1815 ta.tt.rtecessanoiungendumnon
811 1752 895 1815 [440444
915 1750 1042 1802 ratem?
1069 1752 1137 1812 quod
1157 1752 1239 1801 0404444
1257 1751 1344 1800 Veno-

252 1840 337 1877 0444404
354 1832 497 1887 4444044444,
516 1827 565 1877 sed
576 1828 685 1889 anputm
696 1832 778 1877 torro-
812 1826 881 1890 troi)
900 1830 927 1876 et
942 1824 1024 1877 Plinio
1037 1827 1080 1887 tt,
1099 1826 1123 1875 3.
1137 1826 1269 1889 optimum
1282 1828 1344 1875 erat

251 1914 323 1963 44444,
341 1902 503 1965 utPropert
517 1900 542 1961 4,
559 1900 583 1962 s,
603 1900 647 1949 ot:
665 1901 778 1964 Aspidos
814 1902 883 1952 inter
900 1902 999 1951 omnia.

251 1975 291 2024 4440
315 1976 403 2025 mundi
427 1988 494 2025 444444
513 1988 554 2024 me
568 1988 626 2023 meo
647 1974 703 2037 sato
719 1979 777 2023 tra-
847 1976 929 2025 4840.
941 1972 1344 2038 444404]444044404144444444444-

250 2049 346 2098 4444044
361 2049 470 2111 4044444.-
495 2050 557 2099 tuoe
575 2048 638 2111 sesso
653 2050 700 2097 044
715 2048 777 2098 444444
813 2053 839 2100 ta
867 2050 1011 2099 Tarentum
1043 2048 1116 2098 lerax
1141 2048 1233 2113 optimi
1259 2048 1342 2097 vini.»

251 2128 408 2184 4444040444.
427 2122 519 2174 Vellei
532 2124 557 2184 2,
571 2123 631 2172 4044
651 2123 776 2172 4444444440
814 2125 905 2173 Soron.
920 2123 997 2179 Cnuo
1012 2120 1120 2173 44444444.
1132 2122 1176 2183 43,
1191 2123 1251 2171 4354
1265 2120 1345 2170 Nobi-

250 2210 282 2245 00
303 2198 467 2247 remotissimo
490 2202 619 2246 terram
641 2196 777 2246 04444444-
812 2198 843 2246 tis
864 2202 888 2246 et
909 2196 1014 2245 4044444
1035 2196 1192 2259 8000440144
1164 2195 1342 2247 4448444404

248 2272 372 2337 44440.-
395 2271 467 2334 videt]
490 2272 582 2321 4444444
605 2270 640 2320 444
661 2271 773 2321 Vestris
813 2273 860 2321 Det
872 2270 985 2332 pretiosa
1001 2270 1045 2319 4464
1061 2270 1167 2331 vellera,
1189 2270 1334 2319 0440444444.

250 2347 327 2409 Spur
346 2358 372 2409 p.
393 2345 449 2395 444
468 2343 568 2394 mavolt
583 2345 680 2406 44444444,
698 2343 776 2393 44444-
812 2346 898 2395 Nomo
918 2346 1009 2395 tomen
1027 2345 1244 2408 Googrephorum
1263 2358 1341 2395 44044-

249 2418 312 2468 licet
327 2421 439 2483 propter
455 2420 637 2469 4444444444-
608 2419 861 2483 -temllpmettm
813 2418 1003 2469 4444444404444
1025 2419 1157 2479 nominat;
1184 2422 1226 2469 est
1249 2419 1343 2482 potius

250 2491 322 2542 melli
350 2492 484 2554 Hymettio
517 2494 544 2541 444
574 2493 671 2554 Attica,
702 2494 776 2557 quod
814 2504 938 2543 recessus
966 2492 1119 2556 depressior
1145 2492 1260 2555 regionis
1288 2493 1343 2542 Ta—

250 2567 405 2616 etiamnuno
427 2565 579 2616 celebratur
601 2570 712 2631 proptor
728 2582 777 2617 oo-
813 2568 934 2617 reatinae
946 2580 1030 2631 prope
1043 2568 1176 2626 Saturum,
1195 2565 1274 2615 hodie
1287 2568 1345 2617 444-

249 2639 336 2690 lorem
354 2638 445 2689 album
462 2643 490 2689 et
507 2653 642 2690 summam
659 2640 777 2692 duloedi-
813 2642 867 2691 40440
890 2638 1042 2703 (Romanelli
1069 2641 1243 2703 Topopropttto
1267 2641 1287 2689 1.
1311 2655 1341 2705 p.

250 2728 322 2765 nem.
341 2712 392 2764 Mel
409 2716 501 2763 nutem
517 2716 689 2764 Tarentinum
707 2718 777 2781 opti·
813 2714 876 2765 3944
903 2716 964 2764 «sito
981 2714 1111 2775 4444444040,
1134 2714 1226 2764 celebre
1242 2728 1343 2765 ancora

250 2801 326 2839 mum
352 2787 416 2837 dicit
440 2789 467 2838 in
496 2788 569 2838 ltalia
593 2790 678 2839 Varro
704 2791 777 2855 opud
809 2790 850 2850 444
867 2789 923 2837 44404
937 2787 1038 2853 uinta),
1057 2790 1102 2850 qui
1120 2790 1231 2852 propter
1245 2788 1343 2839 vineas

250 2862 368 2916 llacrob.
387 2864 440 2912 844.
459 2863 488 2923 4,
509 2864 549 2913 ta.
563 2876 590 2927 p.
604 2862 661 2913 3644.
681 2864 777 2915 hodie·
813 2875 876 2913 suas
901 2862 997 2912 dicitur
1025 2863 1122 2911 04440444
1148 2876 1199 2911 esse
1225 2862 1340 2925 8044440,

250 2950 304 3002 que
322 2938 448 2987 eximium
466 2941 519 2998 est,
538 2940 568 2986 ut
582 2938 664 2989 etiam
675 2938 774 2989 oleum.
813 2935 959 2996 aBaooho‚
973 2934 1111 2986 fertilitatis
1124 2936 1225 2997 datore,
1243 2938 1340 2987 4444444.

250 3011 454 3061 Tarentiutrum
462 3010 777 3078 habueritvillomsepti·
813 3012 878 3063 stat.
896 3009 957 3060 Sllv.
970 3011 995 3071 3,
1013 3012 1039 3071 3,
1058 3010 1089 3061 l:
1108 3012 1165 3073 Quo
1180 3011 1283 3060 Bromio
1299 3012 1343 3059 444·

250 3085 333 3145 mius,
352 3086 383 3133 ut
399 3086 540 3148 opinentur
556 3085 687 3150 nonnulli,
709 3102 776 3139 neo-
812 3086 888 3136 444444
904 3097 968 3148 aper
983 3085 1104 3147 0044440444
1116 3098 1164 3146 per
1175 3086 1239 3135 444404
1252 3085 1343 3135 44444444

250 3172 297 3219 ne,
317 3172 366 3209 uos
384 3159 546 3221 ignoramus.
813 3164 836 3209 et
856 3158 935 3221 prelis
955 3172 1006 3208 404
1028 3160 1121 3207 invidet
1141 3172 1194 3208 4440
1213 3159 1339 3209 Fato-nis.

284 3234 324 3283 46.
343 3234 470 3297 decedam]
489 3234 600 3284 Decedlt
616 3238 724 3300 proprie
742 3238 774 3299 is,
813 3232 1014 3293 salustasse:
1032 3233 1253 3296 Alltsonmlooolto
1263 3234 1342 3283 4404444

251 3309 297 3372 qui
321 3309 378 3358 viro
406 3306 530 3372 ampliori
556 3310 582 3358 in
607 3311 650 3359 via
667 3310 776 3362 honoris
812 3309 939 3357 4404404444
955 3320 1026 3371 oper.
1061 3306 1197 3358 Claudiae.
1216 3308 1245 3357 ll.
1262 3307 1339 3356 Pros.

250 3396 333 3435 eausa
344 3382 433 3433 locum
445 3381 499 3433 dat.
515 3384 676 3445 -044444444444
687 3385 775 3448 certat]
812 3383 842 3442 3,
870 3382 931 3431 4084
961 3394 1066 3441 quarm
1088 3381 1259 3431 0440401004.
1298 3382 1340 3431 Do

251 3458 294 3507 Sio
315 3463 426 3519 4444044,
448 3470 567 3520 mvnere
588 3457 659 3521 opud
682 3461 776 3522 poetes
812 3454 970 3506 Autonoen.
989 3455 1119 3519 imprimis
1137 3455 1341 3517 Wagnerumin

250 3530 323 3580 haud
344 3544 405 3580 raro
429 3544 490 3581 cum
509 3530 606 3581 dativo.
630 3532 700 3595 virg.
718 3530 774 3583 Ecl.
812 3530 874 3579 Var.
892 3531 975 3579 Leott.
988 3531 1054 3579 4444.
1068 3529 1097 3589 3,
1116 3529 1173 3579 tte.
1192 3529 1256 3578 item
1271 3529 1342 3578 Lon-

250 3607 281 3663 6,
300 3603 324 3653 8.
343 3605 373 3665 8,
392 3606 432 3654 to.
452 3597 565 3665 4444.’4,
584 3605 628 3655 384
650 3606 777 3667 placitone
813 3604 930 3666 gum3‚
958 3604 1004 3653 344
1034 3567 1163 3666 44044ος
1187 3600 1227 3669 τῷ
1251 3598 1341 3667 asellos

250 3678 328 3728 044044
341 3678 466 3741 0449440644
479 3678 581 3727 04440443
813 3692 855 3727 av
846 3671 965 3726 'tate‘
949 3678 1052 3727 04404444
1050 3690 1139 3741 μενος
1157 3676 1198 3741 (al.
1213 3670 1342 3763 4544404444-

285 3751 325 3801 46.
350 3752 469 3815 44000]«
456 3752 539 3801 «Eius
564 3750 649 3802 olivae
673 3756 777 3804 certant
812 3752 908 3816 μενος)
921 3752 971 3801 44044
987 3742 1076 3801 τὸν
1056 3766 1132 3815 ηχον
1144 3752 1185 3813 εἰς
1195 3744 1322 3801 αυτὸν
1298 3766 1341 3813 ως

251 3838 314 3876 oum
331 3823 393 3886 illis,
412 3837 480 3887 quas
496 3825 621 3888 producit
631 3826 786 3877 Venafrum
814 3819 1156 3896 ὄργανονόεχόμενος.-
1169 3826 1343 3875 Amitae-Fer·

251 3902 342 3965 (4444444
356 3901 491 3965 propter
484 3911 541 3963 ipsa
553 3899 667 3964 oliveta),
687 3904 777 3951 extre-
812 3902 875 3962 44444,
896 3901 969 3964 quod
984 3900 1067 3951 habet
1078 3902 1159 3951 etlam
1170 3901 1278 3950 Servius
1289 3898 1306 3949 l.
1321 3898 1339 3949 l.

252 3987 327 4025 mum
344 3976 371 4025 tn
388 3973 601 4038 Septentrionem
615 3975 775 4039 Campaniae
813 3978 840 4027 et
862 3975 957 4027 llo'noh
981 3988 1066 4039 nuper
1088 3988 1182 4025 rursus
1203 3972 1339 4039 praetulit,

252 4048 380 4113 oppidum
390 4062 475 4113 prope
488 4049 659 4101 Minturnas.»
682 4048 775 4101 Oleum
813 4047 977 4099 intolerabile
995 4052 1036 4099 est
1058 4052 1169 4113 propter
1190 4048 1341 4097 orationem

252 4124 343 4171 autom
353 4123 531 4175 Venononum
542 4124 775 4173 tostootiamvar-
813 4125 891 4174 nimis
916 4122 1079 4187 pedestrem.
1120 4124 1220 4173 44444044
1240 4122 1340 4171 uocem

252 4206 317 4246 rone
335 4196 372 4258 (lt.
386 4199 414 4246 lt.
429 4198 458 4258 4,
477 4200 505 4247 84
526 4199 596 4261 Quod
611 4199 699 4248 04444444
714 4211 776 4248 0044-
812 4200 870 4249 viva
884 4201 925 4249 est
942 4202 1029 4262 imago
1046 4201 1156 4263 propter
1168 4208 1279 4249 sensum
1291 4194 1341 4243 hu-
