2934 4884
291 347 332 410 50
676 342 805 394 aonam
823 339 993 393 claumou

419 505 479 568 hut
502 500 651 588 Epheson
674 499 849 565 bimarisve
874 495 1016 562 Corinthi

333 625 457 690 Moenia
479 621 529 689 vel
552 620 680 687 Baccho
704 618 829 685 Thebas
850 615 901 682 vel
923 614 1068 703 Apolline
1090 613 1233 701 Delphos

423 744 566 830 insignes
590 751 645 808 aut
667 738 821 806 Thessala
848 740 976 823 Tempe.

333 904 420 980 Sunt,
444 901 563 990 quibus
586 921 685 966 unum
706 918 790 985 opus
805 906 874 974 est,
900 896 1041 961 intactae
1057 892 1195 960 Palladis
1211 890 1326 958 urbem
1363 895 1386 955 5

415 1023 563 1089 Carmine
586 1029 745 1108 perpetuo
768 1016 937 1084 celebrare
960 1025 993 1080 et

353 1202 378 1250 ί.
396 1201 520 1262 Ephesum
537 1197 623 1257 bSTc,
642 1197 713 1246 LCtF
731 1198 759 1246 et
774 1193 858 1245 Bentl.
878 1193 1001 1257 (Epheson
1012 1192 1068 1243 ctd
1079 1193 1244 1251 Bersmanni,
1259 1192 1345 1254 Lipss.

322 1275 394 1336 duo.)
416 1302 443 1310 -
462 1275 487 1323 h.
506 1272 601 1336 arbem]
620 1284 704 1320 arcem
722 1269 778 1320 Cld
796 1271 910 1330 Bersm.‚
929 1281 1000 1318 arces
1016 1267 1132 1317 Pettierii
1148 1266 1164 1318 l
1182 1269 1210 1317 et
1221 1267 1261 1328 λλ,
1280 1266 1346 1316 item

321 1362 383 1398 cum
399 1349 416 1396 k
434 1350 461 1398 et
478 1345 617 1396 «Lambini
635 1343 754 1407 aliquot»
773 1343 855 1394 Bentl.
869 1371 896 1377 —
910 1342 933 1391 6.
952 1341 1090 1401 ουίυὸνονυ,
1108 1342 1216 1402 Indeque
1225 1341 1346 1390 Bouhier

326 1422 421 1486 tt'llh),
440 1433 587 1484 rursusque
605 1419 769 1470 Schraderus
788 1417 878 1482 (⁴776).
896 1418 1006 1480 Recepit
1023 1415 1208 1467 Mitscherlich.

320 1581 345 1630 ί.
365 1579 485 1643 Epheson]
504 1591 573 1641 quae
591 1579 655 1627 item
667 1575 814 1638 magnificis
852 1575 891 1624 rio
908 1587 1013 1637 campo,
1032 1574 1195 1633 Marathone,
1215 1576 1266 1623 cat.
1280 1572 1385 1623 decer-

287 1653 413 1704 laudihus
430 1651 561 1710 celebrari
578 1653 690 1716 pot-erat.
726 1651 812 1712 Antip.
850 1651 897 1713 pta
914 1651 994 1713 caput
1011 1648 1169 1706 redimire»;
1187 1649 1212 1711 2)
1230 1649 1288 1698 sine
1310 1648 1385 1698 ima-

288 1727 341 1777 Sid.
361 1729 390 1777 Α.
410 1725 463 1776 Pal.
482 1727 513 1776 11.
532 1739 559 1789 p.
577 1723 638 1775 266:
662 1721 742 1773 θοῶν
758 1721 814 1783 βα
851 1725 925 1786 gine:
946 1737 999 1772 «ex
1017 1721 1127 1786 singulis
1139 1721 1233 1773 tabulis
1245 1725 1327 1785 atque
1341 1724 1386 1772 hi-

288 1799 398 1852 σίλειαν
414 1794 515 1850 Ἰώνων
532 1794 586 1848 πὰν
602 1797 665 1868 δορὶ
676 1798 726 1848 κοί
734 1793 815 1848 Mori-
851 1800 938 1849 storiis
949 1799 1048 1858 Atticis,
1067 1810 1137 1861 quae
1147 1799 1283 1860 poeticum
1295 1811 1383 1848 oma-

288 1889 355 1936 σαις
371 1869 531 1924 αἰπυτοὶταν
539 1867 682 1934 Ἔφεσον.
695 1900 722 1908 -
736 1872 815 1921 hima-
851 1875 909 1924 tum
931 1874 1077 1936 recipiunt,
1100 1875 1162 1935 apta
1184 1873 1303 1922 tractatis
1320 1873 1385 1933 glo-

287 1950 332 2013 ria]
359 1945 555 2010 διθαλοίσσου,
579 1949 648 1998 inter
664 1959 740 1998 mare
760 1949 814 1996 λο-
837 1948 919 2013 'riam
935 1947 985 1998 sihi
997 1961 1119 2010 parare.»
1134 1975 1161 1982 -
1174 1961 1253 1996 anam
1264 1949 1337 2010 epra]
1353 1949 1383 1996 in

289 2036 387 2086 gaeum
404 2026 432 2072 et
443 2024 545 2072 lonium
557 2023 632 2073 sitae.
669 2023 711 2071 Sic
724 2021 811 2083 Eurip.
850 2036 891 2086 pr.
911 2035 949 2071 or.
975 2022 1168 2084 «praecipuum
1186 2021 1331 2071 studium.»
1350 2051 1382 2060 —

288 2098 382 2148 Troad.
402 2112 427 2147 v.
448 2099 525 2148 lolli:
544 2095 662 2166 δίπορον
680 2090 813 2166 κορυφὰν
850 2095 967 2159 minatae]
985 2091 1118 2155 ἀθίκτου,
1134 2095 1301 2167 παρθενίου,
1314 2098 1383 2147 itere

279 2165 422 2236 Ἴσθμιον.
441 2171 516 2222 ovid.
536 2173 598 2222 Her.
619 2172 658 2232 λβ,
672 2171 713 2220 27.
726 2170 813 2231 Ephp-
849 2171 966 2235 prand.
978 2171 1082 2232 3,t,70.
1094 2171 1261 2230 QuodCodd.
1276 2170 1385 2234 aliquot

287 2261 334 2296 ren
351 2247 574 2296 himmanvocat.
602 2245 725 2296 Graeciae
741 2245 815 2294 demes
850 2244 951 2294 habent
971 2259 1070 2306 amen,
1093 2244 1135 2295 alii
1157 2259 1229 2296 arces
1246 2247 1284 2308 (ut
1300 2246 1381 2296 Ouid.

287 2320 403 2386 appellat
429 2322 585 2371 Corinthum
611 2319 702 2370 Florus
723 2320 749 2378 λ,
771 2319 811 2368 46.
850 2321 912 2370 hlei.
932 2319 956 2379 7,
975 2318 1037 2368 399:
1055 2319 1183 2370 Ραίίαθίοο
1198 2319 1290 2384 arces),
1313 2321 1383 2371 iude

287 2398 367 2458 atque
390 2393 586 2456 elegantissime
609 2395 657 2444 Dio
680 2394 742 2442 Chr.
770 2392 811 2440 37.
851 2395 940 2442 ortum
956 2393 1070 2455 videtur,
1089 2392 1161 2457 quod
1178 2407 1234 2444 sec.
1251 2396 1295 2444 ill.
1306 2397 1334 2444 et
1345 2395 1381 2444 X.

287 2483 314 2532 p.
328 2471 390 2519 522:
410 2463 462 2516 τὸν
479 2469 635 2538 περίπατον
646 2459 813 2530 τῆςἝλλοί-
850 2468 959 2518 ineunte
981 2466 1067 2517 littera
1088 2482 1106 2516 a
1128 2471 1220 2532 aperte
1237 2467 1383 2519 scriheba—

286 2540 345 2603 θος.
364 2541 492 2591 Restituta
504 2542 557 2590 iam
570 2540 815 2590 eratCotoaiaLaia
851 2543 908 2600 tur,
927 2542 963 2590 ita
980 2543 1011 2590 ut
1025 2541 1113 2591 arbem
1130 2545 1158 2592 et
1173 2543 1259 2592 ανὺπυ
1274 2543 1316 2592 vix
1335 2543 1383 2592 di-

287 2616 353 2666 lah'a
376 2615 508 2664 Corinthius
524 2628 539 2664 a
558 2615 586 2664 C.
605 2612 669 2663 lulio
687 2615 811 2664 Caesare.
850 2615 976 2677 elinguas.
1004 2615 1071 2665 Hinc
1088 2615 1171 2667 laellis
1188 2617 1381 2667 luitcorrectio

321 2687 346 2738 l.
366 2689 475 2752 Τέμπη,
489 2687 563 2738 vallis
576 2688 764 2738 amoenissima
777 2688 815 2736 iu·
850 2703 944 2751 aman,
962 2702 1044 2752 quam
1060 2691 1179 2754 praefert
1194 2691 1329 2742 Markland
1341 2693 1380 2744 ad

288 2767 329 2813 ter
345 2764 440 2813 Ossam
458 2765 485 2812 ct
501 2759 652 2825 Olympum,
672 2774 755 2825 quam
765 2763 816 2810 Pe·
851 2764 914 2813 Stat.
933 2762 994 2812 Silv.
1014 2766 1038 2825 t,
1056 2763 1081 2824 l,
1100 2766 1141 2815 er.
1171 2765 1225 2823 Sed¹
1239 2765 1318 2816 lectio
1327 2779 1382 2816 aar·

288 2849 355 2888 neus
373 2835 488 2900 perfluit.
524 2835 613 2898 Eurip.
635 2835 729 2884 Troad.
749 2834 811 2884 all:
850 2837 912 2898 bem,
931 2850 1001 2900 quae
1026 2837 1138 2902 simplici
1155 2841 1234 2890 huius
1250 2841 1382 2892 carminis

287 2906 340 2959 τὰν
351 2903 476 2974 Πηνειοῦ
489 2905 599 2974 σεμνὰν
613 2906 724 2979 χώραν,
742 2925 813 2978 κρη-
851 2912 924 2961 initio
941 2911 1037 2962 melius
1055 2916 1186 2974 convenit,
1206 2916 1268 2966 salla
1285 2914 1380 2965 firma-

288 2983 344 3035 m'rl'
363 2977 521 3048 Οὐλύμπου
539 2981 710 3044 καλλίσταν,
734 2977 812 3048 ὄλβῳ
850 2988 894 3035 tur
905 3000 920 3035 a
933 2987 1017 3036 Codd.
1032 2988 1113 3037 etiam
1124 2990 1200 3040 meis.
1225 3017 1252 3024 -
1271 2990 1378 3040 llaese-

287 3058 400 3148 βρίθειν
416 3055 520 3124 φάμαν
537 3052 640 3124 ἢκουσ’
657 3052 776 3108 εὐθαλεῖ
788 3059 812 3107 τ’
849 3063 912 3110 runt
921 3059 997 3110 multi
1006 3060 1033 3110 in
1041 3074 1067 3110 v.
1072 3075 1238 3124 praepostere.
1251 3064 1379 3113 Attamen

288 3135 452 3206 ευκορπείᾳ.
478 3133 619 3197 Eleganter
636 3147 697 3184 eam
714 3133 815 3184 descri-
850 3135 955 3205 κυρίως
980 3134 1081 3184 dictum
1106 3138 1160 3196 est,
1188 3150 1252 3188 cum
1276 3150 1378 3188 corona

288 3210 327 3261 bil
342 3209 467 3262 Aelianus
488 3209 518 3258 V.
542 3209 572 3260 H.
593 3209 617 3269 3,
639 3209 661 3256 l.
733 3225 735 3228 ’
850 3222 960 3272 semper
976 3210 1011 3259 sit
1022 3222 1089 3270 prae
1103 3210 1194 3272 fronte.
1224 3214 1263 3262 λυ
1282 3210 1379 3262 simili·

320 3287 393 3337 5-7.
414 3286 503 3345 «Sunt,
522 3284 616 3346 inquit,
636 3282 681 3346 qui
698 3282 814 3333 condant
851 3284 892 3332 ter
909 3281 1029 3334 Valerius
1046 3283 1155 3334 Flaccus
1172 3284 1197 3343 3,
1215 3283 1276 3335 4³6:
1299 3286 1379 3348 plere-

288 3363 323 3413 de
331 3361 495 3413 Athenarum
503 3357 628 3410 laudibus
638 3370 748 3408 carmen
752 3371 815 3419 per-
850 3370 942 3418 casque
958 3358 1035 3406 comis
1047 3363 1197 3418 praeterere
1212 3360 1379 3423 passalor-

284 3441 401 3498 petaam,
425 3435 544 3497 aprima
567 3431 641 3484 urbis
661 3432 761 3494 origine
779 3431 814 3481 ad
846 3436 931 3494 perat.
966 3433 1067 3481 Seneca
1084 3432 1154 3482 Med.
1176 3433 1220 3482 70:
1255 3435 1379 3482 Praxio-

288 3522 337 3559 sua
354 3511 475 3572 tempora
492 3508 639 3558 deductum
657 3509 685 3556 el
700 3503 814 3570 μύθους
850 3520 909 3570 pere
935 3518 1006 3555 roseo
1033 3510 1148 3566 tenrpora
1169 3507 1277 3556 υίυουίο.
1319 3508 1376 3558 Cir.

288 3581 388 3631 Atticos
406 3594 459 3628 non
476 3581 533 3630 siue
551 3584 608 3631 arte
626 3581 815 3630 intersecon-
851 3582 931 3630 etiam
943 3581 1048 3629 Lucret.
1067 3580 1092 3640 l,
1111 3580 1168 3631 526.
1196 3581 1262 3630 Vide
1273 3581 1378 3631 Excur-

289 3654 427 3713 pectene»
437 3655 475 3702 uti
489 3660 637 3716 perpetuen
653 3668 757 3705 cannen
774 3656 815 3706 est
850 3667 912 3704 sum
928 3653 963 3702 ad
980 3653 1007 3702 h.
1025 3651 1043 3702 l.

290 3725 373 3777 Ovidii
390 3726 640 3789 Metamorphoseon
658 3741 725 3793 opus
739 3727 812 3791 (hl).
883 3727 908 3776 8.
936 3725 1064 3776 «Plurimi
1082 3725 1188 3790 (multi),
1211 3727 1277 3778 dum
1293 3729 1378 3778 luno-

291 3799 431 3852 Librorum
459 3801 550 3849 autem
579 3798 657 3850 lectio
685 3803 815 3866 significat
851 3814 914 3851 uem
934 3802 1068 3850 honorare
1089 3799 1193 3861 volunt,
1220 3801 1379 3865 praedicant

289 3874 312 3936 t]
331 3873 436 3924 servata
454 3873 581 3934 imagine:
606 3887 723 3924 «corona
740 3876 814 3927 olea·
850 3879 934 3940 Argos
951 3873 1063 3936 ἵππιον,
1090 3871 1251 3936 ἱππόβοτον
1275 3872 1378 3946 (Ἤρας

288 3948 357 4010 gina,
377 3961 411 3996 ex
427 3945 539 3996 Palladis
556 3947 634 4008 igitur
651 3947 748 3998 arbore
765 3963 815 3999 ne·
850 3949 934 4016 θῶμα
948 3949 1107 4020 θεοπρεπὲς
1123 3950 1198 4000 Pind.
1211 3953 1287 4000 Nem.
1301 3950 1325 4011 9,
1339 3949 1376 4012 3.)

290 4035 336 4081 xa,
359 4021 491 4084 undique,
514 4013 584 4070 ὅθεν
604 4016 640 4085 δή
667 4033 754 4082 ποτε,
782 4035 814 4072 ex
851 4026 1068 4088 atquellyceuas
1084 4019 1289 4094 πολυχρύσους
1299 4022 1374 4073 iliad.

290 4095 415 4146 omnibus
447 4096 549 4146 Atticae
582 4095 664 4157 locis,
704 4096 814 4146 Athenis
851 4114 880 4162 η,
903 4100 960 4150 480.
979 4098 1101 4164 Sophocl.
1120 4098 1217 4150 Electr.
1236 4099 1278 4148 9.»
1312 4099 1377 4160 Argi

290 4170 367 4232 ipsis,
394 4169 530 4232 Eleusine,
553 4171 735 4231 Rhamnunte,
762 4171 814 4220 iia-
851 4171 1375 4237 autemillumhonoremoptimosequos
