2934 4884
528 380 588 431 nn.
607 380 649 431 tv.
686 381 716 431 c.
735 382 765 433 n.
1155 385 1218 449 597

171 534 285 611 Dice&
309 532 390 610 hen,
414 534 564 621 quotiens
586 544 617 601 te
640 534 774 623 speculo
796 536 918 603 videris
940 538 1094 605 alterum:

173 656 266 735 Quae
287 674 379 722 mens
402 663 452 721 est
472 653 587 733 hodie,
611 676 670 723 cur
692 656 808 724 eodem
830 678 895 725 non
915 680 1019 747 puero
1041 661 1118 736 fuit,

172 775 230 842 Vel
253 796 311 843 our
336 774 387 843 his
409 776 523 842 animis
546 776 723 845 incolumes
746 798 811 845 non
832 778 971 846 redeunt
991 783 1122 868 genoe?

196 1010 221 1059 6.
241 1014 264 1059 to
279 1010 307 1059 in
317 1010 414 1072 spectato
425 1010 458 1070 Β,
477 1010 530 1061 duo
542 1010 672 1073 olandia..
690 1028 740 1079 γκ,
758 1012 813 1063 duo
824 1014 954 1076 Pottiorii,
972 1016 1032 1067 Lot
1041 1014 1183 1068 Bentleius.

163 1084 204 1146 (Ut
220 1096 283 1145 nos,
302 1084 386 1144 bSed,
405 1086 472 1134 Pott.
491 1086 592 1142 ceteri.)

127 1298 263 1362 praestet,
282 1310 316 1347 ne
334 1296 446 1347 elidatur
462 1302 501 1359 to,
526 1296 655 1349 ablativus
694 1310 740 1349 sus
760 1298 897 1351 diversum
919 1300 954 1350 ab
978 1301 1046 1363 hoe,
1078 1303 1124 1366 qui
1146 1314 1219 1353 nuno

127 1372 300 1421 instrumenti
317 1372 374 1421 sine
391 1372 600 1435 praepositione,
624 1386 656 1423 no
694 1384 751 1423 os.»

128 1458 243 1509 prorsus
255 1445 415 1511 distntVirg.
429 1446 483 1497 Ecl.
497 1448 528 1507 2,
544 1448 589 1497 25:
609 1462 657 1497 nu·
726 1447 751 1495 7.
777 1448 802 1498 8.
828 1448 910 1512 mm]
940 1449 1014 1499 «iem
1036 1448 1071 1499 ad
1094 1462 1217 1502 emonem

124 1521 424 1583 pernwtntttorooidi,
442 1520 654 1573 ubidieerenon
693 1524 818 1585 prompte
843 1524 871 1571 et
895 1520 994 1583 tacitis,
1027 1524 1077 1574 eod
1101 1524 1215 1587 nostro,

126 1596 252 1660 poterat:
271 1595 400 1645 nwtttoro.
419 1595 543 1660 Catpunn.
560 1594 614 1646 Eoi,
629 1597 653 1658 9,
693 1596 756 1658 quia
782 1608 877 1645 omnes
901 1609 973 1645 nunc
997 1609 1042 1646 me
1069 1610 1218 1661 aspernen-

127 1667 175 1717 nt:
209 1669 274 1730 (toto
300 1670 375 1719 ettam
395 1670 471 1732 (ontis
497 1671 594 1732 speculo
616 1684 656 1720 mo
693 1671 762 1719 tur.»
777 1696 805 1705 -
822 1670 965 1735 tneotmnos]
984 1670 1084 1722 «barbe
1102 1673 1218 1724 nonde-

126 1754 206 1792 mone
222 1743 323 1802 notoot,·
349 1770 364 1779 -
376 1769 391 1780 -
407 1746 478 1805 Quod
498 1746 563 1805 vidi,
583 1746 656 1795 nndto
694 1742 836 1805 formatae,
854 1743 928 1795 leves
940 1758 972 1795 ne
983 1745 1108 1796 nitidae.»
1135 1747 1217 1797 Com-

126 1817 239 1880 unimur
271 1816 390 1881 tonoqino
429 1818 528 1869 matos:
569 1820 655 1869 Posei-
691 1820 788 1881 parant
822 1819 876 1869 iam
911 1818 1073 1871 scholiastae
1109 1822 1215 1872 Terent.

125 1903 186 1941 mm
200 1895 226 1939 ot
241 1891 342 1940 erinon.
362 1891 447 1943 Minus
463 1894 535 1943 reete
549 1894 654 1944 Monieh
692 1892 789 1955 Hecyr.
805 1892 833 1955 t,
847 1893 875 1953 t,
889 1893 932 1942 ⁴7:
950 1894 1020 1943 Eheu
1034 1896 1215 1958 immisorotn,

126 1978 154 2015 v.
179 1965 277 2025 anxiae
297 1978 358 2015 esse
377 1964 496 2015 dativum
515 1969 599 2029 putet.
624 1994 651 2003 -
691 1979 738 2015 eor
762 1981 813 2015 non
837 1972 883 2016 aut
906 1967 983 2015 istaec
1006 1968 1067 2017 mitt
1091 1968 1166 2020 Aetas
1193 1976 1217 2021 et

125 2039 250 2100 dtmen]
298 2038 393 2089 «alium
426 2039 537 2103 tectum,
575 2054 654 2105 pror·
689 2042 809 2105 somnae,
828 2040 1151 2093 aunonensem?
