<?xml version="1.0" encoding="UTF-8"?>
<!DOCTYPE html PUBLIC "-//W3C//DTD XHTML 1.0 Transitional//EN"
    "http://www.w3.org/TR/xhtml1/DTD/xhtml1-transitional.dtd">
<html xmlns="http://www.w3.org/1999/xhtml" xml:lang="en" lang="en">
 <head>
  <title>
</title>
<meta http-equiv="Content-Type" content="text/html;charset=utf-8" />
  <meta name='ocr-system' content='tesseract 3.04.00' />
  <meta name='ocr-capabilities' content='ocr_page ocr_carea ocr_par ocr_line ocrx_word'/>
</head>
<body>
  <div class='ocr_page' id='page_1' title='image "./qhoratiusflaccu04baitgoog/qhoratiusflaccu04baitgoog_0057.png"; bbox 0 0 2934 4884; ppageno 0'>
   <div class='ocr_carea' id='block_1_1' title="bbox 538 329 1204 392">
    <p class='ocr_par' dir='ltr' id='par_1_1' title="bbox 538 329 1204 392">
     <span class='ocr_line' id='line_1_1' title="bbox 538 329 1204 392; baseline -0.002 -14"><span class='ocrx_word' id='word_1_1' title='bbox 538 330 596 378; x_wconf 85' lang='lat' dir='ltr'><strong>nrn.</strong></span> <span class='ocrx_word' id='word_1_2' title='bbox 616 329 634 377; x_wconf 88' lang='lat'><strong>1.</strong></span> <span class='ocrx_word' id='word_1_3' title='bbox 672 331 700 378; x_wconf 85' lang='lat' dir='ltr'><strong>c.</strong></span> <span class='ocrx_word' id='word_1_4' title='bbox 722 331 751 378; x_wconf 90' lang='lat' dir='ltr'><strong>n.</strong></span> <span class='ocrx_word' id='word_1_5' title='bbox 1162 329 1204 392; x_wconf 72' lang='lat'><strong>23</strong></span> 
     </span>
    </p>
   </div>
   <div class='ocr_carea' id='block_1_2' title="bbox 103 483 1206 2204">
    <p class='ocr_par' dir='ltr' id='par_1_2' title="bbox 103 483 1206 1466">
     <span class='ocr_line' id='line_1_2' title="bbox 105 483 1204 553; baseline 0.001 -17"><span class='ocrx_word' id='word_1_6' title='bbox 105 491 129 536; x_wconf 72' lang='grc' dir='ltr'><strong>Ξ.</strong></span> <span class='ocrx_word' id='word_1_7' title='bbox 150 487 216 538; x_wconf 78' lang='lat' dir='ltr'><strong>ill:</strong></span> <span class='ocrx_word' id='word_1_8' title='bbox 231 488 326 553; x_wconf 72' lang='lat' dir='ltr'><strong>¹isera-uc</strong></span> <span class='ocrx_word' id='word_1_9' title='bbox 338 486 422 546; x_wconf 64' lang='lat' dir='ltr'><strong>¹(siler)</strong></span> <span class='ocrx_word' id='word_1_10' title='bbox 440 511 454 520; x_wconf 95' lang='lat'><em>-</em></span> <span class='ocrx_word' id='word_1_11' title='bbox 465 511 480 520; x_wconf 94' lang='lat'>-</span> <span class='ocrx_word' id='word_1_12' title='bbox 496 483 542 534; x_wconf 87' lang='lat' dir='ltr'><strong>llic</strong></span> <span class='ocrx_word' id='word_1_13' title='bbox 555 485 628 545; x_wconf 80' lang='lat' dir='ltr'><strong>pedor</strong></span> <span class='ocrx_word' id='word_1_14' title='bbox 644 485 748 548; x_wconf 68' lang='lat' dir='ltr'><strong>iunipiris</strong></span> <span class='ocrx_word' id='word_1_15' title='bbox 764 485 842 546; x_wconf 82' lang='lat' dir='ltr'><strong>clipeo</strong></span> <span class='ocrx_word' id='word_1_16' title='bbox 858 487 1082 548; x_wconf 75' lang='lat' dir='ltr'><strong>telqusoreruttct.</strong></span> <span class='ocrx_word' id='word_1_17' title='bbox 1118 489 1204 551; x_wconf 80' lang='lat' dir='ltr'><strong>Atque</strong></span> 
     </span>
     <span class='ocr_line' id='line_1_3' title="bbox 104 567 1202 634; baseline -0.001 -13"><span class='ocrx_word' id='word_1_18' title='bbox 104 572 178 621; x_wconf 78' lang='lat' dir='ltr'><strong>hanc</strong></span> <span class='ocrx_word' id='word_1_19' title='bbox 202 571 339 620; x_wconf 86' lang='lat' dir='ltr'><strong>rationem</strong></span> <span class='ocrx_word' id='word_1_20' title='bbox 360 567 466 618; x_wconf 70' lang='lat' dir='ltr'><strong>ridetur</strong></span> <span class='ocrx_word' id='word_1_21' title='bbox 486 567 620 632; x_wconf 77' lang='lat' dir='ltr'><strong>praeferre</strong></span> <span class='ocrx_word' id='word_1_22' title='bbox 643 567 736 630; x_wconf 75' lang='lat' dir='ltr'><strong>neget,</strong></span> <span class='ocrx_word' id='word_1_23' title='bbox 760 568 838 618; x_wconf 84' lang='lat' dir='ltr'><strong>docte</strong></span> <span class='ocrx_word' id='word_1_24' title='bbox 859 569 997 634; x_wconf 88' lang='lat' dir='ltr'><strong>disputans</strong></span> <span class='ocrx_word' id='word_1_25' title='bbox 1017 569 1202 633; x_wconf 73' lang='lat' dir='ltr'><strong>delegeritis,</strong></span> 
     </span>
     <span class='ocr_line' id='line_1_4' title="bbox 103 650 1205 718; baseline 0 -16"><span class='ocrx_word' id='word_1_26' title='bbox 103 654 139 704; x_wconf 90' lang='lat' dir='ltr'><strong>de</strong></span> <span class='ocrx_word' id='word_1_27' title='bbox 157 653 229 704; x_wconf 83' lang='lat' dir='ltr'><strong>luha</strong></span> <span class='ocrx_word' id='word_1_28' title='bbox 246 655 312 718; x_wconf 88' lang='lat' dir='ltr'><strong>post</strong></span> <span class='ocrx_word' id='word_1_29' title='bbox 328 651 488 702; x_wconf 86' lang='lat' dir='ltr'><strong>acerrimam</strong></span> <span class='ocrx_word' id='word_1_30' title='bbox 506 651 703 702; x_wconf 71' lang='lat' dir='ltr'><strong>contentionem</strong></span> <span class='ocrx_word' id='word_1_31' title='bbox 720 651 817 716; x_wconf 78' lang='lat' dir='ltr'>Thapsi</span> <span class='ocrx_word' id='word_1_32' title='bbox 833 650 947 702; x_wconf 85' lang='lat' dir='ltr'><strong>devicto.</strong></span> <span class='ocrx_word' id='word_1_33' title='bbox 974 653 1075 702; x_wconf 86' lang='lat' dir='ltr'><strong>Verum</strong></span> <span class='ocrx_word' id='word_1_34' title='bbox 1086 653 1124 702; x_wconf 86' lang='lat' dir='ltr'><strong>sic</strong></span> <span class='ocrx_word' id='word_1_35' title='bbox 1136 665 1205 716; x_wconf 88' lang='lat' dir='ltr'><strong>qno-</strong></span> 
     </span>
     <span class='ocr_line' id='line_1_5' title="bbox 103 733 1205 800; baseline -0.002 -13"><span class='ocrx_word' id='word_1_36' title='bbox 103 751 159 800; x_wconf 86' lang='lat' dir='ltr'><strong>qnc</strong></span> <span class='ocrx_word' id='word_1_37' title='bbox 180 738 281 799; x_wconf 78' lang='lat' dir='ltr'><strong>peditis</strong></span> <span class='ocrx_word' id='word_1_38' title='bbox 300 734 434 786; x_wconf 73' lang='grc' dir='ltr'><strong>ἐπίθετον</strong></span> <span class='ocrx_word' id='word_1_39' title='bbox 454 733 497 783; x_wconf 91' lang='lat' dir='ltr'><strong>vcl</strong></span> <span class='ocrx_word' id='word_1_40' title='bbox 519 737 621 784; x_wconf 87' lang='lat' dir='ltr'><strong>temere</strong></span> <span class='ocrx_word' id='word_1_41' title='bbox 644 733 780 784; x_wconf 89' lang='lat' dir='ltr'><strong>delectum</strong></span> <span class='ocrx_word' id='word_1_42' title='bbox 802 735 844 785; x_wconf 87' lang='lat' dir='ltr'><strong>est</strong></span> <span class='ocrx_word' id='word_1_43' title='bbox 863 733 906 784; x_wconf 83' lang='lat' dir='ltr'><strong>vel</strong></span> <span class='ocrx_word' id='word_1_44' title='bbox 926 735 1014 799; x_wconf 87' lang='lat' dir='ltr'><strong>potins</strong></span> <span class='ocrx_word' id='word_1_45' title='bbox 1035 736 1093 786; x_wconf 87' lang='lat' dir='ltr'><strong>sine</strong></span> <span class='ocrx_word' id='word_1_46' title='bbox 1111 736 1205 785; x_wconf 58' lang='lat' dir='ltr'><strong>effide</strong></span> 
     </span>
     <span class='ocr_line' id='line_1_6' title="bbox 104 813 1204 888; baseline -0.001 -19"><span class='ocrx_word' id='word_1_47' title='bbox 104 823 231 870; x_wconf 59' lang='lat' dir='ltr'><strong>inerma</strong></span> <span class='ocrx_word' id='word_1_48' title='bbox 247 831 362 883; x_wconf 87' lang='lat' dir='ltr'><strong>prorsus</strong></span> <span class='ocrx_word' id='word_1_49' title='bbox 380 813 557 888; x_wconf 69' lang='grc' dir='ltr'><strong><em>παράδοξον,</em></strong></span> <span class='ocrx_word' id='word_1_50' title='bbox 576 819 719 880; x_wconf 87' lang='lat' dir='ltr'><strong>utrumque</strong></span> <span class='ocrx_word' id='word_1_51' title='bbox 731 830 796 868; x_wconf 87' lang='lat' dir='ltr'><strong>sane</strong></span> <span class='ocrx_word' id='word_1_52' title='bbox 808 819 900 866; x_wconf 84' lang='lat' dir='ltr'><strong>contm</strong></span> <span class='ocrx_word' id='word_1_53' title='bbox 913 818 1012 868; x_wconf 81' lang='lat' dir='ltr'>Horatii</span> <span class='ocrx_word' id='word_1_54' title='bbox 1023 831 1137 868; x_wconf 88' lang='lat' dir='ltr'><strong>morem.</strong></span> <span class='ocrx_word' id='word_1_55' title='bbox 1167 819 1204 870; x_wconf 79' lang='lat' dir='ltr'><strong>Er</strong></span> 
     </span>
     <span class='ocr_line' id='line_1_7' title="bbox 104 899 1205 964; baseline -0.002 -10"><span class='ocrx_word' id='word_1_56' title='bbox 104 905 201 954; x_wconf 79' lang='lat' dir='ltr'><strong>nostra</strong></span> <span class='ocrx_word' id='word_1_57' title='bbox 219 905 316 952; x_wconf 81' lang='lat' dir='ltr'><strong>contm</strong></span> <span class='ocrx_word' id='word_1_58' title='bbox 334 903 465 952; x_wconf 87' lang='lat' dir='ltr'><strong>sententia</strong></span> <span class='ocrx_word' id='word_1_59' title='bbox 483 903 525 951; x_wconf 86' lang='lat' dir='ltr'><strong>est</strong></span> <span class='ocrx_word' id='word_1_60' title='bbox 541 901 623 952; x_wconf 82' lang='lat' dir='ltr'>Mauri</span> <span class='ocrx_word' id='word_1_61' title='bbox 641 902 703 964; x_wconf 88' lang='lat' dir='ltr'><strong>post</strong></span> <span class='ocrx_word' id='word_1_62' title='bbox 719 901 782 963; x_wconf 92' lang='lat' dir='ltr'><strong>equi</strong></span> <span class='ocrx_word' id='word_1_63' title='bbox 801 901 923 963; x_wconf 79' lang='lat' dir='ltr'><strong>generosi</strong></span> <span class='ocrx_word' id='word_1_64' title='bbox 941 899 1104 964; x_wconf 84' lang='lat' dir='ltr'><strong>dominoque</strong></span> <span class='ocrx_word' id='word_1_65' title='bbox 1121 903 1205 952; x_wconf 67' lang='lat' dir='ltr'><strong>carh-</strong></span> 
     </span>
     <span class='ocr_line' id='line_1_8' title="bbox 105 981 1204 1037; baseline -0.002 0"><span class='ocrx_word' id='word_1_66' title='bbox 105 988 167 1037; x_wconf 78' lang='lat' dir='ltr'><strong>sirm</strong></span> <span class='ocrx_word' id='word_1_67' title='bbox 186 989 309 1036; x_wconf 88' lang='lat' dir='ltr'><strong>mortem</strong></span> <span class='ocrx_word' id='word_1_68' title='bbox 328 983 504 1034; x_wconf 88' lang='lat' dir='ltr'><strong>immoderato</strong></span> <span class='ocrx_word' id='word_1_69' title='bbox 522 983 609 1034; x_wconf 89' lang='lat' dir='ltr'><strong>lurore</strong></span> <span class='ocrx_word' id='word_1_70' title='bbox 627 984 733 1034; x_wconf 78' lang='lat' dir='ltr'><strong>accensi</strong></span> <span class='ocrx_word' id='word_1_71' title='bbox 751 996 814 1032; x_wconf 90' lang='lat' dir='ltr'><strong>cnm</strong></span> <span class='ocrx_word' id='word_1_72' title='bbox 825 981 1023 1034; x_wconf 87' lang='lat' dir='ltr'><strong>licmancilllus</strong></span> <span class='ocrx_word' id='word_1_73' title='bbox 1035 983 1204 1035; x_wconf 73' lang='lat' dir='ltr'><strong>interfectore</strong></span> 
     </span>
     <span class='ocr_line' id='line_1_9' title="bbox 105 1066 1202 1131; baseline -0.002 -11"><span class='ocrx_word' id='word_1_74' title='bbox 105 1071 246 1120; x_wconf 83' lang='lat' dir='ltr'><strong>acerrime</strong></span> <span class='ocrx_word' id='word_1_75' title='bbox 264 1067 441 1131; x_wconf 77' lang='lat' dir='ltr'><strong>depugnantis</strong></span> <span class='ocrx_word' id='word_1_76' title='bbox 458 1080 568 1131; x_wconf 90' lang='lat' dir='ltr'><strong>prorsus</strong></span> <span class='ocrx_word' id='word_1_77' title='bbox 586 1068 692 1130; x_wconf 78' lang='lat' dir='ltr'><strong>egregia</strong></span> <span class='ocrx_word' id='word_1_78' title='bbox 714 1067 826 1130; x_wconf 85' lang='lat' dir='ltr'><strong>picture.</strong></span> <span class='ocrx_word' id='word_1_79' title='bbox 861 1070 948 1129; x_wconf 80' lang='lat' dir='ltr'><strong>Atque</strong></span> <span class='ocrx_word' id='word_1_80' title='bbox 965 1069 995 1117; x_wconf 88' lang='lat' dir='ltr'><strong>ui</strong></span> <span class='ocrx_word' id='word_1_81' title='bbox 1012 1067 1133 1117; x_wconf 84' lang='lat' dir='ltr'><strong>Ovidium</strong></span> <span class='ocrx_word' id='word_1_82' title='bbox 1149 1067 1166 1117; x_wconf 95' lang='lat' dir='ltr'><strong>l.</strong></span> <span class='ocrx_word' id='word_1_83' title='bbox 1185 1066 1202 1118; x_wconf 94' lang='lat' dir='ltr'><strong>l.</strong></span> 
     </span>
     <span class='ocr_line' id='line_1_10' title="bbox 105 1149 1205 1214; baseline -0.003 -11"><span class='ocrx_word' id='word_1_84' title='bbox 105 1153 203 1203; x_wconf 78' lang='lat' dir='ltr'><strong>dicere</strong></span> <span class='ocrx_word' id='word_1_85' title='bbox 220 1152 328 1202; x_wconf 86' lang='lat' dir='ltr'><strong>decuit:</strong></span> <span class='ocrx_word' id='word_1_86' title='bbox 347 1153 452 1213; x_wconf 82' lang='lat' dir='ltr'><strong>equique</strong></span> <span class='ocrx_word' id='word_1_87' title='bbox 467 1151 533 1200; x_wconf 83' lang='lat' dir='ltr'><strong>celer</strong></span> <span class='ocrx_word' id='word_1_88' title='bbox 547 1151 673 1212; x_wconf 59' lang='lat' dir='ltr'><strong>motio</strong></span> <span class='ocrx_word' id='word_1_89' title='bbox 684 1153 757 1214; x_wconf 70' lang='lat' dir='ltr'><strong>torpa</strong></span> <span class='ocrx_word' id='word_1_90' title='bbox 771 1149 890 1211; x_wconf 78' lang='lat' dir='ltr'><strong>relinquit</strong></span> <span class='ocrx_word' id='word_1_91' title='bbox 906 1149 1030 1211; x_wconf 74' lang='lat' dir='ltr'><strong>Speroque</strong></span> <span class='ocrx_word' id='word_1_92' title='bbox 1044 1162 1147 1212; x_wconf 69' lang='lat' dir='ltr'><strong>coquom</strong></span> <span class='ocrx_word' id='word_1_93' title='bbox 1156 1165 1205 1200; x_wconf 86' lang='lat' dir='ltr'><strong>oo-</strong></span> 
     </span>
     <span class='ocr_line' id='line_1_11' title="bbox 104 1231 1205 1296; baseline -0.002 -11"><span class='ocrx_word' id='word_1_94' title='bbox 104 1250 168 1285; x_wconf 72' lang='lat' dir='ltr'><strong>m</strong></span> <span class='ocrx_word' id='word_1_95' title='bbox 186 1235 363 1296; x_wconf 82' lang='lat' dir='ltr'><strong>riluapedcs</strong></span> <span class='ocrx_word' id='word_1_96' title='bbox 379 1235 493 1283; x_wconf 70' lang='lat' dir='ltr'><strong>erratio</strong></span> <span class='ocrx_word' id='word_1_97' title='bbox 510 1233 576 1294; x_wconf 81' lang='lat' dir='ltr'><strong>atta,</strong></span> <span class='ocrx_word' id='word_1_98' title='bbox 595 1235 634 1284; x_wconf 89' lang='lat' dir='ltr'><strong>sic</strong></span> <span class='ocrx_word' id='word_1_99' title='bbox 652 1233 719 1284; x_wconf 85' lang='lat' dir='ltr'><strong>mira</strong></span> <span class='ocrx_word' id='word_1_100' title='bbox 736 1232 804 1282; x_wconf 88' lang='lat' dir='ltr'><strong>haec</strong></span> <span class='ocrx_word' id='word_1_101' title='bbox 821 1231 939 1282; x_wconf 84' lang='lat' dir='ltr'><strong>brevitas</strong></span> <span class='ocrx_word' id='word_1_102' title='bbox 954 1233 1043 1282; x_wconf 68' lang='lat' dir='ltr'><strong>Mutet</strong></span> <span class='ocrx_word' id='word_1_103' title='bbox 1055 1234 1147 1295; x_wconf 76' lang='lat' dir='ltr'><strong>peditis</strong></span> <span class='ocrx_word' id='word_1_104' title='bbox 1161 1231 1205 1296; x_wconf 83' lang='lat' dir='ltr'><strong>ly-</strong></span> 
     </span>
     <span class='ocr_line' id='line_1_12' title="bbox 106 1313 1206 1381; baseline -0.004 -11"><span class='ocrx_word' id='word_1_105' title='bbox 106 1321 181 1370; x_wconf 72' lang='lat' dir='ltr'><strong>ricae</strong></span> <span class='ocrx_word' id='word_1_106' title='bbox 201 1319 268 1368; x_wconf 89' lang='lat' dir='ltr'><strong>ariis</strong></span> <span class='ocrx_word' id='word_1_107' title='bbox 286 1317 470 1380; x_wconf 78' lang='lat' dir='ltr'><strong>magisterium</strong></span> <span class='ocrx_word' id='word_1_108' title='bbox 489 1320 559 1376; x_wconf 84' lang='lat' dir='ltr'><strong>erat,</strong></span> <span class='ocrx_word' id='word_1_109' title='bbox 578 1317 649 1381; x_wconf 92' lang='lat' dir='ltr'><strong>qnod</strong></span> <span class='ocrx_word' id='word_1_110' title='bbox 667 1313 832 1380; x_wconf 79' lang='lat' dir='ltr'><strong>postulabat¹</strong></span> <span class='ocrx_word' id='word_1_111' title='bbox 851 1317 880 1365; x_wconf 90' lang='lat' dir='ltr'><strong>nt</strong></span> <span class='ocrx_word' id='word_1_112' title='bbox 896 1316 959 1380; x_wconf 87' lang='lat' dir='ltr'><strong>eqni</strong></span> <span class='ocrx_word' id='word_1_113' title='bbox 976 1317 1149 1367; x_wconf 78' lang='lat' dir='ltr'><strong>emissionem</strong></span> <span class='ocrx_word' id='word_1_114' title='bbox 1166 1315 1206 1366; x_wconf 84' lang='lat' dir='ltr'><strong>le-</strong></span> 
     </span>
     <span class='ocr_line' id='line_1_13' title="bbox 105 1399 653 1466; baseline -0.005 -13"><span class='ocrx_word' id='word_1_115' title='bbox 105 1405 166 1453; x_wconf 84' lang='lat' dir='ltr'><strong>ctor</strong></span> <span class='ocrx_word' id='word_1_116' title='bbox 185 1404 247 1466; x_wconf 84' lang='lat' dir='ltr'><strong>ipse</strong></span> <span class='ocrx_word' id='word_1_117' title='bbox 265 1401 317 1450; x_wconf 89' lang='lat' dir='ltr'><strong>sibi</strong></span> <span class='ocrx_word' id='word_1_118' title='bbox 334 1401 493 1462; x_wconf 78' lang='lat' dir='ltr'><strong>cogitatione</strong></span> <span class='ocrx_word' id='word_1_119' title='bbox 511 1399 653 1464; x_wconf 83' lang='lat' dir='ltr'><strong>suppleret.</strong></span> 
     </span>
    </p>

    <p class='ocr_par' dir='ltr' id='par_1_3' title="bbox 106 1484 1206 2204">
     <span class='ocr_line' id='line_1_14' title="bbox 157 1484 1205 1546; baseline -0.002 -11"><span class='ocrx_word' id='word_1_120' title='bbox 157 1485 240 1546; x_wconf 84' lang='lat' dir='ltr'><strong>Quod</strong></span> <span class='ocrx_word' id='word_1_121' title='bbox 259 1489 351 1534; x_wconf 82' lang='lat' dir='ltr'><strong>entem</strong></span> <span class='ocrx_word' id='word_1_122' title='bbox 369 1484 403 1534; x_wconf 92' lang='lat' dir='ltr'><strong>ad</strong></span> <span class='ocrx_word' id='word_1_123' title='bbox 421 1486 448 1534; x_wconf 85' lang='lat' dir='ltr'><strong>T.</strong></span> <span class='ocrx_word' id='word_1_124' title='bbox 463 1484 539 1534; x_wconf 81' lang='lat' dir='ltr'><strong>Fabri</strong></span> <span class='ocrx_word' id='word_1_125' title='bbox 557 1486 624 1533; x_wconf 89' lang='lat' dir='ltr'><strong>coni.</strong></span> <span class='ocrx_word' id='word_1_126' title='bbox 638 1485 719 1534; x_wconf 82' lang='lat' dir='ltr'><strong>lllcrsi</strong></span> <span class='ocrx_word' id='word_1_127' title='bbox 736 1485 841 1544; x_wconf 83' lang='lat' dir='ltr'><strong>attinet,</strong></span> <span class='ocrx_word' id='word_1_128' title='bbox 860 1496 923 1534; x_wconf 89' lang='lat' dir='ltr'><strong>cum</strong></span> <span class='ocrx_word' id='word_1_129' title='bbox 934 1486 1028 1535; x_wconf 88' lang='lat' dir='ltr'><strong>nactus</strong></span> <span class='ocrx_word' id='word_1_130' title='bbox 1039 1485 1141 1534; x_wconf 84' lang='lat' dir='ltr'><strong>interea</strong></span> <span class='ocrx_word' id='word_1_131' title='bbox 1153 1485 1205 1534; x_wconf 89' lang='lat' dir='ltr'><strong>sim</strong></span> 
     </span>
     <span class='ocr_line' id='line_1_15' title="bbox 107 1564 1206 1628; baseline -0.003 -9"><span class='ocrx_word' id='word_1_132' title='bbox 107 1570 260 1620; x_wconf 81' lang='lat' dir='ltr'><strong>editionem</strong></span> <span class='ocrx_word' id='word_1_133' title='bbox 278 1567 395 1618; x_wconf 85' lang='lat' dir='ltr'><strong>Eduardi</strong></span> <span class='ocrx_word' id='word_1_134' title='bbox 412 1568 529 1627; x_wconf 74' lang='lat' dir='ltr'><strong>zurulli,</strong></span> <span class='ocrx_word' id='word_1_135' title='bbox 549 1566 663 1617; x_wconf 88' lang='lat' dir='ltr'><strong>Harleml</strong></span> <span class='ocrx_word' id='word_1_136' title='bbox 682 1567 771 1628; x_wconf 73' lang='lat' dir='ltr'><strong>leuc,</strong></span> <span class='ocrx_word' id='word_1_137' title='bbox 793 1568 958 1617; x_wconf 85' lang='lat' dir='ltr'><strong>accuratiora</strong></span> <span class='ocrx_word' id='word_1_138' title='bbox 978 1568 1032 1617; x_wconf 90' lang='lat' dir='ltr'><strong>lam</strong></span> <span class='ocrx_word' id='word_1_139' title='bbox 1049 1567 1083 1617; x_wconf 90' lang='lat' dir='ltr'><strong>de</strong></span> <span class='ocrx_word' id='word_1_140' title='bbox 1101 1564 1143 1617; x_wconf 86' lang='lat' dir='ltr'><strong>illa</strong></span> <span class='ocrx_word' id='word_1_141' title='bbox 1160 1579 1206 1616; x_wconf 86' lang='lat' dir='ltr'><strong>re·</strong></span> 
     </span>
     <span class='ocr_line' id='line_1_16' title="bbox 107 1648 1205 1716; baseline -0.004 -13"><span class='ocrx_word' id='word_1_142' title='bbox 107 1654 182 1703; x_wconf 81' lang='lat' dir='ltr'><strong>les-re</strong></span> <span class='ocrx_word' id='word_1_143' title='bbox 199 1664 325 1716; x_wconf 86' lang='lat' dir='ltr'><strong>possum.</strong></span> <span class='ocrx_word' id='word_1_144' title='bbox 362 1651 482 1701; x_wconf 83' lang='lat' dir='ltr'><strong>Hominis</strong></span> <span class='ocrx_word' id='word_1_145' title='bbox 499 1648 647 1700; x_wconf 75' lang='lat' dir='ltr'><strong>scholastici</strong></span> <span class='ocrx_word' id='word_1_146' title='bbox 665 1648 805 1700; x_wconf 89' lang='lat' dir='ltr'><strong>consillum</strong></span> <span class='ocrx_word' id='word_1_147' title='bbox 826 1649 874 1700; x_wconf 87' lang='lat' dir='ltr'><strong>luit</strong></span> <span class='ocrx_word' id='word_1_148' title='bbox 890 1651 1063 1701; x_wconf 85' lang='lat' dir='ltr'><strong>Dacierinnae</strong></span> <span class='ocrx_word' id='word_1_149' title='bbox 1079 1663 1161 1700; x_wconf 86' lang='lat' dir='ltr'><strong>curae</strong></span> <span class='ocrx_word' id='word_1_150' title='bbox 1178 1651 1205 1699; x_wconf 95' lang='lat' dir='ltr'><strong>in</strong></span> 
     </span>
     <span class='ocr_line' id='line_1_17' title="bbox 107 1732 1205 1798; baseline -0.005 -11"><span class='ocrx_word' id='word_1_151' title='bbox 107 1733 377 1787; x_wconf 82' lang='lat' dir='ltr'><strong>adolescentulorum</strong></span> <span class='ocrx_word' id='word_1_152' title='bbox 394 1747 475 1784; x_wconf 86' lang='lat' dir='ltr'><strong>usum</strong></span> <span class='ocrx_word' id='word_1_153' title='bbox 492 1734 569 1798; x_wconf 84' lang='lat' dir='ltr'><strong>qnasi</strong></span> <span class='ocrx_word' id='word_1_154' title='bbox 586 1733 776 1798; x_wconf 86' lang='lat' dir='ltr'><strong>compendium</strong></span> <span class='ocrx_word' id='word_1_155' title='bbox 792 1732 900 1797; x_wconf 84' lang='lat' dir='ltr'><strong>aliquod</strong></span> <span class='ocrx_word' id='word_1_156' title='bbox 921 1733 1074 1794; x_wconf 85' lang='lat' dir='ltr'><strong>elnbomre;</strong></span> <span class='ocrx_word' id='word_1_157' title='bbox 1097 1733 1205 1784; x_wconf 86' lang='lat' dir='ltr'><strong>codices</strong></span> 
     </span>
     <span class='ocr_line' id='line_1_18' title="bbox 107 1817 1205 1883; baseline -0.002 -15"><span class='ocrx_word' id='word_1_158' title='bbox 107 1821 227 1883; x_wconf 81' lang='lat' dir='ltr'><strong>mspexit</strong></span> <span class='ocrx_word' id='word_1_159' title='bbox 244 1817 341 1868; x_wconf 88' lang='lat' dir='ltr'><strong>nullos.</strong></span> <span class='ocrx_word' id='word_1_160' title='bbox 377 1818 433 1868; x_wconf 90' lang='lat' dir='ltr'><strong>lam</strong></span> <span class='ocrx_word' id='word_1_161' title='bbox 452 1830 514 1867; x_wconf 91' lang='lat' dir='ltr'><strong>cnm</strong></span> <span class='ocrx_word' id='word_1_162' title='bbox 531 1817 602 1881; x_wconf 87' lang='lat' dir='ltr'><strong>apnd</strong></span> <span class='ocrx_word' id='word_1_163' title='bbox 619 1819 756 1867; x_wconf 85' lang='lat' dir='ltr'><strong>auctorem</strong></span> <span class='ocrx_word' id='word_1_164' title='bbox 773 1829 861 1879; x_wconf 80' lang='lat' dir='ltr'><strong>mum,</strong></span> <span class='ocrx_word' id='word_1_165' title='bbox 880 1817 967 1868; x_wconf 83' lang='lat' dir='ltr'><strong>soceri</strong></span> <span class='ocrx_word' id='word_1_166' title='bbox 982 1819 1050 1868; x_wconf 89' lang='lat' dir='ltr'><strong>mire</strong></span> <span class='ocrx_word' id='word_1_167' title='bbox 1062 1818 1205 1867; x_wconf 89' lang='lat' dir='ltr'><strong>immemo-</strong></span> 
     </span>
     <span class='ocr_line' id='line_1_19' title="bbox 107 1899 1206 1965; baseline -0.005 -11"><span class='ocrx_word' id='word_1_168' title='bbox 107 1917 181 1962; x_wconf 80' lang='lat' dir='ltr'><strong>rem,</strong></span> <span class='ocrx_word' id='word_1_169' title='bbox 199 1903 272 1952; x_wconf 88' lang='lat' dir='ltr'><strong>haec</strong></span> <span class='ocrx_word' id='word_1_170' title='bbox 289 1901 468 1965; x_wconf 85' lang='lat' dir='ltr'><strong>repperisset:</strong></span> <span class='ocrx_word' id='word_1_171' title='bbox 487 1901 508 1949; x_wconf 86' lang='lat' dir='ltr'><strong>ll</strong></span> <span class='ocrx_word' id='word_1_172' title='bbox 517 1901 573 1965; x_wconf 70' lang='lat' dir='ltr'><strong>(ard</strong></span> <span class='ocrx_word' id='word_1_173' title='bbox 589 1902 794 1951; x_wconf 66' lang='lat' dir='ltr'><strong>permutarent</strong></span> <span class='ocrx_word' id='word_1_174' title='bbox 808 1901 856 1950; x_wconf 86' lang='lat' dir='ltr'><strong>tire</strong></span> <span class='ocrx_word' id='word_1_175' title='bbox 872 1902 963 1962; x_wconf 86' lang='lat' dir='ltr'><strong>llarsl,</strong></span> <span class='ocrx_word' id='word_1_176' title='bbox 982 1913 1077 1950; x_wconf 80' lang='lat' dir='ltr'><strong>ommno</strong></span> <span class='ocrx_word' id='word_1_177' title='bbox 1092 1902 1156 1950; x_wconf 77' lang='lat' dir='ltr'><strong>dans</strong></span> <span class='ocrx_word' id='word_1_178' title='bbox 1171 1899 1206 1948; x_wconf 78' lang='lat' dir='ltr'><strong>tos</strong></span> 
     </span>
     <span class='ocr_line' id='line_1_20' title="bbox 106 1983 1205 2049; baseline -0.005 -13"><span class='ocrx_word' id='word_1_179' title='bbox 106 1986 204 2036; x_wconf 76' lang='lat' dir='ltr'><strong>vicitleo</strong></span> <span class='ocrx_word' id='word_1_180' title='bbox 220 1986 329 2034; x_wconf 69' lang='lat' dir='ltr'><strong>editions</strong></span> <span class='ocrx_word' id='word_1_181' title='bbox 349 2012 377 2020; x_wconf 95' lang='lat'>-</span> <span class='ocrx_word' id='word_1_182' title='bbox 396 1985 423 2034; x_wconf 89' lang='lat' dir='ltr'><strong>ln</strong></span> <span class='ocrx_word' id='word_1_183' title='bbox 440 1983 538 2047; x_wconf 89' lang='lat' dir='ltr'><strong>qulbus</strong></span> <span class='ocrx_word' id='word_1_184' title='bbox 555 1999 608 2035; x_wconf 90' lang='lat' dir='ltr'><strong>non</strong></span> <span class='ocrx_word' id='word_1_185' title='bbox 626 1985 689 2034; x_wconf 90' lang='lat' dir='ltr'><strong>dicit</strong></span> <span class='ocrx_word' id='word_1_186' title='bbox 706 1998 794 2049; x_wconf 87' lang='lat' dir='ltr'><strong>neque</strong></span> <span class='ocrx_word' id='word_1_187' title='bbox 811 1986 842 2034; x_wconf 91' lang='lat' dir='ltr'><strong>nt</strong></span> <span class='ocrx_word' id='word_1_188' title='bbox 857 1985 951 2049; x_wconf 85' lang='lat' dir='ltr'><strong>opinor</strong></span> <span class='ocrx_word' id='word_1_189' title='bbox 967 1983 1058 2034; x_wconf 85' lang='lat' dir='ltr'><strong>dicere</strong></span> <span class='ocrx_word' id='word_1_190' title='bbox 1074 1984 1205 2048; x_wconf 88' lang='lat' dir='ltr'><strong>potuisset</strong></span> 
     </span>
     <span class='ocr_line' id='line_1_21' title="bbox 111 2066 1203 2134; baseline -0.005 -15"><span class='ocrx_word' id='word_1_191' title='bbox 111 2097 139 2106; x_wconf 91' lang='lat'>—</span> <span class='ocrx_word' id='word_1_192' title='bbox 160 2071 220 2134; x_wconf 87' lang='lat' dir='ltr'><strong>ipse</strong></span> <span class='ocrx_word' id='word_1_193' title='bbox 244 2067 414 2118; x_wconf 87' lang='lat' dir='ltr'><strong>confidenter</strong></span> <span class='ocrx_word' id='word_1_194' title='bbox 434 2068 551 2130; x_wconf 87' lang='lat' dir='ltr'><strong>scripsit:</strong></span> <span class='ocrx_word' id='word_1_195' title='bbox 583 2067 669 2118; x_wconf 75' lang='lat' dir='ltr'><strong>«fide</strong></span> <span class='ocrx_word' id='word_1_196' title='bbox 696 2069 777 2131; x_wconf 83' lang='lat' dir='ltr'><strong>antiq.</strong></span> <span class='ocrx_word' id='word_1_197' title='bbox 805 2066 889 2118; x_wconf 84' lang='lat' dir='ltr'><strong>codd.</strong></span> <span class='ocrx_word' id='word_1_198' title='bbox 916 2068 1024 2132; x_wconf 86' lang='lat' dir='ltr'><strong>reposui</strong></span> <span class='ocrx_word' id='word_1_199' title='bbox 1049 2067 1129 2118; x_wconf 79' lang='lat' dir='ltr'><strong>ilani</strong></span> <span class='ocrx_word' id='word_1_200' title='bbox 1154 2077 1203 2130; x_wconf 90' lang='lat' dir='ltr'><strong>pro</strong></span> 
     </span>
     <span class='ocr_line' id='line_1_22' title="bbox 109 2155 226 2204; baseline -0.017 0"><span class='ocrx_word' id='word_1_201' title='bbox 109 2155 226 2204; x_wconf 67' lang='lat' dir='ltr'><strong>llam.-</strong></span> 
     </span>
    </p>
   </div>
   <div class='ocr_carea' id='block_1_3' title="bbox 0 0 1478 4884">
    <p class='ocr_par' dir='ltr' id='par_1_4' title="bbox 0 0 1478 4884">
     <span class='ocr_line' id='line_1_23' title="bbox 0 0 1478 4884; baseline 0 0"><span class='ocrx_word' id='word_1_202' title='bbox 0 0 1478 4884; x_wconf 95' lang='lat' dir='ltr'><strong> </strong></span> 
     </span>
    </p>
   </div>
  </div>
 </body>
</html>
