2934 4884
511 345 612 394 ussa.
649 345 747 396 catti.
767 345 819 394 Vll.

326 505 374 564 Au
396 497 514 586 culpa?
536 501 738 585 Responsum
761 499 849 566 date!
874 537 916 548 -·-

283 623 401 688 Tacent
422 631 455 686 et
475 617 568 686 albus
591 639 649 684 ora
671 619 775 707 pallor
797 619 897 686 inlicit

327 741 517 828 Montesque
539 739 709 827 perculsae
732 751 869 828 stupent.

285 863 338 927 Sic
361 871 429 928 est:
453 861 573 928 acerba
595 861 657 926 lata
679 863 840 928 Romanos
865 873 963 949 agunt

331 981 512 1068 Scelusque
533 981 703 1048 fraternae.
717 983 822 1057 neeis,

285 1103 325 1170 Ut
347 1103 546 1169 immerentis
568 1101 660 1167 fluxit
680 1103 713 1168 in
737 1113 854 1170 terram
883 1105 970 1170 Remi

328 1223 427 1290 Sacer
448 1223 620 1310 nepotibus
643 1243 749 1290 cruor.

179 1417 221 1464 rs.
240 1419 264 1463 a
280 1425 328 1462 ora
340 1412 427 1474 pauor
442 1411 514 1461 aaa
531 1411 593 1471 uso
612 1412 666 1462 act
684 1413 746 1475 raon
765 1411 784 1460 a
793 1410 873 1474 ua).

114 1583 230 1631 tionem·
255 1573 436 1644 Ἐχθομὲναν
455 1573 624 1649 βρώμαν,“
605 1594 642 1628 αν
679 1591 757 1629 suam
775 1581 887 1642 exserit,
911 1593 992 1644 quarn
1012 1583 1128 1646 positum
1146 1587 1207 1647 post

114 1645 292 1716 φωλάδες
278 1667 399 1740 savoyae
426 1645 548 1723 ἄρκτοι,
582 1648 642 1702 rav
678 1666 704 1703 v.
711 1655 808 1716 pallor.
822 1654 1039 1718 Significatenim
1053 1670 1205 1708 «summum

114 1726 204 1791 λύκος
227 1721 372 1816 dpoxraig,
398 1724 472 1794 λιμῷ
496 1727 642 1792 τεθοωμέ-
678 1725 838 1792 pallorem»,
864 1743 946 1792 quem
959 1744 1008 1781 nos
1021 1731 1134 1782 dicimus
1154 1733 1208 1782 To-

113 1820 164 1866 νος
181 1797 332 1852 eaxan-
351 1803 486 1852 Sententia
504 1804 642 1852 autemita
680 1801 838 1853 detoldus
868 1807 955 1854 Ausus
968 1809 1009 1856 est
1022 1807 1206 1858 rmrtaansso

114 1876 351 1929 continuandam
339 1877 457 1936 «Quanto
475 1877 560 1938 magis
577 1889 642 1925 vero
680 1877 814 1936 Gerasa,
834 1876 879 1926 tt:
900 1878 926 1926 04
941 1879 995 1940 sero
1013 1882 1099 1929 navim
1112 1882 1204 1945 Tinpon

114 1949 339 2011 eivesacivibus,
352 1949 451 2014 quihus
463 1963 547 2000 unum
558 1950 644 2000 idem·
679 1951 706 1999 dt'
722 1951 813 2000 blanco
828 1951 970 2014 pallidozzo
987 1953 1006 2002 il
1021 1955 1082 2004 vtro.
1105 1983 1131 1990 —-
1146 1969 1206 2017 per·-

113 2041 168 2092 que
181 2028 223 2077 est
233 2024 336 2075 bonurn
347 2023 495 2087 publicum,
506 2023 642 2074 abstinere
679 2024 771 2088 004004]
789 2024 849 2088 quia
862 2027 984 2076 consciae
996 2031 1057 2078 sunt
1075 2031 1101 2078 et
1114 2029 1207 2094 culpae

113 2101 217 2152 debent
238 2111 368 2161 armaque
389 2098 477 2162 potius
500 2098 527 2147 in
549 2098 642 2150 hostes
680 2101 708 2148 et
725 2099 807 2150 tristis
820 2101 994 2152 necessitatis.
1023 2104 1208 2154 Perculsaehie

116 2178 225 2226 exteros
242 2175 400 2223 convertere
412 2175 440 2220 l»
679 2173 706 2222 in
716 2185 822 2223 summo
832 2176 940 2237 stupore
948 2176 1208 2238 significandosuum

147 2249 190 2299 43.
208 2245 641 2311 Furoruccuocur]diciturut0d.
679 2245 769 2296 locum
796 2250 899 2310 tuetur,
930 2251 957 2299 44
982 2263 1015 2299 ex
1039 2252 1208 2314 paucissimis

116 2326 147 2384 4,
167 2323 216 2384 48,
235 2321 281 2372 tt:
300 2336 388 2372 004000
399 2335 473 2371 amor
484 2322 531 2370 sai.
555 2323 642 2385 Atque
680 2321 819 2372 dumtaxat
831 2322 926 2384 codd..
944 2323 1017 2374 velut
1028 2326 1057 2376 E.
1068 2325 1205 2378 Pulmanni

116 2396 214 2448 melius
237 2395 356 2457 videtur,
381 2398 411 2446 ut
432 2396 495 2445 huic
512 2409 538 2446 v.
557 2395 644 2444 adda·
681 2398 709 2446 44
733 2394 896 2458 8044444000,
927 2397 1038 2448 affertur
1059 2413 1203 2461 percussae.

115 2475 161 2523 tur
171 2470 319 2532 ἐπίθετον,
339 2483 421 2533 quam
433 2469 577 2520 utuudum
588 2483 644 2520 ma·
681 2469 734 2520 Cir.
754 2469 837 2534 Epod.
858 2472 902 2532 44,
921 2472 945 2522 2.
967 2500 995 2508 -
1014 2475 1107 2537 apum]
1126 2489 1208 2539 «par-

115 2549 188 2598 neat.
219 2548 269 2596 Pro
287 2543 370 2596 altera
391 2543 539 2595 lectiones
557 2544 641 2595 Codd.
680 2547 847 2608 sequuntur,
876 2548 906 2595 ut
928 2547 1046 2611 pernicie
1064 2561 1112 2599 sua
1134 2547 1208 2600 luent

115 2622 206 2672 miuus
227 2621 329 2671 munita
350 2633 437 2669 coecos
457 2619 554 2669 afferre
577 2633 643 2684 pos·
681 2617 789 2670 seclusa
808 2623 860 2670 cet.
881 2647 908 2656 —
934 2621 976 2685 lit]
996 2635 1046 2672 aex
1065 2635 1152 2686 quo»,
1179 2626 1209 2674 ut

116 2697 154 2745 sis
171 2696 226 2744 sat.
244 2695 274 2754 4,
293 2693 323 2754 3,
341 2693 388 2744 id:
413 2706 583 2755 quotacunque
601 2694 643 2744 40-
681 2693 729 2744 0d.
743 2691 774 2755 4,
793 2691 824 2754 4,
843 2693 883 2746 ia.
906 2723 933 2732 -
952 2696 1039 2760 Socer]
1059 2699 1103 2746 aut
1118 2698 1209 2762 piacu-

114 2770 190 2820 rct'tt'a
205 2769 259 2818 oert'
277 2767 383 2818 eneam
399 2769 460 2832 opit.
491 2768 640 2832 Visprlen.
680 2764 737 2818 lum
754 2766 882 2831 luendus,
907 2771 969 2834 quia
986 2785 1002 2819 a
1020 2771 1100 2821 iratra
1117 2771 1209 2836 prolu-

115 2845 144 2904 4,
169 2841 233 2894 eti:
260 2844 376 2904 coccique
394 2842 490 2905 furora.
520 2843 560 2892 lh.
579 2842 641 2892 356:
682 2855 728 2892 sus
747 2846 802 2906 est,
820 2837 951 2910 ἐναγής.»
969 2847 1020 2896 ein
1041 2845 1134 2896 Flacl
1154 2848 1209 2898 den

116 2931 178 2982 pstor
199 2918 315 2980 improba
335 2919 429 2968 0404440
448 2919 541 2982 despit
557 2931 643 2978 carpos
679 2915 812 2966 4404040.
848 2919 927 2970 Socer
951 2919 1071 2982 livinii,
1099 2922 1139 2970 55.
1168 2924 1209 2972 ast

114 2993 208 3042 rates.
229 3018 257 3028 -
274 2993 312 3041 ott
329 2993 429 3056 ocrim]
456 2993 519 3042 «lati
544 2993 641 3056 ipsius,
680 2987 827 3048 scelestus,
854 2993 930 3043 cuius
954 2995 1111 3057 caputiari
1139 2995 1209 3058 (alibi

68 3115 73 3122 ,
116 3065 203 3118 letalis
219 3068 394 3118 necessitas.»
413 3067 642 3128 Gaiusinltigest.
681 3062 721 3112 dis
740 3061 838 3125 inieris)
857 3064 986 3116 devotum
998 3069 1040 3116 est
1055 3081 1105 3130 per
1118 3067 1209 3132 populi

116 3143 162 3202 49,
182 3142 226 3200 44,
251 3141 299 3201 45,
322 3140 351 3190 6:
379 3141 418 3190 vit
441 3141 540 3201 motor,
567 3152 644 3201 quam
681 3135 824 3196 iudicium,
851 3139 881 3187 ut
905 3139 927 3188 is
950 3138 1060 3202 impune
1078 3155 1093 3190 a
1112 3144 1207 3204 quovis

117 3215 211 3266 Graeci
227 3211 297 3265 θεοῦ
315 3213 398 3275 βίαν,
416 3217 444 3264 id
459 3221 509 3277 ast,
534 3216 587 3266 oin
602 3215 644 3263 di-
681 3210 859 3260 oceideretur.
904 3213 1007 3261 Seneca
1040 3213 1148 3276 Thyest.
1177 3217 1206 3277 4,

114 3292 204 3340 ninom
220 3289 363 3351 appellant,
389 3303 441 3340 non
456 3289 525 3339 debat
546 3289 644 3338 condu-
681 3285 721 3334 93,
752 3285 816 3334 item
837 3283 871 3334 de
893 3284 1052 3336 fratricidio:
1081 3300 1112 3336 oo
1133 3295 1210 3338 sacro

115 3366 180 3414 ctort
197 3365 320 3413 tantuma
336 3377 394 3414 esso.
680 3372 771 3408 mnam
796 3359 889 3410 t't'otzte
909 3361 992 3408 coede
1022 3361 1105 3412 Nimis
1125 3363 1210 3412 artifi-

149 3438 238 3488 45-40.
259 3437 356 3502 lacerti]
375 3435 440 3487 Silet
453 3435 644 3501 aliquantisper
681 3434 753 3484 close
772 3435 905 3484 Gesnerus
924 3435 949 3484 in
965 3435 1043 3484 Thes.
1064 3436 1157 3488 «Sacer
1168 3465 1183 3474 -
1194 3465 1209 3474 -

116 3514 195 3576 poeta
219 3513 295 3576 quasi
322 3514 505 3566 Romanorum
530 3525 644 3576 respon·
680 3521 759 3557 cruor
776 3511 831 3568 est,
854 3510 901 3573 qui
919 3511 1056 3572 tamquam
1073 3524 1208 3568 venenum

116 3597 178 3636 sum
200 3589 372 3649 exspectaus3
400 3585 472 3650 quod
494 3599 558 3636 cum
578 3599 644 3650 pro·
682 3582 789 3646 aliquod
815 3583 910 3644 inficit,
941 3583 1005 3644 urit,
1036 3585 1061 3633 in
1091 3585 1208 3636 iurarem

116 3662 177 3722 pter
205 3660 341 3722 pudorem'
368 3663 561 3724 stuporemque
590 3673 644 3710 noa
682 3659 797 3708 concitat
813 3661 948 3722 posteros,
967 3657 1040 3708 velut
1054 3657 1206 3722 illatunlca‚

116 3733 191 3795 dent,
204 3734 230 3783 ia
243 3733 355 3786 liberam
367 3735 575 3799 indignationem
583 3747 645 3798 pro·
681 3733 758 3783 Nessi
787 3733 907 3783 centauri
937 3733 1064 3795 sauguine
1094 3733 1206 3796 inlecta,

116 3808 231 3871 rumpit;
249 3822 319 3872 quae
337 3812 392 3859 tola
405 3809 645 3860 orationisconlor-
681 3805 834 3858 Herculem.
865 3809 907 3856 sie
923 3819 994 3857 uoces
1010 3821 1099 3858 sacrae
1122 3807 1205 3872 Epod.

115 3882 200 3932 matio
223 3885 280 3932 arte
303 3884 408 3946 poetica
431 3884 542 3933 minime
559 3886 643 3934 earet.
683 3882 727 3941 47,
747 3881 771 3930 6.
791 3884 853 3930 sunt
871 3883 989 3932 camarina
1006 3883 1109 3945 magica
1127 3896 1209 3933 vene·

120 3983 146 3991 -
167 3955 198 4002 V.
217 3955 288 4006 04400
305 3956 401 4010 melius
416 3958 596 4023 praemittitur
611 3972 645 4008 ex
682 3956 776 4005 ficas.»
806 3983 832 3990 -
859 3957 898 4005 De
926 3969 954 4004 re
981 3958 1077 4008 Lucan.
1098 3957 1130 4018 4,
1157 3957 1205 4006 95:

118 4031 274 4081 auctoritate
301 4032 366 4082 Cod.
385 4033 522 4096 antiquiss.
546 4033 579 4091 B;
606 4033 645 4082 sic
681 4031 805 4080 Fraterno
825 4031 902 4092 primi
919 4032 1070 4082 maduerunt
1086 4032 1208 4096 sanquine

119 4103 429 4158 minusmanetotiosum
437 4105 645 4169 meliusquetim
681 4107 750 4155 mari
768 4103 851 4168 (urbis
868 4105 984 4164 Romae).

557 4241 771 4251 a—--ff--n-a

208 4305 299 4351 ilonar.
317 4319 371 4351 roa.
389 4307 404 4351 l.
440 4321 476 4351 aa,
497 4319 573 4353 aaron
589 4307 624 4352 ill.
1012 4310 1038 4355 ll
