2934 4884
490 327 549 376 tiit.
568 325 598 374 ll.
635 325 662 372 C.
683 323 769 374 xt'ttt.

280 483 439 568 llarisquo
462 479 547 545 Baiis
570 477 787 564 obstrepentis
808 497 906 562 urges

237 623 447 686 Summovere
470 617 578 692 litora,

279 743 396 808 Parum
418 737 563 826 locuples
586 737 769 804 continente
791 735 870 822 ripn.

238 861 338 940 Quid,
363 859 453 948 quod
475 878 580 946 usque
608 857 772 944 proximos

279 981 418 1048 Revellis
441 979 507 1068 egri
530 977 683 1046 terminos
706 987 739 1044 et
760 976 842 1042 ultra

239 1123 369 1190 Limites
392 1119 553 1186 clientium

281 1243 363 1311 Salis
384 1238 526 1308 avarus?
549 1235 680 1304 Pellitur
708 1245 858 1322 paternos

178 1430 218 1478 to.
237 1426 292 1476 bair
307 1425 336 1473 T.
357 1447 386 1558 -)
403 1422 445 1471 25.
459 1419 572 1468 tentum
587 1415 702 1466 Pottierii
718 1417 844 1476 quattuor
855 1415 882 1463 et
892 1411 935 1462 ulii
945 1411 1022 1476 prob.
1037 1413 1163 1464 Gesnero.

147 1507 184 1566 (t't
201 1514 265 1561 nos,
284 1498 375 1548 nostri.

112 1657 170 1704 niae
187 1647 303 1706 litorale,
330 1643 436 1694 celebre
453 1653 567 1691 amoeno
584 1637 635 1686 situ
674 1633 825 1694 Quintiliani
850 1633 968 1684 Decium.
993 1635 1039 1694 43,
1065 1636 1098 1684 2:
1128 1636 1197 1685 Post—

111 1733 140 1778 et
150 1727 227 1790 aquis
238 1721 340 1772 calidis.
354 1717 429 1769 Conl.
439 1716 541 1766 Becker
550 1712 637 1763 Gallus
672 1723 750 1771 ostam
770 1711 902 1772 prosimos
922 1710 1060 1759 revellendo
1082 1712 1200 1760 torroioos

112 1801 180 1852 led.
194 1798 239 1848 ult.
251 1787 534 1860 p.l2isqq.—-ur9er]
546 1799 636 1836 usum·
674 1797 737 1848 opor
761 1784 887 1845 locupletis
911 1785 987 1833 totius
1007 1785 1147 1834 inundauit.
1170 1811 1196 1820 -

112 1889 157 1926 tno
166 1872 256 1924 studio
265 1871 291 1919 in
300 1868 327 1917 id
336 1864 480 1924 incumbis,
494 1864 524 1911 ut
534 1859 637 1922 longius
675 1859 789 1921 ltesrcllis]
818 1859 934 1908 Termini
950 1859 1057 1920 proprie
1075 1858 1199 1908 dicuntur

113 1957 274 2013 promoveas
288 1942 350 1992 litus
361 1937 475 1990 molibus
487 1934 636 1993 exstructis,
675 1933 781 1992 moueri,
799 1931 914 1980 eoorcri.
950 1933 1042 1982 Festus
1057 1933 1084 1981 in
1099 1946 1124 1981 v.
1140 1934 1199 1982 Tor-

113 2037 165 2074 uon
190 2020 256 2072 sutis
274 2015 377 2066 nubens
395 2011 444 2061 loci
462 2012 488 2060 in
505 2009 590 2060 litore.
609 2033 636 2042 -
675 2007 743 2056 mino
754 2021 780 2068 p.
795 2006 851 2054 457.
865 2005 984 2054 liudem.
995 2019 1018 2052 z»
1035 2007 1201 2058 Nimium·

113 2101 204 2160 [tipum
229 2105 279 2157 pro
301 2091 373 2139 litore
396 2091 423 2137 et
439 2087 497 2135 litus
513 2097 563 2146 pro
579 2084 639 2143 ripa
672 2081 750 2142 pilius
765 2080 852 2128 statuit
869 2093 940 2137 eum,
958 2079 1201 2138 putaminum&

113 2171 244 2234 usurpant
254 2166 350 2230 poetae
362 2177 369 2221 ;
387 2160 460 2224 quid,
473 2157 544 2221 quod
558 2157 638 2206 etiem
676 2158 785 2213 mosset,
803 2158 826 2201 et
839 2154 952 2213 ipsusne
963 2152 1034 2201 bocer
1044 2166 1129 2202 sacros
1139 2168 1197 2204 csse.

114 2249 167 2296 Cic.
187 2243 223 2292 de
245 2243 301 2290 lnv.
325 2239 356 2296 2,
375 2237 415 2286 3l.
443 2234 476 2284 de
498 2233 570 2280 litore
587 2231 640 2280 Eu·
677 2229 708 2278 Et
730 2225 855 2276 terribilis
880 2227 1035 2288 imprecatio
1057 2225 1152 2289 legitur
1173 2229 1199 2278 in

113 2324 187 2370 rotae
198 2315 331 2378 loquitur‘i
343 2309 425 2372 Volgo
437 2321 487 2372 per
497 2301 639 2371 σύγχυσιν
678 2304 756 2366 cippo
777 2300 848 2364 opud
870 2300 998 2363 sponium
1014 2301 1089 2350 illiso,
1107 2315 1134 2365 p.
1155 2303 1198 2352 tt.

114 2393 207 2444 nescio
233 2399 316 2451 quam
342 2383 485 2448 explicant,
520 2380 640 2430 dicentes
678 2378 795 2440 Quisquis
815 2377 861 2425 ltoc
883 2375 1009 2424 ruttulo-it
1029 2381 1075 2425 out
1092 2377 1199 2437 tersit,

113 2467 222 2533 proprie
234 2460 384 2512 mmuroosri
394 2470 480 2517 mors,
500 2457 528 2506 ut
539 2457 640 2504 Seneca
677 2453 781 2502 uuirnur
796 2464 901 2500 susurrem
915 2450 1059 2498 morietur!

114 2544 241 2594 controv.
272 2539 305 2586 5:
344 2535 431 2584 oroma
456 2534 642 2580 munerentur
711 2529 752 2576 25.
770 2527 812 2576 26.
830 2524 967 2588 nitentior]
986 2526 1103 2574 LexXll.
1116 2524 1199 2574 labb.

112 2615 232 2679 proiectis
247 2610 369 2668 nulium
391 2607 441 2658 sed
458 2607 484 2654 h.
504 2603 521 2654 l.
541 2603 642 2654 dictum
680 2602 716 2662 (8,
736 2602 796 2662 ωε
822 2601 951 2650 Pirronus
967 2611 993 2649 sr
1009 2611 1110 2648 ctrsmr
1124 2611 1202 2648 rmu-

115 2704 177 2742 esse
188 2701 239 2752 pro
247 2695 395 2748 promouere
406 2681 491 2740 litora,
510 2679 539 2728 ut
552 2691 643 2727 emen·
679 2688 733 2725 nsit
749 2687 871 2735 rursm,
888 2685 966 2726 srcsn
982 2685 1053 2724 suro.
1075 2701 1102 2708 —
1121 2673 1201 2735 Solis]

115 2764 236 2816 dandum
254 2760 337 2811 suasit
353 2756 401 2807 Ed.
421 2754 566 2806 Leidensis.
590 2750 643 2802 Sed
680 2752 752 2800 lncst
772 2751 798 2800 in
815 2751 867 2799 hoe
883 2762 909 2797 v.
927 2747 1054 2798 eudociae
1071 2747 1203 2809 significe-

115 2839 179 2890 nihil
188 2836 280 2886 obsint
289 2834 354 2894 quin
365 2831 579 2892 interpretemur,
589 2825 645 2876 nul-
681 2825 725 2874 tio.
761 2823 863 2874 Solonis
880 2821 922 2872 len
938 2822 1010 2886 opud
1026 2822 1137 2872 Dirlscn
1148 2822 1202 2871 llll.

116 2914 171 2966 inm
196 2908 315 2962 sermoni
340 2907 394 2956 vim
423 2903 581 2962 intercutes,
611 2914 642 2950 ex
681 2897 765 2949 stb.
784 2913 810 2962 p.
834 2898 899 2948 734:
925 2891 992 2946 Ἐάν
1014 2912 1057 2959 τις
1079 2890 1204 2960 uiuaci&

116 2987 226 3053 propria
244 2981 436 3045 significatione
452 2978 531 3028 huius
553 2975 642 3025 verbi:
681 2971 745 3042 παρ’
762 2966 903 3042 ἀλλοτρίῳ
919 2972 1015 3039 χωρίῳ
1032 2965 1133 3040 ὀρυγῇ,
1153 2966 1204 3019 τὸν

117 3070 307 3112 «summovere
336 3052 426 3113 litore,
462 3064 532 3114 quoe
566 3052 643 3102 anteo
682 3041 753 3118 ὅρον
769 3042 811 3110 μὴ
830 3043 1025 3114 παραβαίνειν.
1041 3072 1068 3081 -
1087 3045 1202 3106 Pollitw]

116 3137 205 3194 erent,
227 3131 313 3180 ethis
330 3141 397 3178 novn
416 3139 515 3189 enque,
533 3127 563 3175 ul
579 3137 645 3175 con·
683 3121 759 3174 ttnud
776 3119 930 3181 infrequens
947 3118 989 3168 illo
1007 3121 1127 3182 tempore
1140 3120 1205 3168 loci-

117 3213 280 3260 sentaneum
292 3207 346 3262 est,
362 3201 590 3264 longiusinmare
602 3213 646 3249 ex·
682 3211 747 3256 nus,
777 3195 839 3257 quio
861 3194 955 3256 inopes
979 3191 1090 3243 clientes
1114 3195 1205 3256 patro·

117 3281 254 3334 currentis
274 3277 464 3329 substituere.»
491 3276 592 3324 Seneca
611 3273 644 3324 de
683 3283 748 3321 num
773 3268 915 3326 iniustum,
951 3267 1000 3316 sed
1032 3268 1146 3328 pecunie
1173 3279 1205 3314 nc

118 3361 218 3419 rmnq.
246 3355 295 3403 An.
315 3352 348 3401 3:
376 3351 404 3400 Si
428 3349 513 3412 peruri
536 3350 646 3398 humone
683 3344 801 3410 potentin
812 3340 952 3400 vallatum,
972 3341 998 3390 in
1014 3340 1056 3389 ius
1067 3352 1205 3390 arcessere

117 3430 307 3488 mentimur,
320 3423 517 3489 --incipiemre
532 3423 648 3486 mdiflcio
684 3433 738 3471 non
760 3416 904 3468 audebant.
938 3411 990 3464 Sul.
1009 3414 1064 3475 lug.
1088 3412 1136 3462 tt:
1164 3414 1207 3462 ln·

118 3507 174 3554 ntia
187 3515 296 3565 ponem,
314 3501 368 3550 alio
383 3499 524 3548 subvolare
538 3502 562 3546 ot
576 3509 648 3546 orare
684 3499 754 3544 terea
765 3495 885 3554 parentes
900 3492 946 3537 aot
958 3489 1037 3549 pomi
1052 3487 1124 3536 liberi
1138 3487 1207 3535 nut-

118 3589 275 3630 runnrtooere
296 3580 320 3626 ct
336 3587 417 3636 uenas
434 3577 524 3622 curua
540 3571 648 3634 difficul-
684 3574 754 3629 tum,
779 3571 808 3615 ut
833 3564 936 3626 quoquo
955 3562 1207 3625 pourtoriconfinis

119 3651 415 3705 mlocommducere.
447 3647 648 3697 Ceterumcou-
685 3639 1043 3701 enumeraremus.
1085 3636 1139 3687 Cic.
1158 3649 1207 3699 pro

121 3730 214 3778 tiociis
236 3727 297 3788 ripa
318 3737 372 3774 non
395 3725 437 3773 est
454 3721 590 3780 «vicina»,
619 3721 649 3768 ut
686 3715 812 3768 solleio:
831 3717 860 3765 Ρ.
874 3714 1016 3765 Autronius
1034 3710 1208 3776 (catilinarius

121 3801 271 3866 explicetur
291 3799 318 3848 in
335 3797 450 3854 Lemnis,
478 3793 526 3844 sed
545 3795 647 3844 iterrae
686 3791 737 3854 illel
763 3790 899 3842 erturborc
923 3789 1032 3839 homines
1047 3785 1209 3848 cpossersio-

122 3875 283 3926 continentis
299 3872 395 3932 litus»,
418 3873 448 3921 ut
465 3870 519 3920 Liv.
533 3867 578 3928 ll,
597 3868 646 3918 28:
684 3867 773 3927 niem,
798 3866 900 3914 caedem
913 3865 997 3927 suone
1011 3862 1151 3910 victoum
1166 3870 1209 3908 so·

122 3949 258 4000 continenti
274 3948 354 3998 litore.
686 3940 767 3991 lebat.
808 3938 919 4002 Philipp.
947 3936 992 3995 tt,
1020 3935 1052 3983 3:
1070 3932 1209 3984 Antoniani

156 4024 199 4073 23.
217 4022 259 4074 tt.
279 4023 356 4084 Quid,
371 4019 444 4083 quod]
464 4021 648 4082 «Neqnevero
687 4017 756 4066 inter
780 4012 829 4062 uliu
855 4011 955 4064 scelere
981 4010 1081 4060 eiciunt
1105 4007 1207 4056 vicium.

124 4096 367 4156 hootibisulflcil‚
387 4095 435 4146 sed
454 4094 648 4157 compescet.»
688 4090 752 4140 l’lin.
770 4093 801 4142 lt.
821 4090 851 4137 N.
870 4089 899 4146 i,
921 4085 966 4134 68:
992 4084 1053 4132 laec
1074 4083 1158 4141 terre,
1183 4083 1210 4130 in

127 4173 311 4236 —prooeimoq
329 4171 395 4222 llinc
412 4165 650 4220 ductumestillud
687 4179 738 4226 ouo
763 4162 927 4214 conmittes
952 4158 1068 4220 illm
1093 4157 1210 4219 [wilti¹⁴⁶
