2934 4884
673 374 801 424 nourrii
820 374 987 426 clamitent

622 734 856 795 cnm
887 733 1040 795 uw-

459 915 557 980 llusis
579 915 700 981 amicus
723 913 881 980 tristitiem
906 923 938 978 et
959 922 1062 978 metus

458 1035 594 1101 Tradam
617 1036 775 1122 protervis
798 1036 829 1100 in
851 1055 939 1101 mere
962 1033 1125 1101 Creticum

356 1239 442 1288 XXVI.
478 1237 559 1286 lusor.
583 1236 651 1300 volg.
687 1238 725 1286 Ad
745 1235 841 1285 Aetium
861 1235 984 1283 Lamiam.
1011 1261 1038 1268 -
1062 1233 1100 1282 Ad
1120 1234 1207 1282 llutos
1224 1233 1254 1282 de
1270 1234 1340 1282 Aelio

324 1311 418 1436 ffllb
432 1313 506 1436 ²}ng
508 1311 609 1435 41ιοιιι4ο
625 1313 692 1362 BST.
718 1339 746 1348 —
771 1311 833 1359 Post
856 1319 879 1356 r.
907 1309 931 1358 T.
959 1308 1048 1359 delicit
1073 1307 1137 1357 Cod.
1161 1305 1179 1356 d
1200 1319 1286 1370 usque
1307 1309 1341 1356 ad

326 1563 413 1612 XXVI.
443 1563 539 1622 «Musa,
558 1564 601 1612 cui
622 1565 693 1613 totus
710 1563 815 1613 deditus
851 1565 913 1612 ente
934 1561 1021 1624 lugam
1041 1559 1177 1621 Tiridatis,
1202 1564 1275 1610 certe
1297 1564 1379 1610 enie-

292 1651 336 1687 res
361 1639 434 1687 extra
460 1650 505 1686 me
529 1638 630 1701 positas
651 1637 715 1688 nibil
740 1651 812 1698 curo,
852 1635 984 1700 quamde
1007 1649 1039 1686 ee
1057 1636 1163 1686 nuntius
1181 1635 1293 1686 Romam
1310 1649 1380 1700 per-

292 1710 400 1760 celebre
416 1712 535 1761 Lamiam
554 1714 676 1763 meumiu
706 1714 734 1762 L.
755 1713 815 1775 (non
851 1711 918 1762 latus
944 1713 1042 1761 esset.»
1076 1711 1185 1760 Fuluus.
1226 1711 1266 1762 Ad
1291 1723 1380 1774 quem

292 1784 332 1847 Q.)
350 1783 439 1835 Aelius
455 1786 545 1836 Lamia
562 1786 814 1850 nobilissimageute
851 1787 918 1836 haec
944 1784 1037 1835 scribit
1061 1785 1228 1836 hausimus
1254 1799 1280 1850 p.
1309 1786 1378 1836 239:

292 1863 366 1910 ortus
383 1859 474 1910 consul
492 1873 515 1909 a.
535 1875 562 1911 u.
576 1875 600 1910 c.
613 1863 670 1911 756.
699 1861 752 1912 Cir.
766 1861 812 1911 0d.
853 1859 1015 1918 «concedes,
1036 1859 1061 1908 ni
1079 1858 1162 1920 lallor,
1181 1859 1281 1921 aliquot
1299 1863 1381 1910 aunis

293 1935 317 1993 3,
337 1935 377 1994 ll,
393 1935 415 1983 4.
435 1935 501 1998 Epp.
516 1936 540 1995 4,
554 1935 594 1997 44,
608 1936 632 1985 6.
651 1936 731 1985 Tacit.
745 1938 812 1987 Ann.
851 1935 924 1998 prius
948 1934 999 1983 boc
1016 1946 1126 1984 carmen
1148 1935 1227 1984 scribi
1245 1935 1378 1998 potuisse.

293 2011 317 2069 6,
336 2010 388 2068 tl,
406 2008 453 2059 ubi
470 2009 504 2058 sd
516 2021 577 2058 ann.
590 2022 617 2058 ιι.
637 2024 660 2059 c.
680 2011 737 2061 786.
758 2011 815 2060 eius
852 2013 889 2059 De
907 2011 1028 2073 tempore
1046 2011 1118 2059 enim
1130 2012 1155 2059 te
1167 2011 1280 2060 lustinus
1291 2009 1381 2059 dece-

292 2096 366 2133 mors
390 2083 513 2133 refertur.
550 2083 623 2146 (Vide
649 2082 814 2148 Excursum.)
850 2085 897 2148 pit,
917 2085 961 2148 qui
991 2097 1053 2134 cum
1070 2083 1183 2134 deberet
1202 2084 1292 2134 dicere
1312 2097 1382 2134 curn

292 2156 370 2208 Filius
387 2160 429 2208 cst
445 2158 473 2207 L.
492 2157 558 2207 Aelii
575 2159 691 2219 Lamiae,
711 2161 817 2224 praeto-
852 2160 933 2209 Dieuc
951 2159 993 2219 54,
1013 2159 1052 2208 48.
1072 2159 1098 2207 in
1114 2159 1204 2208 Asiam
1224 2159 1258 2208 ed
1275 2159 1381 2208 Caesa-

292 2233 329 2282 ris
346 2245 370 2280 a.
390 2245 416 2281 ιι.
436 2245 458 2281 c.
478 2233 539 2293 444,
563 2245 644 2295 quern
662 2233 816 2296 frequenter
852 2247 909 2282 rem
926 2233 1077 2296 profugisse
1088 2232 1229 2292 Tiridaten,
1247 2244 1379 2297 perverse

292 2305 383 2356 laudat
416 2307 509 2356 Cicero
547 2307 579 2370 (v.
616 2309 814 2357 Onomasticum
853 2308 878 2357 iu
904 2308 1029 2370 Hispania
1052 2305 1153 2356 bellum
1175 2312 1233 2357 tuuc
1258 2310 1381 2369 tenpore

293 2380 403 2443 meum).
433 2381 502 2430 Cum
519 2381 570 2429 hoc
582 2395 691 2430 carmen
709 2393 817 2443 compo-
852 2385 975 2445 perunum
992 2382 1147 2442 somniavit,
1170 2382 1242 2445 quod
1265 2379 1380 2431 videbat

293 2458 409 2513 ueretur,
429 2454 576 2505 admodum
592 2455 750 2506 adolescens
762 2455 817 2504 lue-
852 2457 965 2518 Trogum
991 2455 1138 2508 subiecisse
1166 2457 1197 2521 (ἓ.
1226 2457 1275 2520 iti.)
1304 2470 1379 2520 quae

292 2532 327 2580 rit
342 2541 455 2578 necesse
473 2531 522 2588 est,
541 2530 620 2591 etque
638 2529 679 2579 vel
696 2530 757 2580 ideo
774 2531 816 2580 in·
852 2533 912 2595 post
936 2531 1003 2579 baec
1025 2531 1098 2582 linito
1117 2532 1282 2597 Hispaniensi
1302 2529 1379 2581 bello

294 2601 419 2654 credibile
449 2601 554 2652 videtur
587 2616 649 2652 eum
679 2604 816 2654 bominem
853 2609 926 2667 gesta
947 2607 1069 2655 essent.»
1105 2609 1191 2670 Atque
1211 2608 1378 2658 Lacbmeuni

293 2679 373 2728 luisse
400 2673 611 2742 μελαγχολικὸν
639 2680 666 2727 et
698 2679 814 2738 anxium,
852 2681 1010 2730 seutentiam
1045 2681 1185 2732 coufirmat
1216 2681 1313 2744 Virgilii
1349 2685 1378 2732 iu

292 2756 323 2801 ut
345 2750 437 2800 volunt
464 2749 594 2812 nonnulli;
624 2753 706 2802 immo
735 2751 815 2802 nobili
853 2755 985 2816 Georgicis
1004 2769 1028 2804 a.
1046 2769 1073 2805 u.
1093 2769 1116 2805 ο.
1130 2756 1186 2806 m.
1206 2755 1283 2806 editis
1299 2755 1378 2806 locus

293 2825 491 2876 adolescentulo
519 2827 576 2876 siue
610 2827 690 2876 nimio
723 2826 814 2877 labore
852 2829 918 2878 inira
936 2829 970 2878 ad
987 2843 1013 2879 v.
1032 2830 1056 2879 3.
1077 2831 1231 2895 exscriptus.

293 2900 433 2964 gratificari
460 2899 542 2949 voluit
566 2901 618 2950 boe
643 2901 765 2952 odarium
791 2904 816 2951 ei

418 2987 493 3023 cumr
666 2977 671 2987 '
779 2983 783 2990 ·
809 2979 814 2988 '

293 2977 435 3099 fflgexg’va
459 2984 816 3116 [vluffiffiffifflnpfflffl
851 3019 1053 3079 ventquemquc
1066 3019 1173 3067 tuentur
1183 3018 1281 3078 Musae,
1295 3031 1377 3066 cures

293 3125 382 3174 sciret.
414 3123 466 3172 «Ex
483 3136 524 3172 vv.
544 3124 599 3173 3-5.
612 3124 696 3187 liquet
706 3141 815 3177 carmen
852 3105 945 3175 munes.
959 3089 1119 3175 ,ΙΟΠΒῩΜΠΕ
1128 3090 1225 3176 ,9811οῶ
1246 3093 1375 3180 ’Μ’ῗ]

798 3205 802 3214 .
852 3163 960 3216 Plurelrs
977 3179 1069 3215 rarior.
1088 3166 1162 3214 ovid.
1182 3167 1248 3214 Fast.
1269 3167 1296 3224 4,
1324 3168 1373 3214 lb:

294 3199 427 3286 spriptum.
440 3210 500 3247 ⁰⁸⁵⁰
518 3211 542 3247 θ’
561 3212 588 3248 u'
608 3213 631 3249 θ’
650 3201 710 3286 729¹.
725 3204 816 3266 ΜΨ
852 3241 937 3300 Deque
944 3241 1373 3300 meopaviuoseunuecordumuus.

293 3277 361 3323 citur
386 3285 457 3321 emm
482 3276 624 3336 apparatus
649 3274 719 3334 belli,
744 3275 815 3339 quod

293 3347 418 3413 expulsus
435 3346 561 3398 Phraates
572 3361 625 3397 una
637 3363 699 3400 eum
711 3351 816 3412 Scythis
884 3351 908 3399 i.
935 3349 1067 3413 ριοιοιιιι]
1084 3348 1159 3399 ldem
1176 3348 1307 3400 ἐπίθετον
1324 3365 1376 3414 pro

293 3427 384 3474 contre
412 3422 545 3473 Tiridaten
570 3437 662 3486 regem
688 3427 813 3489 suscepit.
853 3425 1035 3488 «impetuosis,
1057 3423 1197 3474 violentis»
1222 3425 1267 3474 dat
1287 3425 1375 3475 ulrico

292 3501 365 3548 Tunc
380 3497 459 3560 igitur
475 3501 503 3546 et
519 3499 568 3562 ipsi
585 3500 682 3560 Parthi,
701 3512 815 3562 quorum
851 3500 933 3562 Epod.
954 3501 992 3561 46,
1012 3501 1052 3550 it.
1082 3499 1206 3550 Similiter
1223 3501 1326 3550 lucret.
1346 3501 1372 3562 6,

292 3583 437 3636 permagna
471 3584 534 3635 pars
560 3572 666 3622 Tiridati
699 3574 813 3635 larebat,
853 3576 912 3624 llo:
928 3575 1095 3637 petulantibus
1109 3576 1193 3624 Tuis.
1222 3575 1372 3638 virgnoo.

293 3644 450 3695 metuebant
470 3659 562 3709 regem
580 3648 738 3710 Scytharum
757 3661 815 3698 ma·
852 3650 876 3708 4,
894 3649 955 3699 536;
970 3649 1118 3711 procacibus
1132 3650 1237 3700 Aaou.
1264 3651 1376 3699 Senten-

293 3730 344 3781 guo
369 3731 431 3767 cum
457 3722 574 3771 exercitu
599 3724 816 3787 appropinquen-
852 3725 886 3772 tia
909 3724 1022 3773 estium
1044 3725 1194 3774 Homerica.
1225 3724 1320 3787 odyss.
1341 3724 1373 3785 θ,

292 3794 357 3852 tem,
377 3794 405 3841 et
420 3791 548 3845 Tiridates
565 3809 672 3846 summo
681 3799 707 3848 in
719 3799 815 3847 timore
852 3796 912 3847 l08:
942 3791 1012 3860 ἔπος
1034 3793 1059 3846 δ’
1087 3795 1165 3869 εἴπερ
1181 3813 1208 3849 τι
1232 3797 1374 3859 βέβακται

292 3864 463 3926 versabatur,
482 3880 515 3916 ne
532 3882 613 3932 regno
630 3871 814 3936 expelleretur.
852 3868 963 3932 Δεινόν,
981 3865 1063 3944 ἄφαρ
1073 3869 1108 3923 τὸ
1119 3877 1236 3944 φέροιεν
1247 3867 1375 3942 ἀναρπά-

293 3943 378 4003 Atque
396 3941 432 3989 ita
449 3941 505 3991 eius
523 3944 602 3992 timor
618 3946 746 3998 adauctus
764 3949 814 4008 est,
852 3944 939 4011 ξασαι
950 3941 1057 3998 ἄελλαι.
1073 3975 1101 3984 -
1113 3951 1139 3998 iu
1150 3963 1222 3998 mure
1239 3949 1372 4012 erutum]

292 4018 323 4064 ut
338 4015 364 4063 in
383 4015 535 4078 llispaniam
547 4019 582 4068 ad
592 4022 740 4082 Augustum
751 4035 816 4085 pro-
852 4023 931 4086 Sopb.
945 4022 1037 4072 Trach.
1052 4025 1111 4073 iil:
1129 4019 1232 4082 βιότου
1248 4019 1374 4072 πολύπο-

293 4089 396 4152 iugerit.
426 4091 481 4141 Hoc
498 4091 598 4143 lactum
614 4108 638 4143 a.
657 4108 683 4143 u.
703 4109 726 4144 c.
747 4097 814 4155 Tit,
851 4111 912 4156 νον,
926 4089 1023 4166 ὥσπερ
1034 4095 1157 4162 πέλαγος
1168 4095 1306 4166 Κρήσιον,
1325 4095 1372 4146 ubi

292 4164 323 4211 ut
338 4165 547 4227 patetelustino
564 4165 642 4228 tus,
656 4168 680 4217 6.
700 4170 815 4218 Carmen
852 4170 951 4220 Sobel:
986 4165 1026 4233 ὥς
1059 4167 1133 4222 πάνυ
1162 4171 1371 4236 χειμαζομένης

293 4240 383 4288 autem
401 4240 571 4290 Horatiauum
584 4242 762 4305 compositum
775 4245 815 4292 est
852 4243 904 4308 τῆς
921 4247 983 4315 uapl
1001 4241 1115 4316 Κρήτης
1133 4244 1293 4311 θαλάσσης.

885 2941 908 2989 l.
943 2943 1021 2992 Μιιιιι
1041 2942 1143 3005 οοιιοιιι]
1163 2943 1250 3004 «Ego,
1276 2943 1318 2992 cui
1337 2942 1380 2992 la-
