2934 4884
519 321 577 371 un.
598 323 626 371 u.
664 323 692 370 r..
714 322 754 371 rr.
1151 323 1208 388 tiit

388 477 536 542 Caesaris
559 487 592 541 et
615 475 753 563 rigidum
775 477 946 565 Niphaten.
1172 483 1214 546 20

294 633 493 722 Medumque
517 633 636 700 ssumeu
659 635 808 720 gentibus
831 635 974 700 adiiitum

119 907 232 954 surrenti
255 905 360 964 Phosiu,
386 907 473 954 Parthi
495 907 589 966 liquere
605 906 650 953 hi·-
688 903 811 968 exempio
828 905 922 955 Tibulli
941 906 969 967 4,
987 909 1015 966 3,
1035 910 1083 958 ir:
1101 911 1152 960 Aut
1167 925 1212 975 epo

116 981 219 1040 phuten.
256 981 452 1029 controversus
464 983 555 1029 autem
566 993 648 1043 quarn
686 993 742 1028 sum
751 986 871 1029 courum
885 989 1005 1032 overout
1021 986 1107 1034 osirim
1122 987 1212 1047 ‘Wadi

120 1055 237 1104 manime
256 1057 298 1103 est
315 1053 390 1104 iocus
408 1054 478 1114 Vtra.
498 1057 543 1104 Ge.
558 1054 587 1112 3,
601 1055 645 1104 30:
686 1055 792 1102 Setturui
825 1061 871 1104 out
902 1069 1005 1105 worn
1036 1071 1076 1107 uro
1108 1062 1213 1109 terruisse

118 1129 217 1178 addon
232 1129 307 1178 urbes
322 1129 396 1178 Asiae
412 1129 520 1178 eternitas
531 1129 648 1190 puberu-
686 1129 768 1187 dicem
794 1129 843 1178 sed
866 1129 964 1180 clarius
981 1132 1062 1181 etiam
1080 1134 1166 1194 Unger
1182 1148 1209 1197 p.

118 1215 167 1262 pue
189 1202 332 1262 Niphaten,
358 1201 485 1252 obicum
513 1202 647 1266 plerisque
686 1203 750 1252 35⁴:
772 1205 933 1254 «Centenius
951 1207 1061 1268 tropaea
1078 1209 1212 1271 eth'ipha·

118 1279 239 1326 montem
257 1275 385 1338 equidem
403 1289 538 1337 agnosco,
564 1281 593 1326 ut
610 1279 647 1327 si·
686 1277 730 1324 teu
750 1278 908 1336 (montem'ii
929 1278 1091 1343 Medumque
1109 1281 1211 1332 ilumeu

117 1351 227 1414 gnificat
244 1353 323 1413 poeta
350 1350 471 1414 mulsos,
499 1351 647 1402 debellatus
686 1349 795 1400 volvere
813 1353 930 1401 vertices
943 1353 1086 1414 minores»,
1106 1360 1135 1403 ut
1146 1358 1211 1404 Pro·

118 1439 179 1474 esse
198 1422 411 1484 dassaretas.»
437 1427 487 1475 etsi
512 1429 598 1488 Unger
618 1440 645 1490 p.
686 1426 754 1487 peri·
775 1426 803 1482 ἲ,
823 1427 850 1481 i.
870 1427 917 1474 ⁴92
955 1427 1013 1476 Nou
1038 1440 1083 1490 09⁰
1110 1429 1211 1478 Titanos

118 1499 174 1548 347.
203 1511 300 1548 rursus
326 1499 360 1548 de
394 1499 504 1550 iiumiue
539 1501 644 1563 accipit.
684 1511 866 1558 cancrena,
883 1501 1050 1550 h'ouueteres
1062 1503 1211 1552 Thetusuec

118 1573 222 1622 Etenim
240 1571 385 1636 aequaieS‚
407 1575 529 1624 Horatius
548 1579 575 1623 et
587 1575 646 1623 Vir·
683 1571 822 1635 Perperna,
840 1588 930 1622 norrun
947 1575 1062 1636 Homeri,
1080 1576 1172 1624 ,terris
1188 1582 1212 1626 et

117 1646 212 1710 gilius,
232 1645 321 1710 probe
339 1647 461 1697 sciebant
477 1651 597 1698 montem
615 1649 646 1698 ii·
683 1647 789 1708 imperto
815 1649 875 1698 hino
901 1651 977 1698 coisse
1003 1651 1079 1699 uado.
1125 1651 1154 1711 3,
1180 1653 1209 1711 t,

117 1720 171 1771 ium
197 1733 275 1778 esse,
303 1721 351 1770 sed
378 1736 410 1770 ex
436 1735 530 1772 eorum
555 1723 646 1774 verbis
684 1719 714 1769 7:
751 1723 784 1770 Et
811 1725 889 1772 cecini
921 1724 1009 1773 Curios
1037 1726 1132 1788 fraires
1156 1753 1171 1762 -
1195 1753 1209 1763 -

118 1797 223 1844 mature
242 1796 296 1844 iam
314 1797 525 1846 aGrammuticis
543 1799 568 1846 in
581 1811 646 1860 geo·
687 1795 849 1857 i'ictrieerque
875 1811 963 1846 ancras
986 1799 1058 1848 Fabii
1078 1813 1210 1862 pupuom·

118 1869 228 1931 graphia
256 1870 344 1918 miuus
366 1871 480 1920 versatis
497 1883 579 1933 prave
598 1885 646 1921 ex·
682 1881 729 1928 que
746 1871 874 1919 sinistrum
891 1873 1093 1922 moenem„
1108 1874 1209 1922 Hauni-

119 1942 221 2006 piiratis
239 1943 313 2006 apud
330 1945 494 2006 posteriores
513 1948 587 1995 ortus
605 1949 647 1996 est
682 1943 811 2006 botemque
827 1945 904 1994 tores
919 1947 1035 1996 Romana
1048 1948 1209 2009 sedesupou-

119 2017 246 2080 Niphates
274 2018 385 2078 fluidus,
416 2018 449 2068 de
468 2033 522 2082 quo
540 2022 645 2070 certum
682 2023 728 2075 ies,
759 2019 858 2067 Anseris
885 2023 908 2068 et
935 2024 1016 2068 tutum
1048 2034 1107 2068 uoce
1133 2022 1208 2082 [uisse

119 2091 189 2153 apud
208 2092 384 2155 Geographos
405 2106 469 2142 vera
486 2096 644 2144 auctoritato
681 2092 770 2140 loven.
794 2093 860 2140 iteru
873 2093 897 2153 3,
911 2092 939 2148 3.
960 2093 999 2142 48.
1020 2092 1090 2156 Eieg.
1104 2093 1138 2141 ad
1151 2096 1205 2144 Liv.

120 2165 256 2227 praeditos
279 2167 461 2218 testimouium
479 2167 579 2218 uuiium
597 2183 644 2218 ex·
681 2167 748 2228 Aug.
767 2165 823 2214 273.

120 2243 183 2296 siat3
211 2253 275 2289 uam
300 2240 334 2289 ad
352 2243 493 2304 poetarum
510 2241 584 2292 iocos
601 2257 646 2292 ae·

118 2314 290 2364 conrnrodata
303 2318 379 2374 suut,
399 2329 468 2379 quae
481 2317 643 2368 scholiastae
715 2313 757 2362 ti.
777 2313 817 2361 tt.
854 2313 1003 2373 Medumque
1017 2314 1119 2377 [tumen]
1137 2317 1206 2366 Saue

120 2389 217 2439 Lucani
235 2393 264 2439 et
281 2388 412 2440 iuvenalis
431 2389 455 2441 44.
469 2389 495 2440 ΙΙ.
515 2391 642 2448 adernam
682 2388 724 2436 est
741 2386 905 2449 Euphrates,
925 2388 1048 2452 proprius
1065 2392 1146 2450 atque
1163 2404 1207 2440 ce-

120 2475 206 2525 ueque
231 2463 284 2513 alio
313 2464 485 2514 fundamento
514 2467 642 2526 nituntur,
681 2460 876 2511 iehrutissimus
885 2460 1024 2511 Medorum
1033 2463 1089 2510 sive
1100 2464 1208 2512 Partho-

119 2550 185 2598 quae
216 2537 373 2588 dubitanter
398 2540 423 2588 h.
451 2539 467 2588 1,
495 2541 582 2590 horon
617 2544 644 2590 et
681 2549 742 2586 rum
755 2536 860 2584 durius.
895 2535 1097 2596 Deeademre,
1116 2537 1204 2598 idest,

118 2613 220 2662 Comm.
242 2613 306 2662 Cr:
324 2613 441 2674 Scythiae
455 2615 576 2677 fluuium
592 2617 645 2676 pie·
681 2609 715 2658 de
742 2611 830 2659 Crassi
856 2611 937 2672 signis
962 2623 978 2660 a
1005 2611 1116 2660 Phraate
1134 2625 1157 2660 a.
1178 2628 1203 2662 u.

117 2687 188 2746 rique
203 2687 338 2737 Annaeum
351 2693 458 2738 montem
467 2693 567 2749 putant,
585 2691 645 2738 Sen-
681 2683 738 2734 734.
766 2685 881 2747 receptis
906 2685 977 2745 i'irg.
1000 2687 1066 2734 hen.
1090 2686 1119 2746 8,
1138 2687 1202 2736 726:

119 2762 174 2810 tius
192 2761 227 2810 ad
244 2763 316 2825 Virg.
331 2761 347 2811 Ι.
367 2761 399 2812 4.;
426 2763 545 2824 Niphates
561 2765 644 2826 ettiu-
680 2758 822 2819 Euphrates
846 2757 898 2807 ibat
923 2759 976 2808 tom
998 2759 1099 2807 mottior
1122 2762 1203 2808 undis.

117 2837 357 2886 ru'usestetrnous.
377 2835 469 2886 Vibius
486 2838 641 2900 sappes.
682 2833 713 2881 Et
730 2833 777 2882 cir.
797 2834 862 2896 Epp.
884 2834 911 2894 4,
932 2833 975 2894 tt,
994 2833 1044 2882 27:
1071 2833 1205 2895 iusimpe-

119 2909 205 2960 Oberi.
218 2926 224 2958 :
238 2911 360 2972 Niphates
370 2911 503 2960 Anueuioe
516 2913 641 2972 (humen),
680 2907 797 2966 riumque
820 2908 940 2956 Phraates
964 2908 1081 2957 Caesada
1112 2910 1206 2970 occepit

120 2999 151 3032 ec
166 2991 252 3034 morata
267 2987 392 3048 Niphate:
406 3013 432 3022 -—
452 2988 508 3037 Iam
526 2987 572 3048 qui
584 2986 610 3034 h.
625 2985 641 3035 Ι,
679 2981 781 3044 qeuibru
788 2983 881 3042 minor,
892 2982 937 3030 uhi
951 2983 1012 3032 ride
1022 2981 1113 3032 adnot.
1134 2986 1203 3034 bion.

119 3071 164 3120 pro
190 3059 274 3108 tiuvio
293 3060 409 3118 habeut,
435 3062 509 3110 varie
535 3073 560 3108 v.
582 3061 645 3123 ripi-
680 3057 779 3117 ancyr.
799 3055 841 3104 ed.
862 3057 952 3106 Franz.
972 3070 998 3120 p.
1018 3057 1066 3106 35:
1101 3059 1207 3108 Parthos

119 3133 174 3180 rium
212 3133 423 3196 interpretantur
462 3133 503 3184 vei
538 3133 642 3196 «glacie
680 3131 758 3178 trium
774 3132 1111 3180 euerrituumitomauomm
1126 3133 1207 3194 spatio

119 3208 326 3267 constrictum,
353 3207 396 3258 vel
422 3222 454 3258 ex
477 3210 575 3259 Luceni
592 3209 645 3258 uoi-
680 3204 1206 3266 uumaremmmihisuppteuqueam'e

118 3286 210 3330 r-ertem
226 3294 296 3330 saxu
314 3281 443 3344 uigidum
461 3284 544 3344 saxis,
564 3295 643 3332 suro·
680 3279 767 3327 uriam
782 3278 872 3340 popuii
890 3279 996 3327 iiouraui
1010 3284 1095 3339 petere
1118 3282 1204 3342 00494,-

119 3367 209 3416 sumn,
241 3354 284 3405 vei
302 3359 413 3420 propter
430 3356 583 3407 accolarum
601 3358 643 3406 in·
680 3367 711 3401 ea
729 3358 814 3401 autern
831 3353 904 3414 uque
927 3351 955 3399 in
975 3353 1112 3413 penetrati,
1139 3355 1206 3413 quod

119 3431 224 3488 genium
238 3429 385 3490 doronem,
401 3429 532 3480 tumidum
543 3451 565 3490 ‚a
579 3443 642 3481 curu
680 3431 714 3475 ert
732 3428 760 3475 iu
771 3426 861 3487 irrupto
872 3426 965 3474 Martie
978 3425 1077 3483 littoris,
1095 3427 1203 3486 reponet.

119 3503 153 3552 sic
170 3516 281 3566 quoque
294 3503 481 3566 explicandum
495 3505 563 3554 toret
581 3505 643 3553 ‹dri-
681 3499 728 3550 atii
746 3501 956 3562 interpretantur
978 3498 1012 3548 de
1036 3498 1117 3547 tiuvio
1133 3501 1206 3548 Medo

118 3575 221 3636 gidumu
251 3591 284 3626 err
309 3577 382 3626 Statii
406 3577 489 3627 Theb.
510 3579 555 3638 40,
575 3577 639 3628 itii:
680 3575 705 3624 in
723 3575 828 3623 Araxen
854 3574 982 3623 iniiueute
1008 3586 1092 3637 prope
1109 3577 1206 3624 Perse-

118 3651 240 3712 ripidtque
265 3655 369 3700 hototor
392 3651 497 3700 Oebalus
520 3653 639 3702 Eurotae,
679 3647 760 3712 potin.
780 3647 875 3698 Strabo
888 3650 926 3697 i5.
940 3662 967 3712 p.
978 3649 1034 3698 729.
1054 3651 1092 3698 hc
1104 3648 1205 3698 dictum

119 3722 338 3774 uiummautem
355 3723 500 3774 maiumex
515 3725 640 3776 ialsahac
680 3723 749 3772 toret
766 3726 796 3773 ut
812 3723 859 3773 Od.
879 3723 907 3783 4,
926 3723 957 3782 4,
976 3724 1024 3773 38;
1061 3725 1206 3774 Metaurum

119 3797 335 3860 interpretatione
360 3799 411 3848 hoo
437 3801 525 3850 ortum
551 3801 642 3850 estut
678 3799 779 3861 ituraea.
816 3799 871 3847 Art.
885 3799 957 3860 poet.
971 3799 1019 3847 is:
1037 3800 1131 3861 {tumen
1141 3799 1205 3846 iihe-

119 3883 197 3932 prave
233 3873 439 3922 construerent:
480 3875 641 3924 «Cantemus
679 3885 754 3930 ouon
786 3885 858 3921 more
889 3873 1017 3921 Oceanum
1045 3873 1073 3920 et
1100 3870 1203 3920 similia.

120 3947 225 4008 tropaea
252 3949 280 3994 et
305 3947 436 4010 Niphaten
463 3961 494 3997 ac
524 3947 639 4008 Medum,
679 3947 712 3994 ht
728 3957 826 4009 parum
844 3945 973 3996 credibile
992 3947 1034 3994 est
1050 3943 1084 3993 ab
1097 3945 1204 3993 Horatio

119 4017 170 4068 duo
195 4019 318 4079 humina,
355 4023 500 4084 utrumque
525 4021 642 4072 minores
680 4023 824 4070 memorari
841 4019 1109 4078 uumeuobscumm,
1129 4019 1205 4070 cuius

119 4092 225 4143 rainere
237 4096 368 4145 vertices»
388 4097 439 4144 oet.
477 4096 586 4145 [tecum
598 4109 643 4144 ra·
681 4109 713 4145 ue
732 4095 825 4145 Vibius
843 4095 953 4157 quidem
965 4094 1110 4154 sequester
1127 4105 1205 4142 meu-

119 4167 217 4217 tiouem
234 4169 287 4218 iam
305 4181 355 4230 ego
373 4169 533 4226 iudicaram,
553 4167 643 4218 addito
680 4171 781 4219 tionem
807 4169 877 4219 tecit.
907 4195 935 4205 -
958 4165 1071 4230 pentibus
1091 4167 1205 4218 additum
