2934 4884
650 340 782 393 HOllA'lll
799 340 969 392 cAalssntJlt

433 494 613 563 Praebente
636 494 739 561 divos.
784 496 863 560 Nam
886 494 956 567 tibi,
979 514 1045 582 quo
1068 493 1121 560 die

476 619 591 683 Portus
615 614 818 683 Alexandrea
839 614 977 702 supplex

520 740 557 803 Et
578 756 717 803 vacuam
738 734 889 823 patefecit
909 733 1032 809 aulam,

434 898 574 961 Fortuna
595 892 696 959 lustro
717 912 875 980 prospera
896 892 990 959 tertio

433 1015 512 1083 Belli
536 1014 698 1083 secundos
721 1012 862 1080 reddidit
881 1013 1004 1086 exitus,

474 1136 686 1223 Laudemque
710 1145 743 1200 et
764 1144 912 1220 optatum
932 1134 1073 1221 peractis

519 1255 666 1343 Imperiis
688 1255 791 1321 decus
815 1254 984 1341 arrogavit.

436 1416 479 1482 Te
502 1413 661 1483 Cantaber
682 1434 748 1480 non
769 1422 843 1479 ante
865 1411 1038 1479 domabilis

331 1634 371 1683 35.
389 1632 547 1683 Alexandria
564 1631 629 1692 S,C,
649 1629 785 1680 alcandri
804 1628 859 1692 (sio)
872 1629 900 1676 T.
919 1626 1091 1691 (Alcoeoudrcu
1107 1639 1245 1691 superscr.
1264 1627 1322 1690 ib.)

267 1816 373 1867 vanam.
413 1816 479 1867 Hinc
506 1816 594 1865 ductau
621 1816 649 1864 el
676 1816 790 1877 auspiciu
829 1826 859 1863 re
876 1825 941 1863 vera
964 1812 1037 1864 idem
1058 1812 1107 1863 tuit
1125 1812 1197 1873 dea,
1224 1814 1268 1863 est
1286 1814 1361 1863 team

266 1890 462 1953 distinguuntur
479 1902 494 1939 a
511 1890 601 1938 Tacito
612 1892 680 1939 Ann.
694 1890 724 1949 2,
746 1889 788 1940 tt.
827 1886 985 1938 Kalendario
1002 1888 1148 1948 Antiatino,
1168 1885 1271 1937 Claudii
1289 1888 1362 1937 tem·

268 1966 343 2027 (Anu.
367 1964 396 2024 3,
420 1962 465 2014 ll:
506 1962 615 2013 Tiberius
631 1988 645 1999 -
663 1988 677 1999 -
693 1963 792 2013 imaue
827 1972 907 2023 porc,
926 1963 956 2010 ut
971 1959 1091 2019 videtur,
1114 1959 1238 2009 coniecto
1256 1961 1358 2022 (inser.

265 2040 365 2101 scripsit
382 2064 396 2074 ·
414 2064 428 2075 -
444 2038 492 2101 Ado
516 2050 547 2086 uc
571 2037 663 2087 uirtute
687 2037 790 2099 hamos,
828 2046 864 2083 m.
891 2036 953 2084 Lat·
969 2035 1001 2084 ll.
1019 2046 1047 2097 p.
1065 2034 1134 2095 397.)
1159 2035 1187 2083 et
1209 2033 1303 2083 Oresio
1326 2035 1359 2091 6,

265 2126 291 2164 sa
311 2110 647 2174 consiliissuparfuiasa.)
680 2111 790 2161 sueton.
829 2108 869 2157 49.
889 2106 944 2157 Kal.
963 2106 1064 2168 Sextii,
1081 2106 1169 2157 otalii
1186 2107 1362 2170 minuspno-

268 2190 360 2238 Octav.
376 2187 423 2237 il:
453 2186 556 2237 Domuit
571 2212 586 2225 -
593 2186 691 2247 partim
706 2186 790 2246 ductu,
828 2180 1081 2243 nabffltertradunt,
1099 2195 1133 2231 xv.
1146 2179 1201 2231 Kal.
1215 2182 1289 2245 Sept,
1304 2181 1360 2243 (29.

263 2262 360 2323 purtim
382 2261 502 2323 auspiciis
522 2258 750 2308 suia--Rneticm
769 2262 793 2307 ot
828 2267 866 2304 m.
885 2255 1014 2318 Augusti.)
1037 2255 1091 2305 Cir.
1112 2255 1214 2305 Franke
1236 2255 1306 2305 Fasti
1327 2266 1360 2317 p.

270 2335 404 2384 Vindelicos
420 2348 451 2383 cc
470 2333 592 2383 saluam.
620 2331 693 2381 Ouid.
713 2332 790 2381 Trist.
829 2328 886 2379 ati.
904 2330 994 2392 Longe
1012 2327 1087 2379 aliter
1103 2328 1176 2378 huno
1191 2327 1362 2378 loeumsca-

266 2408 296 2467 2,
316 2408 379 2457 iil:
399 2408 530 2471 (Victoria)
550 2406 734 2467 Ascaniumque
744 2407 793 2453 du-
828 2402 895 2465 liger
911 2403 945 2454 de
963 2403 1075 2454 Emend.
1094 2404 1176 2466 lamp.
1198 2402 1230 2450 V.
1249 2414 1277 2465 p.
1295 2401 1359 2452 θλ

267 2494 320 2531 cun
346 2482 423 2530 nolitis
451 2482 611 2531 circumvolet
638 2479 793 2529 ulis--Pcr
828 2478 1030 2541 interpretatur:
1043 2476 1259 2540 efficimperium
1267 2478 1362 2537 Augu-

266 2554 420 2616 cumulatio
436 2556 511 2618 cuia,
529 2556 677 2605 cuiusuuuc
688 2565 794 2615 corpora
830 2552 862 2602 sti
880 2550 1015 2601 orditura
1033 2549 1117 2601 caede
1134 2550 1265 2607 caesuris,
1284 2560 1361 2599 anno

263 2641 378 2692 popum
404 2630 556 2693 Auspicimu
570 2630 611 2679 cui
628 2630 674 2678 dux
696 2629 793 2691 arcade
829 2625 950 2677 secundo
977 2625 1086 2677 loliano.
1124 2627 1216 2688 ltaque
1244 2624 1359 2673 lentium

266 2704 371 2764 mosque
387 2708 450 2751 nuos.
466 2716 556 2763 -quo
573 2702 619 2765 dia]
639 2702 720 2761 «Quia
731 2704 793 2764 post
829 2698 942 2751 lustrum
954 2698 1120 2760 absolutum,
1139 2698 1232 2757 idest,
1245 2698 1360 2759 qmnlus

267 2775 420 2838 quindecim
446 2787 530 2824 anuos
551 2786 633 2838 quem
658 2776 792 2835 Augustus
830 2773 951 2825 decimus
976 2785 1062 2823 annus
1083 2786 1098 2820 a
1121 2772 1204 2823 caede
1230 2772 1359 2821 Caemris

265 2847 452 2898 Alexandriam
474 2848 545 2910 cepit
567 2848 599 2908 (a.
623 2860 649 2895 u.
669 2861 693 2897 o.
712 2847 790 2909 llll,
829 2860 914 2898 annus
931 2848 1057 2909 receptae
1082 2844 1271 2903 Alexandriae,
1302 2844 1360 2893 hoo

266 2920 387 2971 Tiberius
405 2921 503 2971 devicit
519 2919 697 2971 Vindelicos.»
717 2923 749 2983 (a.
763 2934 790 2971 u.
829 2922 883 2981 eal,
914 2932 999 2970 annus
1024 2920 1089 2970 xvl.
1112 2916 1237 2969 lulianus.
1271 2918 1358 2967 necte

267 3008 291 3044 c.
305 2992 371 3054 7³9.)
399 2994 486 3043 Aenon
511 2995 611 3045 Naurur.
640 3022 668 3032 -
694 2994 791 3058 Portica]
828 2996 906 3058 igitur
921 2994 1045 3045 Horatius
1060 2992 1360 3055 definivittempusim-

267 3067 320 3119 cir.
351 3067 446 3117 Strabo
475 3068 518 3127 il,
550 3068 574 3118 6.
604 3069 646 3119 Vl.
676 3080 702 3131 p.
733 3067 790 3118 lua.
828 3070 895 3133 perii
917 3068 1028 3129 Augusti
1050 3065 1085 3116 ed
1106 3068 1245 3129 receptam
1265 3078 1358 3128 usqua

267 3140 360 3191 Tasch.
390 3140 577 3193 Alexandriam
611 3144 702 3193 autem
725 3142 752 3191 h.
772 3140 789 3191 Ι.
829 3140 1031 3200 Alexandriam,
1065 3151 1196 3189 annonam
1217 3140 1272 3189 XV.
1295 3137 1359 3189 scli-

266 3226 316 3279 per
338 3214 577 3284 κροσωποποιῖαν
599 3216 669 3279 linge
693 3215 741 3265 tibi
757 3214 791 3265 fl-
828 3214 950 3264 dorum.»
987 3214 1088 3263 Verum
1111 3213 1150 3263 sic
1175 3211 1247 3263 nulla
1271 3212 1359 3263 inter-

266 3302 331 3353 gura
349 3288 485 3350 muliebri,
513 3289 743 3353 quamadmodum
763 3290 791 3339 in
829 3287 900 3338 cedit
922 3288 989 3337 ratio
1009 3286 1080 3337 inter
1099 3285 1289 3337 Alexandriam
1308 3299 1358 3335 ca-

266 3364 383 3414 nummis
400 3362 482 3413 urbes
502 3362 590 3415 solent
610 3363 735 3425 exprimi,
762 3363 792 3411 ul
828 3363 901 3426 ptam
925 3363 952 3411 et
973 3357 1124 3410 Vindelicos
1145 3358 1304 3409 debellatos.
1322 3386 1354 3397 -

266 3435 338 3498 apud
366 3436 467 3485 ansche
495 3437 558 3485 Lex.
586 3447 658 3484 num.
685 3435 705 3482 1.
728 3447 788 3498 pag.
826 3433 1067 3494 uocum-culum]
1090 3434 1219 3482 Antonius
1237 3433 1310 3483 enim
1326 3436 1357 3482 et

267 3506 324 3559 3⁴9.
352 3510 394 3559 est
410 3507 570 3559 Alexandria
598 3508 669 3570 ipsa,
696 3505 791 3557 mulier
829 3508 985 3572 Cleopatra,
1008 3519 1072 3557 cum
1087 3517 1117 3554 se
1140 3506 1166 3555 iu
1188 3503 1356 3555 Mausoleum

265 3582 356 3641 alans,
391 3582 467 3631 veste
496 3582 650 3641 sucelnclu,
685 3584 790 3631 exserta
827 3582 1006 3645 recepissent,
1025 3592 1088 3631 mox
1103 3578 1359 3630 mortemsibicon·

266 3654 359 3705 dextra
376 3666 508 3713 mamma,
536 3654 622 3718 capite
642 3651 792 3717 elephanti·
828 3655 972 3706 sciverunt.
988 3651 1144 3714 -rcddiditJ
1158 3664 1358 3715 «rursusprao-

266 3742 328 3780 nam
340 3728 444 3791 galeam
456 3740 567 3791 gerens,
580 3729 606 3777 in
616 3726 667 3777 alio
678 3740 792 3779 nummo
827 3728 911 3779 buit.»
930 3754 959 3763 -
973 3727 1085 3789 parcetis
1097 3725 1218 3787 lomariis]
1238 3724 1356 3777 meatus

266 3800 388 3853 eiusdem
412 3800 486 3858 urbis
513 3800 576 3851 ibid.
594 3814 655 3866 pag.
674 3801 731 3851 323.
750 3805 793 3851 est
828 3799 1043 3867 expeditionibus
1061 3802 1089 3850 et
1113 3799 1165 3849 tuis
1189 3800 1306 3863 propriis
1328 3802 1357 3848 et

266 3876 363 3927 mulier
380 3876 453 3927 humi
470 3876 607 3927 deridens.
628 3902 656 3913 -
675 3876 723 3925 vv.
742 3888 792 3936 cuc
828 3876 928 3927 ducum
945 3877 1053 3925 tuorum
1069 3877 1115 3923 tuo
1132 3871 1244 3923 consilio
1260 3872 1296 3921 ad
1314 3871 1356 3923 ie-

265 3952 305 4001 die
328 3952 416 4001 aman
438 3952 489 4001 cet.
516 3963 569 4000 non
603 3950 682 4000 nimis
710 3962 792 3998 accu-
826 3949 985 4001 licissimum
996 3949 1098 3999 exilum
1113 3947 1280 4012 perductis.»
1302 3948 1357 3996 llo·

266 4026 323 4075 rste
349 4024 383 4075 da
408 4036 462 4074 uno
479 4024 631 4089 eodemque
654 4024 698 4073 die
720 4024 793 4073 acci·
829 4025 946 4075 nendum
957 4024 1011 4077 hoc
1022 4025 1083 4073 crat
1097 4024 1207 4087 propter
1218 4034 1296 4080 euna,
1310 4021 1355 4083 qui

265 4097 362 4161 pieuda
379 4098 515 4157 videntur,
537 4098 658 4149 sedeat:
678 4098 792 4149 «eodem
829 4111 917 4163 nuper
926 4098 994 4148 mire
1006 4098 1195 4160 interpretatus
1206 4098 1260 4145 est:
1279 4106 1356 4157 «pan

265 4183 350 4237 propa
362 4173 484 4237 tempore
493 4175 675 4225 recurrente.»
692 4172 791 4233 Quodsi
829 4173 901 4236 igere
924 4172 1039 4233 (solocce
1057 4184 1106 4236 pro
1119 4168 1252 4233 mua)
1271 4170 1356 4232 impe
