2934 4884
518 383 576 433 ltu.
596 385 614 433 l.
651 386 679 434 C.
700 385 753 434 Vll.

236 538 336 604 libus
358 547 392 602 ut
414 513 557 603 obscuro
580 539 726 627 deterget
748 539 859 606 nubila
880 541 972 608 caelo
1156 543 1195 607 45

323 660 428 746 Saepe
450 661 552 724 Notus
574 679 681 747 neque
710 662 846 746 parturit
868 661 988 728 imbres

234 818 411 902 Perpetu0,
436 817 483 882 sic
506 825 539 881 tu
562 817 695 904 sapiens
719 817 813 883 linire
836 829 996 884 memento

172 1026 211 1073 45.
233 1025 338 1073 Nonum
356 1023 417 1072 binc
434 1035 544 1072 carmen
561 1024 651 1086 incipit
668 1024 693 1072 4ιι
711 1023 809 1081 bST‚c.
832 1052 859 1059 -
883 1026 988 1088 dcterpit
1005 1025 1070 1076 Cod.
1088 1027 1163 1077 llart.

135 1095 221 1146 Aldus
247 1097 321 1146 4509.
349 1097 392 1158 (tit
413 1109 476 1154 000,
500 1097 553 1146 iam
573 1095 655 1147 Aldus
678 1098 766 1158 4549.)
787 1126 814 1134 -
838 1101 878 1148 46.
902 1100 994 1164 neque]
1016 1113 1061 1149 nee
1082 1100 1110 1150 T.
1137 1129 1164 1137 —

137 1173 178 1220 47.
199 1174 323 1233 Pmpctao
346 1172 412 1232 sie,
436 1184 499 1220 cum
519 1169 604 1220 tribus
626 1169 729 1232 Bland,
749 1170 807 1236 βγκ
824 1176 851 1222 et
868 1173 975 1224 duobus
992 1172 1049 1224 aliis
1068 1173 1164 1224 Beati:

134 1247 272 1308 Perpetuos
291 1244 319 1304 b,
339 1245 454 1294 Potlierii
473 1245 497 1304 4,
515 1245 539 1303 8,
559 1245 600 1304 42,
619 1245 660 1304 62,
679 1245 731 1304 aa,
752 1245 851 1296 LCtle.

104 1401 231 1451 tmalem.
259 1403 403 1450 Praeterea
421 1401 456 1451 de
468 1401 566 1463 Nibbyi
578 1415 639 1452 sen·
674 1402 749 1452 00404
769 1405 846 1452 aruir.
881 1403 955 1453 Ovid.
979 1406 1037 1454 Am.
1060 1405 1085 1466 3,
1108 1406 1133 1465 6,
1151 1405 1197 1456 lt:

102 1479 184 1526 tentia
204 1476 326 1539 ,tt'iappio
335 1476 354 1524 l.
367 1489 394 1539 p.
409 1477 475 1536 458.)
495 1474 635 1540 templum,
674 1478 725 1526 Nec
742 1481 765 1526 tc
777 1483 923 1538 praetcrea,
941 1479 985 1540 cui
998 1493 1046 1540 por
1056 1493 1122 1528 ecco
1131 1494 1200 1530 aava

102 1551 136 1598 de
161 1563 217 1612 quo
235 1549 355 1612 loquitur
376 1551 441 1608 Tea,
465 1562 480 1598 a
503 1551 531 1601 L.
556 1549 637 1600 Cellio
673 1551 789 1600 volutans
807 1551 903 1602 Tiburte
918 1553 993 1616 Arari
1003 1555 1200 1617 mmisercruc

105 1629 166 1681 {non
184 1625 283 1686 Caelio)
301 1623 344 1673 vel
361 1627 525 1674 exstructum
542 1624 584 1674 vel
597 1639 638 1674 re-
674 1626 753 1687 04000.

101 1701 226 1748 stitutum
239 1700 345 1760 [manca
357 1701 398 1748 est
409 1699 481 1748 enim
493 1699 636 1762 inscriptio)
706 1699 850 1750 Deieusam
867 1713 954 1764 nuper
968 1701 1084 1752 vidimus
1103 1717 1119 1752 a
1136 1706 1200 1753 Gro-

103 1771 471 1834 l'estaepotiusdedicatum
485 1776 636 1834 eratquem
675 1773 792 1823 telendio
814 1776 904 1835 (Erseh
925 1777 1027 1837 1400004.
1050 1778 1081 1826 ll.
1105 1779 1145 1826 444.
1170 1789 1197 1841 p.

101 1845 243 1896 Albuneae
268 1847 325 1894 sire
346 1845 461 1906 Sibyllae
484 1846 637 1896 Tiburtinae
674 1847 741 1910 474.)
761 1861 822 1897 eam
834 1850 974 1910 rationem,
988 1863 1200 1914 quamseqauu-

101 1921 235 1978 44004004.
255 1921 320 1968 4004.
341 1920 364 1978 4,
383 1919 416 1982 6).
441 1918 515 1969 ldem
532 1933 558 1982 p.
578 1919 634 1970 464.
674 1923 717 1970 tur
734 1922 809 1973 multi
832 1923 931 1983 Codd.,
957 1927 988 1973 ut
1012 1925 1066 1975 duo
1091 1926 1198 1977 diversa

101 1996 207 2042 domm
241 1993 368 2042 Albuneae
403 1994 517 2044 eandem
556 1995 636 2044 luisse
673 1997 725 2045 sint
743 1999 860 2046 carmina
877 2011 919 2046 vv.
939 1998 1028 2049 t-tt.
1047 2003 1075 2048 et
1091 2001 1196 2050 45-36.

103 2069 243 2131 opinatur,
263 2081 335 2130 quae
353 2081 424 2118 nuuc
441 2069 638 2118 dieiturGrotto
673 2071 790 2130 Verum,
818 2073 853 2120 ita
875 2073 905 2120 ut
925 2071 1120 2134 discindantur,
1147 2089 1198 2124 nec

104 2143 220 2207 mpla)
239 2144 266 2190 dt
283 2144 404 2201 Nettmro,
428 2143 503 2192 cuius
521 2144 636 2206 opinioni
673 2144 797 2193 concedit
818 2144 989 2208 stropharum
1009 2148 1077 2196 ratio
1097 2159 1113 2195 a
1133 2148 1198 2197 llei-

100 2217 211 2268 aecedit
237 2215 358 2280 locuples
378 2220 484 2275 auctor,
512 2216 636 2268 Waleke-
673 2219 752 2267 aelio
768 2217 913 2279 significata
931 2219 1200 2280 atqueanobisser—

100 2306 169 2342 noer
187 2293 209 2341 l.
229 2305 257 2354 p.
280 2290 338 2340 347,
672 2294 748 2350 vata,
767 2293 796 2340 et
811 2292 977 2354 apertissima
995 2295 1037 2341 est
1052 2295 1199 2343 senteutia-

132 2368 173 2416 43.
217 2364 291 2428 Anio]
320 2365 347 2413 b.
378 2366 514 2428 Teucrone,
544 2359 578 2428 ὃς
602 2366 635 2417 ἐκ
672 2379 733 2416 rum
751 2367 821 2415 iuter
837 2380 880 2414 vv.
901 2365 931 2416 44
950 2368 977 2415 et
994 2368 1033 2416 45.
1054 2370 1195 2418 connexio:

101 2437 218 2502 ,πόλεως
253 2435 386 2508 Τιβύρων
419 2441 486 2490 καθ’
516 2435 634 2506 ὑψηλοῦ
674 2442 756 2490 «Ante
774 2453 869 2491 omnes
885 2442 1009 2504 regiones
1029 2442 1094 2492 mibi
1110 2441 1199 2506 placet

100 2511 176 2566 πολὺ
197 2513 329 2573 ἐκχεῖται
345 2513 501 2565 σκοπέλου.
524 2517 633 2578 Dionys.
672 2513 767 2572 Tibur;
791 2529 855 2577 ergo
877 2517 906 2564 tu
926 2528 1035 2579 quoque
1056 2517 1083 2566 iu
1105 2530 1198 2567 amae-

100 2591 183 2642 llalic.
206 2591 231 2638 5.
251 2603 279 2652 p.
299 2589 356 2638 305.
392 2591 456 2638 Stat.
481 2589 541 2642 Silv.
566 2591 589 2650 4,
609 2592 633 2650 5,
673 2589 783 2639 04004400
811 2589 947 2638 Tiburtino
974 2591 1021 2638 tuo
1054 2591 1196 2651 tristitiam,

100 2667 143 2716 25:
160 2676 291 2727 praecepa
307 2664 393 2712 Anien.
422 2666 540 2727 Propert.
554 2664 578 2724 3,
594 2665 633 2724 46,
673 2677 743 2726 quae
760 2677 832 2714 nunc
850 2666 875 2713 to
893 2665 977 2727 augit,
995 2664 1131 2729 depellere
1147 2680 1198 2729 po-

100 2739 125 2789 l:
145 2741 182 2789 Et
200 2738 273 2787 eadit
287 2738 426 2798 inparatos
435 2739 553 2800 Nympha
564 2739 637 2787 Ante
672 2739 749 2797 teris,
777 2738 1007 2801 quemadmodum
1036 2739 1096 2789 40440
1121 2738 1198 2802 longe

100 2829 133 2864 aa
161 2815 238 2862 40000
268 2813 301 2874 (te
328 2813 458 2862 caccatette
486 2814 511 2861 di
538 2813 634 2876 Ttuoti),
672 2811 832 2862 tristioribus
850 2815 926 2862 aetus
937 2813 1114 2863 constantiam
1131 2811 1199 2862 bila-

101 2890 221 2938 maxime
244 2885 292 2934 ubi
318 2899 389 2935 nune
407 2889 448 2936 est
464 2889 539 2937 Ponte
555 2889 633 2948 Lapa.
672 2899 786 2948 remque
808 2887 928 2938 animum
949 2900 1057 2936 servare
1079 2886 1130 2937 sibi
1147 2901 1198 2951 po-

102 2953 154 3012 clr.
176 2959 361 3011 Walclrenaer
377 2959 394 3010 Ι.
414 2959 430 3009 Ι.
444 2986 471 2996 -
487 2961 587 3010 Tiburni
598 2961 637 3010 la-
673 2961 722 3010 tuit
738 2960 840 3011 Teucer
856 2960 898 3010 ille
910 2963 1051 3022 tragicusm
1077 2963 1198 3012 Disseclo

99 3037 149 3099 000)
169 3047 260 3099 prope
278 3033 373 3094 Tibur,
396 3037 426 3083 ut
447 3035 633 3097 rectoriam,
674 3035 806 3095 carmine,
825 3037 855 3084 ut
865 3033 908 3084 ille
919 3033 1034 3095 volebat,
1053 3034 1116 3086 nibil
1133 3037 1199 3084 ieiu-

101 3110 228 3159 4440οι000
247 3120 315 3158 saue
337 3121 353 3156 a
371 3121 481 3157 nemore
502 3109 573 3158 iuxta
590 3109 635 3158 lll-
673 3110 732 3159 nius
749 3111 829 3171 atque
847 3109 955 3158 lloratio
972 3109 1104 3172 indignius
1121 3123 1199 3158 exeo

100 3180 632 3234 huneaeantrum.Cir.Walclr.l.l.Stat.
673 3184 750 3246 gitari
770 3184 889 3246 poterat,
918 3196 999 3246 0000]
1020 3197 1064 3232 vv.
1088 3182 1196 3241 4-44,;

101 3258 161 3307 Sile.
186 3259 210 3318 l,
224 3258 251 3317 3,
265 3256 311 3307 tt:
330 3257 377 3305 lita
393 3257 497 3306 recubat
515 3257 636 3306 Tiburnae
673 3257 745 3306 omni
755 3257 828 3307 enim
839 3255 947 3307 consilio
959 3257 1115 3306 destitutum
1127 3257 1199 3304 esset

100 3333 125 3380 io
140 3323 247 3382 000400.
279 3330 412 3380 Tiburnus
431 3331 509 3393 (virg.
524 3330 634 3393 quidem
672 3330 724 3380 tale
751 3330 871 3380 odariom
915 3331 983 3379 Sauo
1008 3328 1087 3390 longe
1113 3326 1197 3377 aliud:

100 3411 166 3456 len.
187 3407 212 3465 7,
233 3405 296 3454 eit:
316 3405 415 3454 Fratris
432 3404 526 3454 Tiburti
542 3406 636 3454 dictam
671 3407 812 3464 meana,
832 3406 871 3452 et:
894 3404 914 3452 0
929 3404 986 3466 sons
1002 3402 1152 3452 Bandusiae.

100 3481 251 3545 romine
266 3483 377 3541 pentem,
400 3481 431 3527 ut
451 3478 534 3528 babet
553 3481 634 3530 etiam
706 3482 746 3529 45.
765 3479 848 3543 Albus]
867 3479 909 3526 Sic
926 3477 974 3526 0d.
993 3477 1018 3537 3,
1031 3476 1072 3536 tt,
1090 3476 1135 3526 te:
1154 3475 1200 3525 At·

101 3556 221 3617 Wagner
239 3557 267 3602 et
285 3553 311 3602 in
330 3553 437 3602 Horatio
455 3552 539 3602 Codd.
560 3552 632 3617 aliq„
672 3553 717 3602 400
733 3554 824 3615 Iapyx.
859 3553 930 3614 Virg.
950 3553 996 3601 Ge.
1016 3551 1039 3611 4,
1058 3550 1120 3601 tet:
1144 3551 1199 3600 etc-

102 3633 134 3678 ita
153 3633 258 3686 tamen,
278 3626 570 3677 alvideanturlibrarii
582 3629 635 3677 llo·
671 3627 830 3688 maleuile.
866 3625 913 3675 0d.
941 3625 966 3686 3,
993 3626 1017 3687 7,
1042 3626 1070 3674 4;
1096 3627 1199 3675 condidi

102 3705 200 3752 ratium
209 3701 247 3752 ad
255 3700 392 3764 Virgilium
402 3701 632 3761 accommodasse,
671 3701 785 3750 Favonii.
822 3698 943 3750 Nonnulli
969 3701 1008 3750 sic
1030 3699 1200 3764 explicabant

102 3790 165 3828 nam
177 3775 306 3826 meliores
319 3775 403 3826 Codd.
420 3776 557 3840 44404043),
571 3779 634 3826 440-
673 3777 754 3826 etiam
782 3767 925 3844 ἀργέστην
949 3770 1046 3825 Νότον
1071 3773 1143 3825 lliad.
1171 3772 1196 3834 4,

101 3851 205 3913 phiarai
223 3849 294 3899 lilius
305 3849 348 3899 vel
360 3863 453 3912 nepos,
467 3863 529 3899 cum
542 3849 633 3900 Catillo
672 3849 732 3906 366,
761 3849 831 3911 quad
854 3853 944 3899 tamen
965 3850 1054 3912 potius
1078 3849 1198 3910 rapidran

103 3929 128 3974 et
145 3927 217 3975 Cora
237 3922 374 3974 labulosus
387 3923 490 3973 Tiburis
502 3924 631 3973 eonditor.
672 3922 809 3985 significat.
848 3950 875 3959 -
912 3921 1027 3985 deterret]
1065 3922 1198 3985 antiquior

103 3999 155 4048 Cir.
177 3998 214 4048 ad
232 3997 281 4046 Od.
302 3999 325 4054 t,
346 3998 387 4058 te,
405 3998 431 4045 4.
671 3997 755 4046 lorma
772 4010 822 4060 pro
840 3997 956 4059 4404ον044,
983 3998 1013 4045 04
1034 3995 1082 4045 Od.
1107 3997 1131 4055 t,
1154 3995 1196 4055 28,

135 4073 175 4123 44.
195 4071 337 4134 Mobilitas]
358 4071 459 4134 «vagis,
480 4070 633 4121 discurren-
672 4072 716 4120 te:
736 4072 876 4121 domentur.

104 4147 174 4197 tibus
192 4147 256 4196 risis
274 4147 398 4208 irrigua.»
429 4146 546 4208 Propert.
566 4144 590 4204 l,
607 4145 632 4205 7,
705 4145 744 4194 44.
763 4143 891 4206 Popeaw]
902 4144 1000 4194 Partim
1011 4143 1121 4206 propter
1130 4142 1198 4205 opti·

105 4222 150 4269 tt:
181 4221 296 4270 limnosir
317 4219 380 4269 Anto
403 4219 633 4282 410000ιηὶ40040-
671 4231 780 4269 morum
792 4217 876 4269 Codd.
891 4218 1084 4277 auctoritatem,
1097 4217 1194 4280 partim
