2934 4884
480 319 582 370 niuea.
618 323 715 373 clun.
736 322 789 374 XV.

226 476 261 541 Si
283 484 392 541 certus
414 475 538 541 intrarit
559 477 662 543 dolor,

172 600 222 663 Et
244 609 293 670 tu,
317 600 506 686 quicunque
530 619 566 664 es
589 598 711 666 felicior
734 609 831 687 atque
856 623 928 667 meo
952 625 1035 670 nunc

226 719 396 807 Superbus
419 720 543 786 incedis
566 719 669 795 malo,

174 841 236 906 Sis
259 861 379 927 pecore
401 852 434 906 et
455 840 554 906 multa
576 840 668 906 dives
690 840 805 906 tellure
829 841 935 908 licebit

226 960 362 1048 Tibique
385 961 534 1028 Pactolus
557 960 653 1031 lluat.

178 1084 304 1147 Necte
327 1081 530 1170 Pythagorae
552 1079 659 1148 lallant
681 1103 799 1150 arcana
823 1085 946 1155 renati,

228 1205 410 1290 formaque
432 1202 542 1268 vincas
564 1202 675 1278 Nirea,

184 1324 276 1390 Eheu
299 1323 470 1390 translatos
491 1321 554 1388 alio
576 1323 739 1389 maerebis
762 1344 907 1389 amores:

225 1447 281 1510 Ast
307 1465 369 1531 ego
392 1444 534 1510 vicissim
556 1445 669 1510 risere.

160 1671 203 1719 tr.
223 1671 256 1718 lit
271 1675 300 1719 ta
315 1668 426 1729 ubsrc,
454 1683 548 1720 omnes
569 1669 678 1720 Bentleii
703 1673 826 1735 uprueter
845 1685 929 1723 unum
947 1685 979 1722 ex
997 1645 1153 1724 recentiori·

117 1745 212 1803 bus»,
240 1741 471 1794 CetBeutleius:
499 1745 575 1794 Atta
590 1748 657 1796 Pott.
676 1745 708 1806 9,
735 1746 779 1806 43,
808 1747 862 1808 tt..
881 1745 981 1807 Aldus,
1000 1749 1084 1798 LtFll.
1115 1749 1154 1812 (Ut

118 1831 196 1878 nos,
215 1817 248 1879 J.)
270 1845 296 1853 —
316 1819 356 1867 ἢ
375 1831 452 1868 ocrea
468 1819 517 1867 BT.
540 1845 566 1856 -
585 1819 626 1868 23.
646 1820 700 1868 lica
716 1821 763 1870 tea
780 1820 881 1883 bST,F,
899 1823 968 1872 Eitea
984 1823 1044 1872 alea
1060 1825 1089 1874 Β.

80 2013 245 2063 constantia
270 2026 347 2073 mea,
374 2013 402 2062 id
427 2016 485 2073 est,
513 2014 622 2063 firmum
660 2015 764 2064 sincera
787 2016 948 2077 poenitentia
969 2017 995 2065 te
1012 2018 1182 2080 penetrarit.»

82 2099 188 2137 meum
209 2089 376 2152 propositum
395 2091 422 2138 te
444 2087 620 2152 relinquendi,
660 2087 711 2137 Sed
731 2089 754 2136 si
777 2101 829 2137 non
849 2089 979 2151 significat
998 2091 1050 2139 etsi.

82 2162 175 2211 cedet
199 2163 261 2211 tuae
284 2161 473 2226 pulchritudini
489 2164 563 2212 werel
582 2163 622 2226 of·
693 2161 780 2210 tt-at.
807 2163 840 2212 at
862 2164 898 2224 ta]
917 2165 970 2213 «Tu
987 2177 1095 2228 quoque
1112 2165 1184 2216 riva-

81 2236 201 2298 (enm,
220 2235 247 2285 id
273 2239 327 2297 est,
354 2250 423 2300 quaa
445 2236 531 2287 semel
556 2237 622 2287 milii
659 2233 716 2284 lis.»
746 2236 787 2285 Sic
811 2235 895 2286 Codd.
916 2237 999 2300 Epod.
1019 2239 1064 2300 47,
1082 2237 1122 2290 ld.
1153 2240 1185 2290 At

84 2310 178 2361 invias
205 2310 273 2360 tacta
297 2311 378 2360 erit.»
414 2311 502 2374 (allec
525 2312 547 2362 si
573 2310 622 2360 ali·
658 2307 834 2360 reiiciendum
863 2313 972 2374 propter
1000 2325 1024 2360 v.
1052 2311 1093 2362 bi.
1121 2313 1182 2370 Ast;

85 2384 205 2446 quaudo
227 2383 319 2434 dolore
340 2387 430 2434 motus
451 2387 556 2434 certum
574 2385 621 2433 tir-
658 2386 750 2432 contra
775 2385 849 2434 recte
875 2384 968 2434 Catuli.
985 2386 1015 2446 8,
1041 2386 1080 2436 ll.
1110 2386 1182 2450 (vide

85 2470 226 2521 mumque
247 2471 345 2522 cepero
370 2458 525 2519 consilium,
554 2472 620 2508 con·
657 2456 692 2506 ad
704 2470 729 2506 r.
745 2457 794 2518 it.)
812 2457 868 2508 Tib.
888 2460 958 2520 Η,
972 2459 1016 2510 88:
1034 2459 1066 2510 lt
1082 2465 1121 2520 tn,
1140 2461 1184 2522 qut

86 2533 191 2582 stantia
210 2546 270 2582 mea
286 2535 408 2582 vincetur
428 2533 530 2583 ior-mae
547 2536 618 2592 tuae,
657 2531 736 2580 laetus
747 2533 814 2582 rides
823 2533 893 2582 mola
905 2538 1005 2592 nostro,
1024 2539 1109 2584 coneto
1120 2536 1184 2585 Mox

86 2606 117 2654 in
145 2619 202 2669 qna
225 2606 311 2656 semel
336 2607 508 2666 offenderim,
534 2620 620 2655 venu-
657 2603 715 2654 tibi:
740 2619 791 2654 noo
811 2619 876 2656 anus
896 2607 987 2658 saevid
1011 2621 1088 2668 rapae
1113 2609 1179 2658 dero.

87 2682 190 2730 state.»
208 2681 312 2743 Recte)
327 2707 354 2717 —
373 2681 490 2743 offensae]
510 2683 552 2730 «in
566 2694 619 2743 que
657 2677 695 2728 ld.
710 2680 780 2741 t,5,
794 2679 838 2730 69:
857 2682 888 2732 At
905 2686 944 2742 tu,
964 2683 1007 2742 qui
1019 2683 1105 2744 potior
1115 2695 1183 2732 amic

86 2755 206 2817 propter
223 2753 363 2817 perfidiam
382 2756 456 2804 tunm
472 2756 546 2804 sertui
562 2755 620 2819 (ein
657 2765 694 2812 es,
706 2767 765 2803 meo
774 2754 830 2817 soto
842 2755 933 2804 limen.
949 2756 1055 2806 -Sis-
1066 2783 1080 2792 -
1092 2755 1179 2816 deecit]

86 2829 144 2890 [tir
161 2827 293 2887 ullemol,
310 2842 364 2876 uno
373 2828 443 2877 volta
454 2841 504 2889 per
514 2841 618 2890 compre,
657 2828 700 2876 Sic
711 2829 764 2877 Sat.
777 2829 805 2890 ξ,
825 2831 855 2890 2,
869 2829 916 2880 ts:
936 2831 1016 2881 licebit
1031 2831 1074 2880 lile
1084 2830 1182 2893 repotia

86 2901 298 2964 inperpetuum)
308 2900 493 2951 offenderim.»
506 2903 560 2952 Cic.
572 2915 620 2965 pro
657 2927 672 2936 ·
689 2927 704 2936 ·
720 2902 831 2954 celebret.
854 2907 953 2956 Prosae
977 2919 1016 2956 or.
1037 2905 1181 2969 scriptores

88 2974 199 3025 Cluent.
214 2975 260 3025 58:
281 2976 378 3025 etiam
391 2976 559 3026 binoidiouas
575 2982 621 3025 aut
657 2975 779 3037 tempore
790 2980 926 3038 praesenti
938 2981 1061 3038 utuntur,
1074 2979 1138 3028 licet.
1153 3005 1180 3014 -

87 3049 179 3099 matis
201 3052 308 3112 offensa
330 3051 455 3100 oideatm.
477 3064 527 3112 pro
550 3052 617 3100 Sest.
655 3047 784 3109 Pactolos]
803 3048 901 3110 Lydiae
914 3051 1010 3101 lluvius
1022 3051 1134 3111 aurifer,
1153 3055 1182 3100 ut

87 3125 139 3174 58:
157 3124 199 3173 cui
208 3125 480 3187 mopsuestenae
489 3124 618 3187 meamea.
657 3121 751 3184 Tagus,
763 3120 877 3180 Hebrus,
887 3122 984 3182 Padus,
996 3125 1107 3185 Ganges.
1116 3123 1179 3174 Plin.

89 3197 213 3260 {Bentleii
236 3199 387 3261 speciosam
411 3198 460 3249 sed
481 3199 553 3248 haud
570 3213 620 3250 ue·
657 3197 725 3247 H.N.
736 3195 777 3256 33,
788 3195 812 3246 l.
825 3222 853 3231 -
876 3197 930 3246 «Sis
948 3195 1009 3246 licet
1021 3194 1087 3245 alter
1099 3197 1183 3246 Croe-

88 3273 238 3324 cessariam
256 3273 438 3323 coniecturam
461 3275 548 3336 offensi
569 3274 620 3324 do·
656 3282 728 3320 sus.»
749 3296 777 3305 -
796 3269 902 3330 arcanc]
922 3267 997 3318 «fidis
1015 3282 1046 3318 ac
1063 3266 1182 3332 probatis

89 3348 212 3397 ctissime
227 3345 467 3409 delenditnutius.)
482 3375 510 3383 -
528 3348 620 3397 Sicer-
657 3346 761 3393 tautum
778 3341 925 3406 discipulis,
950 3347 1011 3405 τοῖς
1028 3337 1100 3401 ἔσω,
1125 3345 1180 3392 tra-

88 3427 131 3471 tas
156 3421 261 3470 eamr
284 3422 368 3482 dolor]
408 3422 446 3482 «si
475 3422 619 3484 indignatio
656 3419 736 3467 ditari
749 3445 776 3456 «-
789 3419 880 3479 renuit]
894 3418 1026 3481 Significat
1034 3412 1183 3483 μετεμψύ-

89 3497 167 3545 certa
184 3507 228 3544 me
246 3496 392 3558 penetrarit
410 3496 571 3560 penitusque
593 3498 619 3547 iu
656 3506 757 3550 xwvtv·
776 3491 815 3542 Cf·
827 3491 875 3542 Od·
889 3492 916 3553 l.
931 3492 975 3550 28,
993 3493 1032 3542 ⁴0·
1048 3519 1076 3527 -
1093 3491 1181 3553 Nirea]

88 3569 167 3619 omni
200 3581 281 3618 sensu
315 3568 447 3632 implicata
476 3569 616 3629 iusederit;
656 3564 768 3625 11ἰαά.β,
779 3566 842 3616 673:
857 3565 969 3638 Νιρεύς,
983 3561 1017 3628 ὃς
1028 3561 1182 3628 κάλλιστος

89 3655 156 3693 nam
177 3657 248 3692 nunc
269 3643 378 3706 quidem
399 3658 443 3695 res
467 3645 493 3694 in
511 3658 543 3694 eo
562 3647 617 3704 est,
655 3635 730 3713 ἀνὴρ
747 3633 897 3692 deditior
915 3633 1003 3706 ἢλθεν
1014 3636 1077 3693 Τῶν
1088 3633 1182 3690 ἄλλων

88 3723 121 3768 ut
146 3729 240 3768 rursus
270 3719 408 3781 ignoscere
441 3718 487 3768 tibi
519 3731 617 3782 meque
655 3713 776 3765 Δαναῶν
792 3715 851 3780 μετ’
862 3710 1003 3781 ἀμύμονα
1019 3713 1179 3780 Πηλείωνα.

90 3797 184 3842 tecum
203 3791 376 3842 reconciliare
398 3793 524 3857 possim.»
554 3794 617 3844 Mire
655 3789 714 3840 Vid.
725 3790 773 3840 Od.
784 3791 808 3849 3,
819 3791 860 3851 20,
873 3793 912 3840 ⁴5.
925 3819 952 3828 -
962 3790 1078 3851 euadat]
1089 3792 1134 3838 «ut
1143 3792 1179 3850 tu,

90 3865 135 3916 alii
153 3865 298 3928 explicant:
330 3868 394 3917 «etsi
421 3869 510 3917 certus
532 3865 616 3925 dolor,
655 3863 756 3914 felicior
775 3862 877 3924 rivalis,
897 3877 940 3916 me
953 3877 1022 3915 nunc
1041 3863 1174 3915 derides.»
