2934 4884
275 353 338 420 710
682 353 811 406 eonem
830 353 957 405 cronon

360 515 505 599 Namque
528 511 678 598 sagacius
699 531 785 575 unus
807 508 942 584 odoror,

317 633 460 722 Polypus
482 652 523 698 au
544 631 651 719 gravis
672 629 804 696 hirsutis
826 628 923 696 cubet
944 627 1054 696 hircus
1077 629 1109 694 in
1131 629 1203 706 alis,
1329 632 1346 691 5

360 756 465 834 Quam
486 753 576 821 canis
598 772 690 829 acer,
714 751 771 818 ubi
792 749 891 818 lateat
912 771 978 817 sus,

316 876 379 957 Qui
401 875 502 942 sudor
523 875 616 942 vietis
637 882 670 940 et
690 892 790 960 quam
810 869 915 938 mulus
937 869 1082 958 undique
1104 871 1256 938 membris

359 996 484 1064 Crescit
505 995 605 1072 odor,
628 1015 704 1062 cum
725 1013 810 1081 pene
832 992 937 1059 soluto

317 1116 507 1183 indomitam
529 1125 683 1203 properat
703 1113 827 1180 rabiem
850 1113 985 1194 sedare3
1010 1133 1117 1202 neque
1141 1113 1184 1180 illi

359 1240 426 1304 lam
448 1247 555 1303 manet
575 1236 708 1303 humida
729 1246 818 1303 creta
840 1234 995 1323 colorque
1313 1234 1349 1298 lil

316 1359 467 1426 Stercore
489 1359 614 1424 lucatus
637 1356 808 1432 crocodili,
832 1355 962 1444 iamque
985 1355 1135 1424 subando

359 1481 458 1546 Teuta
480 1477 598 1546 cubilia
623 1489 773 1566 tectaque
796 1477 930 1564 rumpit!

317 1600 373 1668 Vel
395 1620 468 1666 mea
489 1619 564 1666 cum
585 1599 691 1667 saevis
714 1599 812 1688 agitat
833 1597 959 1666 lastidia
981 1598 1106 1665 verbis:
1157 1675 1161 1684 ,

343 1797 367 1846 i.
386 1797 447 1858 Quia
463 1795 547 1846 nostri
565 1795 666 1856 Codd..
684 1796 760 1846 Lctl.
781 1798 821 1859 int
833 1809 900 1858 uos,
918 1794 975 1862 βγκ
987 1809 1066 1848 «eum
1081 1795 1168 1848 tribus
1186 1795 1324 1861 aliisprne

310 1871 352 1920 tor
367 1881 415 1919 sex
431 1869 575 1919 romunt·
592 1866 691 1930 Bentl,
710 1869 773 1932 iti.)
798 1895 827 1907 -
852 1871 876 1922 8.
895 1871 995 1922 &emat
1011 1883 1037 1932 c,
1050 1865 1080 1934 ξ,
1098 1884 1139 1935 pr.
1152 1867 1188 1932 β,
1207 1873 1325 1935 quattuor

309 1947 376 1996 Pott.
406 1972 433 1980 -
461 1945 485 1994 9.
508 1958 555 1996 see
575 1946 656 1996 ectr.
676 1945 824 2010 (Lectiones
846 1957 872 1994 v.
891 1945 907 1998 9
923 1959 1020 2010 seqq..
1048 1958 1115 2009 quas
1132 1947 1216 1996 Bothe
1239 1944 1326 1996 tribuit

313 2017 460 2070 Glareano:
484 2023 625 2082 properam
642 2045 656 2056 -
676 2046 691 2056 -
709 2033 755 2069 nee
771 2019 821 2070 illia
839 2045 880 2057 ·-
898 2021 995 2084 rumpis
1010 2045 1025 2056 -
1037 2045 1051 2056 ·
1070 2021 1165 2084 caitus,
1187 2022 1260 2070 certe
1277 2031 1326 2068 uon

312 2094 483 2178 reperiuntur
499 2094 526 2144 in
543 2095 601 2145 eius
617 2093 665 2145 lid.
684 2094 804 2159 Friburg.
824 2093 907 2157 4533.)

276 2281 350 2345 usur]
368 2283 430 2332 ants
441 2293 546 2332 omnes.
566 2283 650 2332 «vous
660 2294 743 2347 saepe
755 2293 803 2333 su·
839 2283 863 2332 9.
878 2281 912 2332 de
924 2279 968 2332 tali
980 2279 1092 2332 muliere
1104 2280 1205 2332 lucau:
1219 2283 1294 2334 acido
1302 2282 1358 2331 tutet

275 2355 424 2421 perlativis,
437 2369 500 2406 raro
511 2357 699 2419 comparativis
710 2356 804 2407 adiun-
839 2355 916 2406 oblito
930 2360 1009 2406 creto.
1023 2381 1050 2392 -
1073 2355 1356 2420 samatus]1iucoiucioi

258 2431 372 2494 agini..
397 2433 514 2482 Wrem
531 2431 566 2481 ad
581 2433 647 2481 Aen.
662 2431 691 2492 l,
711 2432 751 2480 tn.
773 2457 800 2468 -·
840 2431 992 2481 inductus.»
1024 2457 1052 2468 -
1080 2430 1211 2494 crocoditi]
1241 2430 1358 2482 Clemens

274 2505 390 2570 Polypus]
413 2505 514 2557 Eodem
537 2507 682 2570 quantitate
699 2506 754 2556 Sat.
773 2507 802 2566 t,
839 2505 986 2569 paedagog.
1000 2505 1030 2566 3,
1049 2507 1078 2568 2,
1097 2506 1124 2555 7:
1144 2503 1290 2577 Τρὶςγάρ,
1307 2499 1357 2564 οὒκ

276 2581 304 2641 3,
318 2579 358 2631 itt.
378 2584 489 2646 propter
506 2581 621 2632 litteram
632 2579 762 2644 liquidnm
779 2580 801 2641 t,
839 2571 917 2643 ἅπαξ
933 2573 1114 2630 ἀπολωλέναι
1133 2577 1244 2632 δίκαιαι
1260 2594 1357 2652 κροκο-

276 2659 307 2705 ut
322 2655 399 2706 melos
414 2656 441 2707 in
458 2657 540 2706 Persii
563 2655 631 2706 Prol.
650 2669 677 2706 v.
696 2653 743 2704 ult.
762 2657 803 2705 at-
839 2651 938 2704 ostias
960 2647 1124 2717 ἀποπάτοις
1145 2651 1293 2726 χρώμεναι
1313 2653 1357 2704 soi

276 2741 329 2792 qne
346 2730 373 2779 iu
390 2730 512 2780 eiusdem
529 2731 582 2779 Sat.
597 2730 625 2790 t,
645 2728 676 2780 l:
694 2731 733 2779 Nc
742 2729 804 2778 mibi
839 2724 1007 2794 σηπεδόνων
1031 2723 1139 2800 cippos<
1166 2727 1355 2801 ἐγχριόμεναι.

274 2803 426 2864 Potum
441 2807 492 2854 eet.
522 2801 572 2852 Alii
588 2802 710 2852 scribunt
724 2804 803 2864 Puly-
839 2801 903 2854 Plin.
916 2803 948 2854 Η.
961 2804 992 2852 N.
1006 2804 1053 2864 28,
1067 2803 1096 2863 8,
1108 2803 1154 2854 28:
1175 2803 1306 2856 crocodili
1320 2805 1357 2854 io·

273 2889 338 2938 put,
357 2877 416 2927 siue
427 2878 593 2927 auctoritate.
612 2878 740 2928 Ceterum
752 2877 800 2928 eir.
839 2879 928 2928 teatino
939 2878 1070 2942 ailiam
1076 2879 1249 2939 monim
1258 2879 1357 2929 iucundo

277 2949 347 3001 Cels.
367 2950 397 3008 o,
423 2951 452 3011 8,
478 2951 503 3000 2.
532 2949 599 3001 ibid.
617 2951 641 3014 9.
659 2953 687 3001 l:
715 2953 803 3003 meere
838 2952 926 3003 nidore
944 2953 1105 3016 reforta.·-
1124 2953 1284 3004 crocodilea
1301 2953 1357 3003 iiiito

276 3025 803 3089 moisodoremsoedsmbobent,quod
839 3027 1345 3091 saoteoeupn‘somolettiosins'

275 3092 595 3162 peniuGroooidgawav
615 3101 752 3162 appellent.
773 3129 800 3138 -
839 3105 980 3152 simoenta
1007 3101 1070 3151 tollit
1095 3102 1146 3151 cet.
1178 3127 1207 3137 -
1237 3099 1354 3162 subando]

275 3171 367 3236 timo]
386 3170 514 3224 molestus
531 3173 600 3224 odor
615 3175 733 3226 hircinus
751 3174 802 3226 sub
840 3187 936 3239 «supra
949 3175 1038 3226 uuum
1057 3187 1087 3224 se
1103 3173 1253 3238 agitando.»
1272 3177 1354 3226 &uon

275 3245 332 3297 ulis.
350 3248 416 3312 Epp.
431 3249 499 3309 t‚n,
512 3249 558 3298 29:
579 3249 801 3312 olidae-caprae.
842 3277 869 3286 -
887 3250 992 3311 summit]
1012 3248 1112 3300 «lectus
1133 3249 1237 3300 intortis
1259 3248 1356 3300 lenibus

279 3345 307 3358 ·-
326 3321 405 3385 cubet]
423 3321 512 3372 «velut
528 3322 565 3372 ibi
581 3322 688 3374 lateat.»
839 3335 860 3374 s.
879 3322 942 3374 loris
960 3336 992 3373 ae
1009 3322 1123 3374 fasciolis
1137 3322 1283 3375 subtcntus
1293 3325 1355 3374 eins-

309 3395 382 3446 i·i2.
399 3396 479 3460 vietis]
497 3397 589 3447 «senio
606 3399 659 3448 iam
670 3397 800 3460 flaccidis,
840 3411 892 3461 que
914 3401 992 3460 metu,
1010 3395 1038 3446 id
1062 3399 1115 3457 est.
1141 3395 1282 3458 aulaeum,
1298 3395 1356 3447 lint·

276 3469 427 3520 marcidis·
457 3470 488 3519 H.
508 3468 526 3520 l.
546 3469 716 3533 blsyllabum.
749 3473 800 3523 Cir.
839 3472 968 3533 duobis,
986 3471 1017 3521 ut
1033 3474 1175 3534 corruant,
1200 3471 1266 3522 iacit
1281 3471 1354 3522 rebr-

277 3544 382 3592 Lueret.
401 3542 430 3604 3,
449 3543 512 3593 386:
530 3545 804 3596 cecidisseoietomVe·
839 3547 946 3596 menter
971 3557 1001 3596 se
1029 3546 1178 3609 agitando.»
1213 3545 1298 3608 (Tecto
1319 3541 1352 3592 alii

275 3622 345 3667 nens.
371 3643 398 3654 -
423 3629 487 3679 pene
510 3618 598 3682 rotato]
625 3618 801 3671 «delassatus
839 3621 927 3671 minus
950 3622 1023 3670 reete
1044 3621 1224 3683 integumenta
1251 3635 1274 3672 s.
1295 3621 1354 3670 stra·

277 3691 369 3740 Sceon.
390 3691 475 3741 «Cum
486 3693 557 3742 coitu
573 3695 683 3756 peracto
695 3695 737 3744 vir
749 3695 801 3744 iam
839 3693 898 3757 gula
916 3691 976 3744 lecti
994 3694 1221 3758 interpretantur.)

275 3762 395 3827 languet,
413 3764 457 3815 illa
473 3765 594 3817 nondum
611 3767 705 3818 satiata
717 3769 802 3831 magis
873 3767 959 3818 ta-to.
972 3767 1143 3832 Velmeocot.]
1154 3764 1353 3819 Novasentenia

277 3839 357 3889 etiam
390 3839 519 3902 restingui
552 3841 627 3906 cupit
664 3840 801 3893 libidinem
839 3855 902 3892 cum
919 3840 1057 3906 abruptius
1074 3843 1216 3904 inseratur,
1244 3842 1353 3904 indignu-

276 3925 354 3964 suam
371 3912 528 3964 effrenatam
545 3928 577 3965 ae
593 3915 755 3967 rabiosam.»
773 3943 800 3954 -
840 3917 939 3966 tionem
971 3919 1066 3981 poetam
1095 3918 1201 3980 egregie
1230 3912 1351 3981 exprimit.

276 3989 509 4052 mouentium]
529 4001 639 4041 somnes
664 3992 717 4041 iem
735 3991 800 4050 inci,
840 3993 956 4041 «ausus
978 4003 1059 4055 quam
1082 3992 1233 4055 importuna
1256 3994 1282 4042 et
1296 3987 1353 4038 ubo

277 4059 377 4123 quibus
388 4063 482 4124 utitur,
495 4066 606 4128 propter
615 4064 744 4116 sudorem
756 4065 804 4114 dii·
839 4065 965 4115 minanda
983 4066 1035 4126 est¹
1059 4077 1121 4115 cum
1138 4065 1288 4124 fastidium,
1308 4070 1352 4123 (1¹1⁰

162 4196 164 4199 Ι
276 4133 388 4184 linunt.»
409 4163 438 4173 -·
454 4137 537 4201 etsta]
556 4139 633 4188 Crete
647 4141 676 4188 ut
692 4151 802 4190 cerussa
840 4153 900 4190 eam
912 4137 1025 4204 repello,
1042 4140 1130 4191 saevis
1141 4139 1292 4204 opprobriis
1302 4147 1353 4186 era-

278 4220 327 4272 pro
341 4208 401 4259 luco
413 4211 565 4262 utebantur.
584 4212 694 4264 ilartial.
712 4214 742 4275 6,
756 4213 800 4276 93,
840 4215 938 4277 gitatin
958 4213 994 4264 Ex
1004 4227 1047 4264 vv.
1061 4215 1145 4278 isqq.
1166 4215 1214 4276 (tui
1225 4209 1349 4266 numeri.
