2934 4884
287 367 349 433 tra
670 368 799 419 ιιοιιιτιι
818 368 988 421 cnnmuuu

286 527 320 575 ud
337 526 457 589 priorum
473 526 665 589 interpretum,
692 524 757 573 item
775 522 873 587 negent
893 527 920 573 et
936 522 1067 573 Luehtieri
1084 526 1324 582 constructionem,
1352 528 1373 573 ιι·

288 610 348 671 quid
365 636 379 645 -
396 636 427 669 -,
446 610 512 670 quod
527 634 542 643 -
559 634 574 643 -
586 608 689 669 plures,
714 607 741 656 id
764 610 819 666 est,
847 606 954 670 dempta
979 608 1106 669 imagine:
1135 609 1181 657 «Si
1205 607 1269 671 quid
1286 606 1328 657 rel
1346 610 1372 657 in

283 691 427 743 levioribus
445 692 608 754 argumentis
626 690 770 743 tractandis
788 692 843 739 tum
860 702 988 754 prospera
1006 690 1070 739 mihi
1088 692 1182 751 cessit,
1207 693 1237 740 ut
1253 692 1371 741 carmina

285 788 344 825 mea
372 790 405 825 er
430 776 535 825 sincero
560 774 707 823 amicornm
726 772 823 821 iudicio
841 772 919 835 digna
937 774 989 823 sint
1005 774 1174 835 posteritate,
1193 774 1308 835 agedum
1326 788 1371 824 me

284 871 368 918 nunc,
394 872 451 907 mem
464 870 569 919 poscor,
594 857 629 905 ed
646 857 733 906 maius
751 856 832 905 etiam
850 856 985 918 inceptum
1003 856 1134 905 excitabo.
1170 856 1199 905 id
1216 870 1281 906 vero
1298 858 1371 906 eius-

284 941 357 991 modi
374 945 445 1001 estc,
470 942 566 1000 immo,
591 939 613 988 si
636 951 698 1002 spes
718 936 781 986 boni
801 940 912 987 eventus
930 950 973 986 me
992 952 1043 987 non
1061 938 1137 997 ialiit,
1161 940 1291 990 eiusmodi
1308 942 1368 999 erit,

283 1028 313 1073 nt
328 1025 446 1073 Latinwn
463 1035 555 1072 meum
572 1036 674 1071 cannen
689 1024 848 1084 assequatur
859 1020 961 1079 Alcaei,
981 1022 1068 1083 magni
1081 1023 1135 1071 mei
1147 1021 1273 1085 exempli,
1293 1036 1371 1073 acres

283 1110 311 1155 et
327 1106 394 1156 situs
411 1105 527 1169 spiritus,
546 1103 644 1168 quibus
655 1105 713 1153 eius
728 1102 803 1167 μέλη
822 1099 954 1154 πολιτικὰ
972 1104 1022 1154 καὶ
1036 1100 1179 1169 πολεμικὰ
1189 1104 1268 1169 piena
1279 1110 1368 1156 sunt.»

285 1216 313 1226 -
332 1190 447 1239 Carrneu
465 1192 555 1237 autem
573 1189 624 1237 hoc
637 1189 710 1237 inter
727 1200 811 1237 annos
828 1201 854 1236 u.
869 1201 891 1237 c.
906 1188 1045 1239 tut—730.
1064 1191 1242 1254 compositum
1253 1189 1367 1239 videtur.

283 1272 313 1320 V.
334 1272 434 1321 Franks
452 1271 478 1320 Ρ.
498 1272 528 1319 Η.
548 1284 574 1335 p.
594 1271 651 1320 teu.

348 1356 448 1403 titutum
466 1355 491 1402 S.
511 1353 567 1403 484.
589 1354 651 1402 «Um
668 1354 735 1403 Gcist
746 1355 798 1402 und
811 1354 921 1403 deenz
931 1355 1011 1403 seincr
1022 1356 1092 1405 Mitte
1102 1368 1136 1405 zu
1146 1356 1368 1416 etaralrtm'siren,

280 1436 333 1501 gibt
348 1438 435 1486 Horas
450 1437 504 1485 tier
519 1436 640 1485 virumn
656 1436 695 1484 die
711 1442 775 1486 erute
792 1437 975 1500 Nactweisung
985 1438 1065 1487 seiner
1076 1440 1218 1503 Berieitung
1228 1452 1287 1488 sum
1297 1441 1370 1503 grie·

279 1520 391 1569 etiscten
411 1519 537 1579 Vorbttde,
555 1519 701 1582 ausgefiitrt
716 1520 769 1568 und
785 1521 812 1567 ιἰι
829 1520 980 1569 bestimmten
996 1522 1080 1584 zugon
1097 1522 1248 1583 entwiciett,
1266 1524 1321 1583 die,
1341 1538 1370 1573 so

279 1603 438 1665 gelegentlich
452 1603 488 1650 sie
504 1602 569 1650 auct
585 1602 650 1650 nacti
665 1602 741 1651 me
757 1604 809 1650 und
826 1603 907 1651 innuit
923 1603 977 1651 hier
993 1602 1145 1666 aagetraett
1160 1604 1285 1665 schemen,
1304 1606 1370 1656 doct

279 1686 326 1733 dua
340 1685 465 1745 Hattpttot
482 1686 527 1732 der
542 1684 689 1733 Dictticuust
706 1685 732 1733 in
750 1698 853 1735 cnseret·
870 1686 920 1735 Ode
937 1685 1094 1749 ingetrudem
1119 1688 1174 1735 hier
1188 1690 1303 1738 meister
1319 1692 1374 1753 auf

279 1768 325 1815 dus
345 1766 547 1816 uorsctwebendc
568 1766 619 1815 Ziei
639 1766 695 1825 hin,
723 1766 781 1815 Ode.
801 1766 830 1827 i,
857 1768 886 1828 3,
913 1768 954 1818 23.
983 1769 1046 1831 (Vgt.
1066 1770 1094 1829 6,
1114 1771 1166 1832 25.)
1184 1772 1236 1820 und
1251 1773 1315 1834 upp.
1339 1776 1368 1834 t,

225 1913 229 1921 ¹
279 1850 323 1907 ⁴9,
347 1849 388 1900 32.
414 1848 483 1898 kann
506 1862 535 1897 er
556 1849 607 1897 sict
627 1850 702 1898 seton
723 1850 773 1912 aus
789 1851 945 1913 ecrtiegcnde
967 1852 1090 1901 Rmuttute
1112 1854 1164 1901 und
1192 1854 1369 1915 augensium

220 1934 223 1941 '
279 1932 463 1995 Anericennung
480 1932 682 1995 summouere
699 1930 809 1995 bonesen.
