2934 4884
662 307 791 357 aunarii
809 305 935 356 EPODON

428 457 525 536 Galli,
550 471 703 527 canentes
727 462 919 536 Caesarem,

384 579 620 668 Hostiliumquc
642 582 773 648 navium
795 593 890 669 portu
911 581 1010 649 latent

257 956 299 1007 ille
317 970 381 1008 casu
398 960 487 1008 sexto:
507 957 573 1006 abac
591 957 624 1007 de
641 970 687 1006 ree
701 955 782 1020 (quod
820 959 869 1008 nisi
886 957 953 1008 iorte
972 962 1125 1022 corruptum
1147 965 1189 1010 est
1206 974 1239 1011 ex
1257 962 1349 1024 sibilo.)

256 1044 365 1095 prosam
382 1032 531 1082 orationem
556 1025 714 1094 redoleret),
732 1030 783 1080 sed
820 1031 920 1082 Verum
948 1035 1022 1082 recta
1050 1031 1200 1086 Bentleius:
1240 1038 1350 1100 «Neque

256 1109 366 1168 quarto,
385 1107 414 1154 ut
430 1109 473 1156 eet
488 1106 515 1155 in
532 1106 613 1155 Taciti
629 1104 716 1156 locoa
733 1105 783 1154 ae·
820 1105 885 1155 lunc
906 1104 940 1156 de
963 1107 1075 1156 Antonio
1098 1109 1222 1172 accipere
1245 1111 1348 1173 pescia.

256 1178 325 1244 geiio
341 1179 457 1232 indicato
474 1184 541 1231 Anu.
560 1180 606 1240 13,
625 1179 670 1229 13ι
688 1180 783 1243 Agrip·
821 1181 867 1242 qui
884 1193 1017 1244 nusquam
1037 1181 1114 1231 antea
1133 1183 1173 1232 sio
1195 1184 1351 1234 nominatur

253 1255 317 1316 pina
343 1254 459 1304 libertam
485 1254 612 1304 mutem
627 1278 666 1289 --
682 1253 784 1314 aliaque
821 1256 867 1304 aut
895 1254 1067 1316 describitur;
1100 1270 1190 1319 neque
1218 1259 1259 1308 Ad
1284 1259 1350 1308 hiato

254 1329 359 1379 eundem
379 1329 406 1378 in
428 1328 530 1378 modian
550 1327 705 1377 muliebriter
727 1327 782 1390 sre-
819 1333 946 1378 uertaant
968 1343 1043 1390 equos
1066 1329 1179 1392 perinde
1206 1333 1250 1382 est
1269 1335 1350 1395 atque

254 1417 329 1454 mere.
355 1406 404 1454 «nt
420 1404 472 1454 hoo
488 1403 620 1468 imprimis
637 1405 782 1467 spectacu-
820 1404 940 1454 adversus
951 1403 1041 1454 aaa.»
1058 1403 1169 1454 Bentleii
1178 1407 1271 1456 autem
1279 1409 1348 1456 coni.

255 1477 310 1529 lum
324 1479 545 1541 indignissimum,
557 1478 700 1540 conopium
713 1478 783 1526 inter
819 1478 857 1528 Aa
866 1479 911 1526 loc
927 1491 976 1541 pro
991 1490 1088 1542 prosae
1101 1481 1167 1528 orat.
1187 1479 1217 1528 ob
1228 1481 1275 1530 hoc
1288 1493 1350 1545 pro-

256 1553 331 1615 sigue
348 1551 471 1602 militaria
494 1553 571 1615 (quae
594 1543 691 1620 ὥσπερ
708 1547 783 1623 tapi—
820 1552 880 1614 pter
891 1550 1093 1614 ambiguitatem
1110 1555 1199 1603 minus
1212 1567 1350 1605 cemmen-

257 1641 337 1690 ματα
346 1623 424 1677 θεῶν
435 1621 498 1697 lepcl
509 1625 685 1689 ἐνομίζοντο,
703 1627 779 1676 Dion.
820 1623 916 1675 debitis
928 1627 981 1685 est,
1004 1637 1067 1676 cum
1078 1627 1112 1674 od
1126 1626 1171 1676 too
1187 1625 1348 1691 plerumque

256 1701 312 1753 ilai,
330 1703 359 1763 li,
379 1701 440 1763 ld),
460 1701 640 1750 «detestantes
657 1703 726 1750 cet.»
752 1726 780 1736 -
820 1698 950 1762 significet
968 1701 1138 1762 «praeterea,
1162 1701 1300 1765 insuper.»
1320 1727 1346 1738 -·

256 1774 333 1835 Quod
350 1773 472 1838 Regelius
489 1787 523 1823 er
540 1787 594 1823 uno
611 1773 676 1824 Cod.
696 1772 780 1822 Vand.
819 1773 850 1822 V.
862 1773 994 1836 sementes
1002 1775 1199 1844 Commeruq.
1214 1779 1243 1824 et
1256 1775 1346 1826 Lamb.

256 1850 359 1913 recepit
381 1849 428 1899 «At
451 1848 517 1898 lonc
540 1850 595 1898 tam
617 1847 781 1910 degenerem
820 1847 991 1896 reieruntad
1009 1861 1097 1909 eques,
1116 1847 1268 1910 dequibus
1284 1863 1347 1900 sane

257 1925 405 1974 Romanum
417 1925 619 1987 aspernantes»,
636 1923 680 1971 vin
691 1921 781 1971 locum
821 1920 917 1970 crebro
943 1923 1104 1986 usurpantur
1129 1935 1172 1973 vv.
1198 1925 1306 1986 frenare
1322 1928 1348 1974 et

256 1997 339 2066 trahet
359 1999 422 2062 post
444 1998 628 2062 interpositam
651 1997 781 2060 integram
819 1995 934 2058 frunitus
945 1993 1150 2058 (Sclnouleu,
1160 1993 1347 2060 φυσιόωντας

257 2070 402 2122 clausulam
413 2072 715 2136 Interque-menmium.
733 2069 784 2120 Ad-
821 2069 892 2120 liiad.
906 2067 930 2131 d,
947 2071 1015 2132 227.)
1027 2070 1076 2120 aed
1089 2071 1115 2120 h.
1127 2069 1144 2120 l.
1159 2071 1295 2123 ἐπίθετον
1304 2087 1347 2124 es-

255 2147 316 2207 tuc,
340 2147 412 2210 quod
429 2148 544 2211 optimae
564 2145 648 2196 habet
664 2145 782 2196 auctori·
821 2145 1002 2194 setotiosum:
1024 2145 1177 2208 rectiusque
1190 2147 1347 2198 referturad

256 2223 325 2271 tates
342 2222 489 2271 exteriores
506 2221 623 2284 mihique
642 2219 705 2270 oiim
722 2221 783 2283 post
821 2231 956 2268 summam
973 2216 1107 2269 Gallorum
1123 2219 1192 2269 iram
1208 2223 1290 2285 atque
1307 2223 1348 2272 in-

256 2295 417 2346 Meiackium
450 2293 565 2359 placuit,
600 2293 678 2344 video
712 2307 782 2343 nunc
821 2293 1011 2356 dignationem.
1031 2318 1060 2328 -
1078 2297 1220 2356 vartamat]
1246 2293 1344 2360 penult.

255 2368 425 2420 nullomodo
443 2368 568 2434 explicari
584 2382 664 2434 posse
683 2367 781 2430 «illico,
821 2366 904 2417 brevi.
927 2367 965 2418 Gi.
981 2369 1034 2416 Sat.
1052 2367 1141 2428 t‚to,
1160 2366 1246 2418 111-
1269 2369 1344 2432 Galli]

255 2445 371 2504 statim»,
389 2457 477 2508 neque
496 2444 560 2494 satis
577 2444 701 2494 convenit
719 2441 783 2494 huic
819 2443 881 2492 suat
893 2439 1055 2503 Gallograeci
1072 2453 1094 2489 s.
1110 2439 1216 2491 Galatae
1229 2442 1359 2493 Deiotari

255 2517 314 2567 ioco
332 2517 384 2567 tale
401 2511 568 2568 ἀσύνδετον.
598 2519 749 2568 Proximam
767 2530 782 2566 a
821 2515 938 2566 minoris.
949 2514 1084 2565 Plutnnt.
1096 2514 1136 2565 63.
1147 2518 1342 2580 amepugnam:

256 2591 340 2642 Codd.
358 2590 441 2640 habet
458 2592 645 2642 auctoritatem
661 2589 740 2641 lectio
752 2590 784 2640 At
820 2589 953 2654 ἐγένοντο
964 2585 995 2638 δὲ
1007 2589 1056 2637 καὶ
1068 2586 1214 2648 βασιλέων
1222 2584 1345 2641 ἀποστά-

254 2666 315 2726 ltuc,
343 2665 530 2716 commendata
552 2666 780 2722 acconense:
821 2679 881 2726 σοις
890 2658 1264 2732 Ἅμύντοοκαὶάηὶοτάρον
1277 2659 1343 2736 πρὸς

257 2739 417 2800 intumit»,
436 2739 532 2802 inquii,
562 2739 781 2800 «verterantlme,
821 2738 963 2808 Kadoupoi.
982 2735 1090 2797 tetta,
1109 2737 1154 2788 at:
1173 2739 1346 2790 Hiacaddr·

254 2814 281 2862 id
307 2815 360 2872 eet,
387 2811 422 2860 ad
447 2823 496 2859 nos
526 2809 718 2861 transtulerunt
742 2811 784 2864 bis
821 2814 916 2863 toniren
942 2825 1026 2872 amno,
1055 2811 1124 2860 illlnc
1152 2813 1187 2861 od
1215 2813 1345 2864 &moran

254 2883 325 2935 mille
343 2897 428 2947 equos
445 2883 618 2933 frementes.»
641 2884 718 2945 Quod
735 2887 784 2937 etei
820 2887 909 2938 cotidie
925 2885 1005 2947 aliqui
1029 2885 1238 2948 transluglobout.
1273 2886 1344 2938 «Gal-

255 2959 356 3008 dictum
371 2959 428 3007 iere
445 2958 497 3016 est,
515 2960 545 3006 ut
561 2955 652 3007 Velleii
669 2957 733 3009 iilud
753 2961 781 3022 2,
821 2961 861 3011 ios
882 2953 942 3010 ideo
959 2961 1165 3019 commemorat,
1193 2963 1223 3010 ut
1244 2962 1343 3026 pudore

256 3033 309 3093 ai,
329 3031 402 3096 quod
419 3045 480 3082 mox
498 3031 696 3095 exscribamus,
720 3035 784 3085 ilinc
820 3033 908 3099 pulset
935 3035 1039 3084 animos
1073 3034 1267 3097 Romanorum,
1303 3035 1343 3098 qui

255 3109 289 3157 ad
305 3107 441 3157 Anmnium
452 3109 516 3167 cet,
535 3105 618 3158 habet
636 3109 725 3158 tamen
738 3121 784 3158 ne·
820 3110 892 3172 pessi
909 3111 972 3159 sunt
987 3109 1115 3158 servitute
1133 3121 1163 3158 se
1175 3107 1273 3159 subiici
1290 3121 1345 3174 spa·

255 3183 311 3233 soio
335 3181 399 3245 quid
422 3175 533 3252 ἀκύρου
557 3185 584 3232 et
606 3181 715 3233 obscuri
731 3196 783 3232 nec
820 3181 948 3244 donibus,
973 3182 1000 3232 id
1018 3181 1090 3246 quod
1108 3181 1172 3232 Galli
1190 3187 1254 3234 sunt
1272 3184 1343 3234 dedi·

256 3259 320 3308 satia
332 3257 462 3307 cohaeret
476 3269 539 3307 cum
550 3270 627 3320 seqq.
640 3257 784 3308 Hostilium
820 3257 916 3320 gnati.»
945 3256 1030 3307 Corn.
1057 3257 1135 3313 cauo.
1168 3283 1196 3293 —
1223 3257 1342 3320 eonem]

255 3346 310 3394 qua.
324 3332 410 3382 Tertia
422 3329 510 3393 lectio,
521 3344 603 3395 quam
611 3330 732 3395 plerique
742 3345 784 3382 se-
820 3330 904 3382 «laeta
917 3343 979 3380 curn
990 3329 1180 3382 acclamatione
1200 3332 1342 3383 identidem

255 3408 386 3470 quantur,
404 3404 442 3455 Ad
457 3406 537 3464 tunc,
557 3406 648 3455 nititur
665 3407 783 3455 auctori·
820 3407 964 3456 Caesarem
976 3405 1133 3465 satuentes,
1152 3407 1228 3456 Solve
1240 3408 1342 3457 Carme!

254 3482 308 3530 tate
329 3477 414 3530 Codd.
434 3478 506 3529 haud
527 3493 690 3543 paucorum,
717 3482 782 3530 Por·
820 3477 979 3540 clamantem,
998 3481 1028 3528 ut
1044 3480 1089 3542 qui
1101 3481 1127 3529 in
1138 3481 1197 3530 eius
1209 3481 1294 3530 verba
1304 3483 1341 3530 iu-

254 3553 393 3618 phyrionis
406 3555 433 3602 et
450 3555 575 3614 Acronis,
589 3555 635 3617 qai
650 3557 781 3618 sequente
819 3555 902 3604 raturi
924 3555 1022 3604 essent.
1056 3555 1125 3616 virg.
1145 3557 1211 3604 nen.
1231 3557 1261 3617 7,
1280 3555 1339 3606 698:

256 3644 288 3678 en
305 3630 381 3693 parte
399 3628 489 3678 iahnio
508 3629 664 3691 (radversus
684 3631 782 3681 Roma·
819 3629 890 3678 ibant
907 3629 1010 3690 aquari
1028 3642 1132 3680 amero
1152 3643 1287 3693 regensque
1301 3643 1342 3679 eo·

255 3715 321 3753 num
337 3703 376 3753 sic
399 3701 598 3766 degenerem»)
634 3703 780 3768 explicant:
820 3705 917 3755 nebunt.

257 3777 362 3840 «Equos
390 3777 520 3828 adversus
549 3778 690 3828 Antonium
719 3793 781 3830 cum
853 3780 893 3829 to.
912 3781 952 3829 20.
980 3779 1166 3843 Hostilluntque]
1193 3781 1262 3831 Cum
1280 3781 1341 3829 haec

256 3852 335 3902 sistro
345 3854 561 3902 converterunt.»
574 3853 710 3914 (Ceterum
721 3853 781 3903 vide
819 3852 948 3918 particula
973 3867 1020 3916 pate
1047 3854 1179 3904 artissime
1205 3856 1341 3918 iungantur

256 3940 290 3975 ne
307 3925 409 3975 minen
434 3925 497 3976 iilud
522 3940 576 3976 non
598 3941 630 3976 ex
655 3928 780 3989 historia,
820 3941 881 3978 cum
900 3926 1033 3978 Gallorum
1051 3927 1200 3978 delectione
1218 3942 1270 3979 nec
1283 3941 1341 3978 ver-

255 3999 286 4048 ut
303 3998 356 4049 volt
372 4003 519 4061 Gesnerus,
538 3999 587 4050 sed
604 4002 725 4065 precario
738 4016 783 4052 us·
820 4003 856 4052 ho
867 4003 977 4066 quidem
994 4004 1105 4066 panicus
1120 4001 1162 4052 ille
1174 4004 1282 4066 reginae
1294 4006 1342 4052 ter-

256 4077 395 4137 sumptum
411 4075 611 4136 sternent,
630 4075 692 4124 696:
711 4075 783 4139 liegi-
820 4089 866 4126 ror
886 4076 1061 4140 significetur,
1088 4075 1151 4126 iilud
1173 4079 1236 4126 ante
1257 4077 1340 4126 omnir

258 4162 343 4197 ml·-
357 4150 443 4209 patrio
462 4155 536 4200 eocot
560 4150 666 4214 agmina
689 4151 780 4208 sistro,
821 4151 967 4201 tenendum
989 4153 1045 4210 esi,
1072 4163 1125 4200 aon
1147 4149 1181 4202 de
1208 4149 1341 4215 praecipiti
