2934 4884
622 890 849 997 titularii
866 888 1021 983 uacci

422 1145 761 1326 CARMEN
796 1144 1253 1327 SECULARE.

702 1514 960 1533 m

597 1746 1064 1808 enuntiatorium.

355 1953 393 2003 De
415 1954 514 2016 origine
537 1953 660 2005 ludorum
680 1952 840 2005 secularium
857 1953 885 2003 et
901 1952 935 2001 de
951 1952 1017 2012 ritu,
1047 1964 1100 2014 quo
1117 1951 1144 2001 in
1161 1952 1264 2015 Campo
1280 1952 1366 2001 ltartio

291 2035 511 2098 celebrabantur,
540 2038 600 2087 vida
626 2036 699 2088 locos
727 2036 951 2088 commentatoris
977 2035 1121 2097 Cruquiani
1144 2036 1171 2083 ct
1193 2036 1292 2085 Zosimi
1311 2035 1367 2084 huic

290 2121 402 2171 carmini
418 2121 593 2184 praemissos,
612 2120 706 2171 collato
723 2120 854 2185 imprimis
871 2119 1017 2169 Censorino
1034 2118 1064 2169 C.
1082 2118 1123 2167 ti.
1139 2120 1315 2181 -Augustus
1326 2131 1367 2167 eos

290 2203 435 2254 celebravit
451 2218 475 2253 a.
494 2218 520 2254 ιι,
540 2218 563 2253 c.
582 2204 649 2264 737,
663 2204 853 2268 cumprimum
865 2200 1035 2261 decennium,
1053 2200 1079 2250 in
1091 2200 1163 2264 quod
1173 2202 1367 2265 prorogandum

290 2288 341 2337 sibi
363 2302 377 2337 a
399 2291 492 2337 senatu
511 2289 651 2351 imperium
668 2289 808 2339 curaverat
824 2298 849 2335 a.
868 2299 895 2335 ιι.
915 2298 938 2334 c.
958 2285 1015 2334 727.
1046 2286 1107 2347 [quo
1129 2298 1198 2335 anno
1223 2286 1307 2336 etiam
1323 2291 1369 2336 tu·

288 2373 381 2435 gustus
398 2370 543 2436 appellatus
561 2372 627 2435 est),
646 2372 832 2435 praeterisset,
850 2382 904 2433 qua
921 2370 1061 2419 occasione
1078 2367 1165 2418 oblata
1181 2372 1281 2432 partim
1298 2383 1369 2434 prae

288 2452 391 2505 clarum
419 2454 547 2504 felicitatis
573 2455 676 2519 imperii
705 2454 815 2505 Romani
838 2466 867 2503 sc
889 2453 1009 2516 principe
1030 2456 1234 2502 monumentum
1258 2455 1368 2517 posteris

286 2552 453 2607 proponere,
472 2541 567 2603 partim
585 2542 708 2591 Romanis
719 2541 807 2602 legem
819 2552 896 2590 suam
908 2539 942 2590 de
954 2536 1108 2588 maritandis
1120 2538 1260 2589 ordinibus
1272 2540 1368 2590 sensim

288 2623 478 2675 commendare
496 2624 594 2673 statuit.
624 2624 693 2673 Finis
711 2624 789 2685 igitur
804 2623 883 2673 buius
900 2623 1076 2672 caerimoniae
1093 2623 1202 2672 omnino
1219 2627 1281 2672 erat
1296 2620 1358 2671 πολι

286 2704 451 2769 τικώτατος.
481 2708 625 2770 compacto
643 2708 732 2757 autem
750 2720 809 2756 ram
827 2720 889 2756 cum
906 2704 1125 2765 Quindecimriris
1142 2706 1226 2755 sacris
1242 2706 1368 2757 iaciund'u

287 2792 322 2839 ita
341 2793 426 2853 egisse
443 2790 560 2847 videtur,
590 2790 660 2839 utili
677 2791 802 2854 proclus
819 2788 952 2840 voluntate
970 2788 1035 2839 dicis
1053 2802 1134 2838 causa
1150 2788 1280 2839 consultis
1297 2788 1366 2840 libris

287 2872 418 2934 Sibyllinis
436 2874 463 2921 et
480 2873 633 2935 compositis
651 2872 761 2923 tortasse
778 2872 828 2923 illis
845 2874 909 2937 ipsis
926 2871 1048 2923 versibus
1065 2870 1211 2936 Sibyllinis,
1232 2886 1301 2936 quos
1318 2886 1368 2924 ser·

287 2956 383 3003 varunt
407 2954 524 3018 Phlegon
547 2954 691 3007 Trallianus
711 2958 739 3006 et
758 2958 891 3018 Zosimus,
920 2957 1134 3020 pronuntiarent,
1164 2955 1273 3007 ultimos
1296 2956 1368 3007 ludos

287 3036 421 3089 seculares
439 3037 588 3091 celebratos
606 3054 667 3091 esse
685 3054 709 3090 a.
720 3054 747 3090 u.
759 3054 782 3090 c.
793 3041 861 3100 628..
881 3053 934 3103 quo
951 3040 1063 3090 fortasse
1073 3038 1209 3103 piaculum
1220 3044 1250 3090 et
1259 3040 1368 3092 lustrum

286 3121 393 3186 aliquod
410 3121 538 3174 sollemne
556 3123 645 3189 populi
661 3125 772 3174 Romani
789 3124 889 3173 lactum
905 3125 971 3184 crat,
990 3136 1053 3173 cum
1069 3136 1099 3174 re
1115 3136 1180 3173 vera
1191 3125 1316 3187 proxime
1326 3138 1368 3174 su-

285 3207 407 3271 periores
425 3206 488 3258 editi
505 3210 596 3258 essent
612 3222 635 3258 a.
655 3221 681 3257 u.
701 3221 725 3257 c.
745 3208 801 3257 605.
820 3205 862 3256 vel
880 3206 947 3267 608„
977 3206 1152 3270 sequentibus
1171 3208 1203 3268 (a.
1222 3221 1251 3257 u.
1270 3222 1296 3258 c.
1314 3209 1366 3258 7⁰5.

285 3289 328 3342 vel
346 3292 412 3353 708.)
431 3304 479 3354 per
496 3289 627 3341 bellorum
645 3289 761 3340 civilium
771 3287 864 3340 turbas
875 3290 1044 3349 intermissu,
1066 3287 1188 3341 seculum
1199 3292 1294 3341 autem
1305 3290 1367 3340 tinin'

287 3375 363 3425 annis
381 3375 449 3437 cx„
479 3388 531 3437 qua
548 3376 575 3424 in
592 3388 621 3423 re
638 3376 777 3424 Etruscam
794 3373 942 3423 doctrinam
958 3374 1044 3423 secuti
1062 3384 1122 3422 esse
1139 3371 1282 3434 videntur,
1310 3385 1366 3424 cum

287 3458 452 3509 consuetudo
480 3456 559 3509 latina
580 3470 606 3507 ιι.
629 3458 738 3507 saulus
759 3470 809 3521 pro
831 3457 951 3507 centenis
973 3456 1049 3506 annis
1070 3459 1222 3520 usurparet.
1259 3458 1368 3508 Omnino

286 3542 377 3591 autem
404 3540 550 3591 tenendum
572 3538 649 3591 ludos
672 3540 807 3591 seculares
828 3540 863 3589 ab
886 3542 1004 3602 anguto
1024 3540 1156 3590 institutos
1176 3541 1270 3602 potius
1292 3552 1367 3604 quam

285 3625 444 3674 instauratos
469 3626 547 3687 atquc
573 3637 588 3673 a
610 3623 784 3686 sequentibus
801 3622 1009 3687 imperatoribus
1027 3621 1177 3673 celebratos
1195 3625 1223 3672 at
1242 3624 1329 3675 torma
1344 3626 1368 3672 ct

285 3706 339 3757 flna
356 3720 466 3772 prorsus
484 3706 564 3757 luisse
582 3706 703 3757 diversos
720 3706 754 3755 ab
772 3706 817 3767 iis,
842 3706 888 3769 qui
905 3705 1002 3756 eodem
1019 3707 1125 3756 nominc
1143 3708 1205 3756 ante
1221 3710 1368 3772 Augurum

285 3793 477 3841 memorantur.
508 3789 561 3839 Cir.
580 3790 688 3839 Petrum
706 3789 835 3839 labinum
853 3788 887 3839 de
904 3790 1083 3839 Romanorum
1094 3802 1164 3841 anno
1176 3790 1295 3841 seculari
1306 3788 1369 3839 eius

285 3887 337 3937 qua
362 3874 530 3937 potissimum
547 3884 597 3936 per
614 3871 690 3924 ludos
707 3872 845 3923 seculares
862 3872 1016 3923 celebritate
1034 3886 1184 3936 eorumque
1201 3873 1368 3935 chronologia

284 3958 311 4007 in
328 3958 431 4009 Graevii
448 3956 584 4007 Thesauro
601 3956 666 4005 Vlll.
685 3970 744 4019 pag.
763 3955 820 4007 lea.
840 3959 920 4020 atque
934 3957 1039 4006 ceteros
1051 3957 1225 4020 scriptoresa
1237 3958 1369 4009 llitscher

283 4040 362 4091 lichio
380 4043 408 4091 et
425 4041 565 4103 Doeringio
583 4042 823 4099 commemoratos,
847 4041 913 4090 item
930 4038 1017 4090 ldeler
1034 4040 1197 4106 Clamotopte
1211 4042 1245 4091 11.
1264 4054 1324 4106 pag.
1340 4037 1369 4088 82

284 4136 377 4186 seqq.,
397 4125 514 4187 llnrtung
525 4124 636 4187 lletlpion
653 4125 697 4173 der
713 4124 803 4173 lilimcr
814 4123 845 4174 ll.
864 4137 925 4188 pag.
939 4124 998 4186 92,
1018 4125 1045 4174 et
1060 4137 1124 4188 prae
1143 4124 1270 4177 omnibus
1282 4126 1312 4175 C.
1326 4124 1362 4173 Fr.

284 4208 467 4258 llermannum
488 4210 518 4258 de
540 4208 592 4259 loco
609 4208 729 4270 Apollinis
745 4208 772 4256 ia
789 4209 903 4258 caradoc
919 4208 1020 4259 Horatii
1036 4208 1180 4269 tumulari,
1207 4210 1278 4259 Gott.
1299 4204 1367 4257 tals.
