2934 4884
222 374 284 438 ‘278
606 375 735 426 nonnrn
753 375 922 425 cnnmnnn

392 533 526 608 Cantus,
551 551 602 596 me
624 529 724 596 voluit
745 528 857 596 dicere
877 528 1021 595 lucidum

391 650 562 740 Fulgentes
585 650 698 718 oculos
721 662 754 717 et
774 650 858 717 bene
880 651 1001 716 mutuis
1271 653 1316 717 l5

476 772 592 840 Fidum
612 783 726 860 pectus
749 771 933 851 amoribus;

391 934 496 1012 Quam
518 952 579 998 nec
600 931 684 998 serre
707 929 828 1018 pedem
850 928 1003 996 dedecuit
1024 930 1132 998 choris

391 1055 457 1120 Nec
479 1063 604 1118 certare
627 1052 699 1118 ioco
721 1071 783 1118 nec
806 1048 885 1116 dare
907 1050 1041 1118 brachia

390 1172 569 1240 Ludentem
592 1171 701 1238 nitidis
722 1172 902 1260 virginibus
924 1193 1018 1239 sacro

476 1295 598 1361 ntanae
620 1292 758 1362 serent-n
779 1269 875 1360 na*

287 1513 327 1562 lb.
345 1511 471 1575 Ftttpentis
487 1512 535 1561 ΒΤ.

222 1704 419 1769 pulcherrima;
439 1709 466 1754 et
484 1719 512 1754 re
531 1719 595 1755 vera
609 1705 748 1756 formosis-
785 1707 1041 1760 brarootoectoros.
1070 1711 1197 1763 Ceterum
1217 1713 1316 1764 simili-

224 1780 293 1828 sima
309 1779 405 1830 mulier
427 1784 485 1830 arat
505 1781 646 1840 Terentia,
671 1781 748 1829 cuius
785 1784 828 1831 ter
842 1783 914 1845 virg.
938 1786 984 1833 Ge.
1009 1785 1041 1844 4,
1064 1786 1112 1835 tl:
1142 1786 1214 1837 Forte
1237 1789 1316 1839 mul

222 1866 314 1903 amora
353 1857 447 1918 captus
486 1856 545 1905 erat
579 1855 746 1905 Octavianus.
785 1856 916 1918 Faunique
933 1859 1023 1918 podem
1039 1860 1091 1908 oet,

224 1929 304 1989 (Suet,
319 1929 375 1977 Oct.
390 1929 440 1992 ep)
802 1917 859 1971 ⁸48.
889 1928 987 1971 emtore
1010 1923 1077 1987 ioco]
1103 1924 1170 1975 Nihil
1198 1926 1317 1990 impedit

260 1999 301 2051 tt.
320 2002 431 2052 totana
447 2003 587 2067 reparas]
606 2005 636 2052 ut
654 2003 702 2053 uo.
716 2003 746 2064 4,
785 2009 840 2058 nuo
857 1997 946 2046 nonus
963 1998 1171 2061 interpretemur
1187 1999 1221 2050 de
1244 2015 1316 2052 eon-

222 2075 264 2136 as,
278 2076 327 2126 aa:
346 2077 426 2126 noto
444 2079 572 2127 esaim.
592 2077 639 2126 oa.
653 2079 683 2137 n,
705 2077 746 2138 rs,
785 2071 877 2130 vivis.
903 2071 930 2120 in
947 2071 1045 2134 onnus
1061 2073 1107 2132 iis,
1127 2075 1173 2136 qua
1189 2076 1314 2127 rocomm

224 2150 257 2199 6:
284 2150 412 2201 toriacum
431 2153 560 2202 Laetatur,
586 2150 632 2201 od,
654 2152 684 2212 3,
705 2153 746 2212 27,
785 2143 901 2206 salibus,
920 2146 1002 2194 certis
1025 2147 1146 2196 convivis
1167 2148 1313 2212 iudicibus,

224 2223 274 2274 67:
291 2225 416 2290 perfidum
426 2227 518 2276 ,sm
545 2227 630 2276 Etiam
642 2227 668 2275 tn
681 2226 749 2274 sati·
786 2223 891 2269 ceteros
909 2222 1084 2283 superarent,
1109 2224 1228 2285 praemia
1246 2237 1316 2287 pro·

224 2299 270 2348 ris,
291 2301 327 2362 (t,
350 2301 378 2360 8,
400 2300 449 2350 μς
478 2305 627 2350 resonarent
641 2301 710 2349 trista
726 2305 750 2349 et
785 2295 872 2358 posita
885 2297 984 2344 essent.
1003 2296 1042 2344 Do
1051 2293 1198 2346 saltationis
1211 2311 1314 2360 genere

223 2373 347 2438 uacum)
365 2375 457 2437 Repeti
470 2375 513 2425 hic
525 2387 589 2425 usus
602 2375 749 2424 adiectivo-
786 2368 874 2434 aliquo
908 2370 993 2431 accipi
1026 2370 1119 2431 nequit
1146 2372 1175 2419 et
1201 2377 1316 2436 propter

223 2459 283 2497 rum
302 2451 393 2512 potest
412 2449 474 2498 inde
493 2449 527 2498 ab
540 2449 656 2499 Homero
674 2449 746 2499 Iliad.
785 2444 869 2494 verba
894 2444 967 2507 ipss,
1002 2444 1028 2492 ln
1055 2441 1153 2507 quibus
1179 2445 1231 2496 boo
1257 2461 1314 2501 non

222 2519 256 2581 β,
276 2522 340 2570 269:
360 2516 478 2592 ἀχρεῖον
490 2520 574 2583 ἰδών,
588 2522 615 2572 id
627 2525 677 2583 est,
698 2524 749 2572 sita
785 2520 871 2578 inest.
890 2531 941 2567 nec
958 2519 999 2566 ter
1010 2515 1178 2570 saltationem
1190 2533 1316 2573 comme·

222 2593 314 2643 oculos
336 2597 476 2658 torquens,
501 2597 531 2645 ut
549 2596 630 2646 bomo
650 2596 749 2646 inutilis
786 2605 892 2644 morare
909 2594 1115 2655 poteratpottta.
1131 2619 1158 2629 —
1178 2596 1316 2646 dombro-

222 2667 749 2730 atquestolidusvideretur»;sicatiam
785 2669 854 2731 ebio]
884 2669 955 2716 ilaec
980 2667 1097 2716 maxims
1125 2666 1315 2722 demonstrant
1385 2675 1390 2680 ’

221 2743 248 2792 in
266 2742 331 2792 locis
349 2743 508 2792 Horatianis,
785 2745 936 2792 matronam
944 2742 1091 2790 Romanam
1102 2741 1146 2790 bic
1158 2744 1313 2806 significari,

255 2819 294 2866 45.
314 2817 372 2866 bots
389 2815 496 2879 minuis]
515 2818 544 2866 ut
563 2817 617 2867 Cio.
641 2819 675 2868 ad
694 2819 746 2868 nu.
785 2817 883 2881 quibus
906 2815 970 2866 solis
987 2815 1087 2864 ducere
1104 2813 1203 2866 licebat
1218 2831 1314 2870 saeros

222 2890 268 2950 44,
288 2892 319 2940 7:
345 2892 442 2940 litteras
461 2891 520 2940 barro
534 2893 632 2955 inopus.
667 2894 746 2943 Tnsc.
785 2891 1074 2950 Dianuecboros,'uua
1090 2903 1153 2941 cnm
1165 2892 1314 2955 orginibus

220 2966 309 3026 nte:
328 2966 468 3015 dotorbene
485 2967 561 3028 ploos
578 2981 701 3031 osopum,
720 2971 750 3018 et
784 2966 914 3029 ingenuis.
941 2968 971 3015 Α.
995 2966 1022 3014 P.
1045 2977 1071 3014 v.
1093 2965 1159 3015 232:
1199 2968 1316 3032 Utssstis

221 3041 275 3090 bien
301 3039 540 3104 Francogallorum.
570 3041 636 3092 Bana
654 3045 749 3093 mucis
784 3045 905 3089 matrona
920 3040 1017 3103 muneri
1034 3039 1103 3088 iusso
1122 3039 1215 3090 amno.
1256 3042 1312 3092 Cb.

220 3115 299 3177 igitur
316 3118 358 3165 est
375 3115 483 3179 «pleno,
502 3129 630 3179 prorsus,
650 3119 747 3168 eodem
785 3115 832 3164 od.
846 3116 871 3175 3,
885 3114 926 3175 44,
940 3115 980 3164 44.
999 3113 1048 3163 Od.
1061 3113 1086 3174 4,
1100 3115 1124 3174 6,
1137 3115 1178 3164 34.
1214 3117 1264 3176 Qui
1276 3116 1313 3167 de

222 3191 321 3239 amoris
330 3189 426 3240 ardore
436 3191 561 3241 mutuis.»
580 3190 627 3241 Alii
636 3194 748 3255 iungunt
784 3189 907 3240 libertina
926 3189 1150 3250 interpretantur,
1176 3190 1314 3253 privatum

221 3277 283 3314 cunr
303 3277 329 3313 v.
351 3265 458 3325 Fidum,
488 3266 530 3315 cui
551 3267 646 3316 ratium
667 3279 748 3330 repn-
783 3263 876 3314 volunt
900 3253 962 3313 esse
980 3261 1108 3312 sollemne
1125 3263 1240 3324 Dianae,
1267 3266 1313 3314 oni

220 3353 301 3402 gnare
318 3339 426 3388 videtur
436 3339 582 3390 verborum
599 3342 697 3404 positio
715 3354 748 3391 ac
785 3337 952 3402 explicationi
976 3337 1117 3387 manilesto
1140 3336 1249 3387 obstant
1265 3353 1311 3389 vv.

221 3413 345 3464 versiculi
363 3415 531 3477 compositio.
784 3414 884 3463 Dionos
900 3413 1008 3462 octobris.

254 3489 294 3538 tr.
320 3489 494 3554 [mopsuest]
514 3489 610 3539 oculus
623 3503 746 3542 summus
817 3489 857 3538 49,
886 3485 1034 3550 tuomum]
1066 3485 1164 3534 boumn
1196 3485 1314 3537 choreas

220 3565 261 3612 est
274 3561 531 3612 decoracvenustns
543 3563 745 3627 insultatione»,
783 3560 840 3612 illus
857 3564 937 3611 vocat
951 3563 1063 3624 propter
1074 3562 1165 3622 gestus
1177 3573 1210 3609 ac
1221 3563 1314 3612 motus

219 3649 288 3700 quae
315 3635 471 3685 iamdudum
489 3636 585 3687 saltem
603 3640 672 3688 int-ra
689 3641 747 3703 pri·
783 3637 948 3685 varietatem.
960 3635 1310 3697 sicuatgawliomilymn.

218 3713 294 3760 vatos
318 3709 435 3772 parietes
457 3711 483 3758 in
501 3723 552 3759 usu
569 3716 628 3761 orat
644 3717 747 3763 matro-
783 3708 867 3773 Apoll.
881 3711 939 3760 not.
954 3711 983 3758 et
993 3709 1064 3771 Virg.
1079 3707 1133 3758 Eci.
1148 3709 1172 3768 6,
1185 3709 1235 3758 27:
1252 3710 1316 3760 iiras

217 3785 257 3834 nis
277 3784 314 3847 (ut
331 3783 504 3845 Semproniae
517 3784 589 3846 apud
601 3785 746 3837 Salustium
782 3797 842 3833 voro
861 3785 889 3833 ia
906 3797 1040 3833 omum
1058 3784 1208 3842 Faunosque
1228 3784 1315 3846 swas·

218 3860 275 3908 Cat.
289 3858 355 3921 ib),
383 3869 445 3907 cum
463 3858 657 3920 antiquioribus
675 3863 746 3910 tem-
784 3873 831 3920 que
841 3859 1052 3909 ammonam.
1069 3885 1097 3894 -
1115 3857 1213 3920 44444444]
1228 3858 1314 3910 ussto

218 3932 327 3995 poribus
354 3930 479 3981 indecora
506 3931 661 3983 baberetur.
697 3936 745 3985 ni·
783 3937 879 3985 ornatu
897 3935 1029 3984 decoris.»

217 4007 374 4068 stinguendn
397 4021 412 4056 a
433 4009 531 4057 Dianae
552 4007 642 4056 choris
662 4021 687 4056 v.
703 4011 743 4060 48.
816 4011 857 4058 20.
886 4010 988 4058 Dionos
1004 4007 1116 4071 colobiis]
1143 4007 1236 4056 «cuius
1252 4007 1315 4058 dies

219 4079 285 4127 haec
297 4082 377 4131 etiam
389 4079 493 4130 saltatio
503 4081 659 4141 domestica,
673 4095 744 4144 quae
784 4082 867 4134 festus
884 4097 980 4147 magna
992 4081 1082 4147 populi
1101 4083 1251 4147 frequentia
1264 4097 1314 4132 ce-

218 4165 232 4199 a
251 4155 336 4213 poetis
347 4155 417 4204 etati
428 4157 536 4207 nomine
549 4157 701 4219 insignitur.
716 4158 747 4206 ut
783 4157 927 4208 libratur.-
956 4156 1049 4208 Tibull.
1064 4156 1092 4218 4,
1106 4156 1130 4218 4,
1144 4157 1192 4206 23:
1209 4157 1313 4217 Phoebe,

121 4261 125 4274 .
218 4227 335 4286 propert.
354 4229 380 4289 2,
394 4227 434 4290 34,
448 4228 497 4280 ts:
525 4231 744 4281 mouussotam-
782 4232 882 4281 --Iom
897 4231 1003 4293 acar,
1020 4232 1074 4281 mm
1090 4232 1171 4282 loono
1187 4233 1245 4281 sris.
