2934 4884
685 353 813 403 noasru
832 351 1001 403 elambuit

555 511 659 596 Fruge
682 509 781 574 Lares
804 505 964 592 avidaque
987 525 1105 591 porca,

469 669 535 733 Nec
558 665 760 753 pestilentem
782 664 899 729 sentiet
920 662 1060 728 iliricum

470 786 622 854 Fecunda
643 785 716 851 vitis
739 805 800 850 nec
821 782 965 850 sterilem
986 803 1082 870 seges

513 907 702 994 Robiginem
725 916 781 971 aut
801 903 914 971 dulces
936 901 1054 993 alumni

554 1025 714 1094 Pomilero
737 1045 836 1112 grave
858 1034 986 1110 tempus
1008 1044 1101 1089 anno.

472 1187 553 1251 Nam
573 1204 658 1271 quac
680 1182 778 1248 nivali
800 1183 943 1269 pascitur
965 1180 1077 1268 Algido

471 1309 595 1374 Devoto
617 1324 759 1392 quercus
782 1303 864 1370 inter
886 1314 919 1369 et
941 1302 1030 1370 ilices
1192 1364 1196 1371 ,
1350 1303 1383 1366 tu

365 1471 389 1518 44.
409 1467 500 1517 sentiat
516 1467 544 1514 T.
566 1493 592 1500 -
612 1465 637 1514 7.
655 1465 801 1528 liubipinsm
817 1463 962 1525 ubsrum.
982 1465 1090 1526 (Utnos,
1111 1463 1195 1512 Codd.
1209 1461 1311 1522 Blandi
1327 1491 1352 1498 —
1432 1424 1433 1513 i

321 1541 357 1594 ¹8.
376 1541 493 1604 Pamisos-i
503 1563 537 1576 -·
547 1540 609 1588 anni
627 1537 744 1590 malebat
760 1536 905 1590 Markland.

302 1684 367 1744 loci,
379 1680 469 1732 lunoni
476 1680 604 1742 praefato.
623 1678 679 1729 Tib.
693 1680 705 1727 4
718 1716 723 1740 ,
736 1678 766 1739 3,
778 1677 824 1729 st:
863 1689 961 1727 vanam
973 1688 1033 1726 esse
1052 1675 1248 1726 distinctionem
1264 1663 1381 1726 interro
1432 1658 1433 1675 ¹

300 1761 431 1808 mmmm
449 1755 525 1804 thuro
540 1753 610 1802 Lori.
637 1751 720 1802 Plaut.
738 1749 824 1802 Aulul.
863 1749 970 1814 ὁίρίηαη
985 1749 1111 1801 frumenti
1124 1749 1235 1814 (Brassd,
1250 1751 1380 1813 4444444444

301 1829 370 1882 Prol.
380 1829 425 1880 23:
438 1828 502 1878 Huic
511 1825 645 1890 (Euclioni)
654 1827 826 1889 flliusosuest:
864 1827 891 1876 et
914 1825 1055 1889 subiciens
1079 1826 1141 1876 lerri
1165 1827 1255 1890 (nou).
1283 1827 1377 1878 Colum.

301 1919 333 1957 cc
350 1903 411 1953 mibi
430 1901 504 1964 (Lari)
525 1901 613 1950 cotidie
628 1901 678 1950 Aut
693 1901 765 1950 diano
783 1902 828 1948 aut
864 1900 909 1960 to,
927 1899 988 1950 dli:
1018 1901 1081 1950 Hinc
1096 1901 1168 1950 mdo
1186 1901 1281 1964 linbtpo
1298 1902 1380 1950 stada

300 1981 359 2029 cino
371 1980 416 2027 out
427 1975 507 2037 aliqui
517 1987 614 2036 smspsr
623 1975 760 2036 supplicat,
775 1975 828 2024 Dat
862 1986 894 2022 no
904 1978 1000 2022 torrem
1010 1973 1113 2035 mbos,
1131 1975 1260 2037 Sooputsoe
1275 1975 1378 2024 mostis

300 2049 716 2113 melcomus-tommo]
732 2047 827 2112 aspicis
863 2048 940 2097 catuli
963 2049 1086 2109 placatur
1109 2053 1133 2097 st
1158 2049 1232 2097 antu.
1266 2049 1307 2098 Ab
1331 2047 1379 2097 aliis

301 2124 462 2185 hornotinis,
475 2122 554 2172 huius
565 2123 652 2173 anni.»
667 2123 761 2171 Forma
771 2121 829 2169 tor-
862 2123 955 2182 wado,
982 2122 1016 2171 ab
1038 2121 1096 2171 aliis
1112 2121 1281 2172 corbum-utus
1297 2121 1380 2187 appel·

300 2212 349 2249 nus
375 2199 516 2262 poetarum
544 2199 593 2246 est.
631 2195 683 2247 Cir.
709 2194 827 2259 Pompeii
863 2192 976 2245 labatur.
996 2194 1059 2245 Plin.
1075 2196 1105 2244 Η,
1123 2197 1154 2245 N.
1171 2197 1215 2254 48,
1237 2197 1283 2256 28,
1304 2198 1380 2246 69.-

302 2273 406 2323 Comus.
419 2274 449 2322 A.
463 2273 494 2320 D.
508 2283 535 2334 p.
549 2270 606 2320 329.
626 2271 720 2333 spicae
737 2271 827 2318 autem
863 2269 946 2318 dulces
966 2268 1070 2332 dumos]
1096 2269 1182 2329 vituli,
1209 2269 1304 2330 baadi,
1329 2270 1382 2332 agni

300 2347 345 2396 bic
361 2347 450 2410 potius
467 2343 649 2406 significantur
664 2355 745 2406 quam
757 2340 827 2392 molu
863 2341 966 2401 tenelli;
985 2344 1014 2391 ut
1031 2342 1079 2391 0d.
1092 2342 1121 2403 3,
1140 2343 1184 2404 48,
1203 2341 1228 2393 l.
1248 2344 1316 2395 Malo
1327 2343 1383 2393 olim

302 2419 380 2472 salsa.
402 2445 429 2456 -
448 2418 538 2482 porca]
561 2420 672 2468 Porcam
694 2417 765 2466 enim
788 2415 828 2465 lc·
864 2416 898 2466 de
915 2414 1032 2466 vernulis
1049 2415 1230 2479 explicabant3
1249 2431 1313 2468 narn
1325 2417 1384 2467 tales

301 2495 403 2545 minam
420 2495 539 2543 mactare
557 2490 688 2542 solebant.
719 2491 774 2540 Cic.
792 2489 827 2538 de
864 2493 938 2542 certe
962 2490 1006 2539 vix
1032 2489 1150 2539 babebat
1174 2490 1238 2540 licta
1258 2491 1328 2542 baec
1347 2505 1386 2541 ra-

301 2571 357 2618 lnv.
370 2568 399 2627 i,
418 2567 463 2616 30:
486 2579 554 2627 aim,
573 2567 617 2628 qui
635 2565 669 2628 (iu
686 2563 826 2626 sacrificio)
864 2566 942 2625 stica,
969 2561 1056 2614 coloni
1077 2563 1138 2613 filis.
1174 2567 1262 2629 Atque
1283 2568 1386 2616 omnino

301 2653 408 2704 porcam
424 2641 537 2690 tenuerit.
864 2651 959 2701 greges
967 2639 1114 2701 praeterire
1124 2651 1177 2688 non
1185 2643 1294 2702 poterat
1302 2643 1384 2705 poeta.

337 2715 362 2763 t.
385 2714 409 2762 6.
433 2710 748 2776 potamion-Apicum]
771 2711 828 2759 Sci·
896 2712 921 2762 8.
939 2712 1061 2774 Pomifsro
1077 2739 1092 2748 -
1107 2739 1123 2748 -
1138 2713 1215 2777 cono]
1233 2718 1385 2764 oucmmuo.

302 2799 384 2838 rocco.
406 2786 503 2838 cnud.
519 2787 635 2847 tata
654 2775 837 2835 Noxiumltuss
864 2787 906 2836 Sic
929 2785 1013 2850 Epod.
1039 2785 1068 2846 2,
1095 2785 1141 2834 29:
1168 2799 1252 2837 nasus
1275 2789 1387 2838 bibam

302 2863 389 2911 strum
415 2860 478 2910 dicit
495 2859 558 2909 Plin.
577 2860 608 2909 H.
631 2861 661 2909 N.
686 2859 715 2917 2,
735 2857 776 2908 44.
797 2885 825 2894 -
863 2861 939 2920 lautu
967 2861 1038 2921 virg.
1057 2860 1122 2909 Aen,
1147 2861 1176 2921 6,
1194 2861 1258 2911 stt:
1282 2863 1386 2926 pipicus

301 2933 426 2997 Fecunda]
449 2935 517 2982 Raro
534 2933 666 2995 reperitur
686 2931 720 2980 de
747 2929 828 2980 orbo·
864 2949 959 2993 annam
986 2935 1049 2983 Stat.
1068 2933 1152 2983 Theb.
1178 2933 1207 2994 4,
1232 2936 1262 2984 4;
1288 2937 1386 2986 horren

302 3005 377 3056 ribus
407 3019 456 3069 pro
483 3004 603 3066 «senilis,
633 3005 732 3056 ferax.»
771 3005 825 3055 Cic.
864 3021 958 3068 conus,
977 3008 1074 3056 hiems.
1096 3006 1241 3058 norbanus
1259 3010 1326 3058 coni.
1338 3023 1384 3070 po-

303 3079 374 3128 Orat.
403 3080 446 3128 ts:
482 3079 580 3143 chctcs
606 3079 727 3142 sccundus
754 3084 829 3141 atquc
863 3081 1063 3145 mitem-coni
1073 3081 1230 3144 pedestrem
1241 3084 1382 3132 orationem

302 3153 396 3204 uberes.
423 3181 450 3190 -
480 3155 600 3219 sterilem]
633 3169 722 3218 «quae
748 3155 829 3204 elficit
864 3155 1000 3205 substituit
1020 3155 1150 3218 poeticae.
1177 3182 1205 3192 -
1226 3170 1307 3220 prcus
1324 3162 1382 3206 ten-

304 3227 497 3278 sterilitatem.»
522 3228 592 3291 Virg.
611 3230 657 3278 Ge.
676 3230 703 3291 4,
720 3229 781 3278 teo:
800 3234 829 3278 at
859 3227 918 3290 pus]
939 3228 1024 3277 Etiam
1045 3229 1071 3278 in
1088 3242 1169 3292 prosu
1186 3233 1253 3279 orat.
1270 3243 1319 3293 pro
1336 3241 1380 3293 pe·

303 3301 375 3352 molo
394 3302 487 3352 culam
504 3302 574 3351 Esset
592 3302 687 3366 robigo.
864 3300 970 3352 stilenti.
984 3302 1039 3351 liv,
1053 3302 1082 3363 3,
1101 3303 1131 3351 6;
1149 3307 1379 3366 ρναυοωωριε,σ4

335 3377 360 3425 i.
370 3376 522 3440 llobifinom]
531 3377 678 3440 liubipincm
689 3377 756 3426 miro
766 3389 829 3426 con·
861 3376 927 3437 forte
944 3389 1026 3425 conso
1038 3377 1162 3438 pestilens.
1181 3379 1234 3427 Sat.
1247 3379 1277 3439 2,
1296 3380 1322 3439 6,
1338 3377 1376 3426 ⁴8:

301 3463 383 3500 sensu
401 3448 484 3499 Codd.
500 3451 567 3509 mei;
594 3463 690 3499 verum
710 3451 828 3512 Wagner
859 3451 990 3511 plwnbeus
1005 3450 1094 3500 Aststcr
1111 3451 1312 3514 Auctstmnusqus
1324 3463 1379 3514 piu·

302 3523 337 3574 od
353 3524 424 3586 Virg.
443 3525 490 3573 Ge.
510 3524 537 3584 4,
557 3525 616 3574 tbi:
645 3523 751 3586 «robtpo
767 3536 827 3572 me·
861 3525 912 3585 vu,
931 3525 1054 3574 Libitinus
1070 3530 1186 3586 quosow
1201 3527 1313 3577 uentos
1339 3526 1378 3573 lu·

302 3596 382 3646 liores
408 3595 542 3656 scribunt,
572 3598 599 3646 et
622 3597 709 3660 robipo
733 3595 776 3646 bis
800 3596 825 3645 in
862 3596 949 3646 venel.
968 3597 997 3660 4,
1019 3598 1065 3648 56:
1093 3600 1147 3648 tucn
1171 3601 1267 3664 lotifm
1290 3600 1378 3650 mdeste

303 3670 385 3719 Fastis
395 3668 599 3719 Praenestinis.»
623 3671 669 3719 Est
682 3671 764 3720 etiam
775 3669 826 3718 dea
859 3671 961 3732 pruinis
976 3670 1122 3722 Auctwnoo.

301 3741 410 3803 Robigo.
431 3741 505 3791 ovid.
520 3742 587 3791 Fast.
603 3740 631 3801 4,
646 3742 705 3792 907:
724 3743 827 3792 mmm
896 3744 938 3792 9-
949 3745 989 3794 ts.
1008 3746 1086 3794 obuli
1097 3772 1111 3782 -
1121 3745 1219 3812 Alpion]
1237 3745 1376 3798 monteba-

301 3817 328 3866 in
350 3815 470 3876 actuose
498 3814 581 3864 lucum
608 3814 733 3878 liubipinis
759 3815 824 3876 ibat,
863 3819 905 3877 tii;
934 3819 1043 3881 polidus
1066 3823 1145 3870 vocat
1164 3821 1212 3871 0d.
1235 3823 1261 3882 4,
1279 3821 1322 3879 st,
1338 3817 1371 3873 i,

299 3889 371 3940 sxta
391 3889 461 3938 cuno
486 3889 607 3953 mulmis,
636 3894 697 3938 exta
722 3890 827 3938 dotano
861 3891 1072 3955 niproofcroccm
1084 3893 1182 3955 ponda
1198 3894 1287 3955 Odi,
1300 3888 1370 3950 l,58.

301 3963 362 4012 ouis.
389 3962 452 4012 stt:
483 3961 578 4024 Aspero
600 3960 705 4026 Robipo,
731 3975 827 4024 porcos
862 3966 892 4013 In
913 3978 946 4015 eo
968 3978 1000 4014 ac
1028 3979 1112 4031 prope
1143 3965 1238 4017 Album
1267 3969 1371 4026 Longam

302 4035 443 4086 carmena
457 4035 546 4086 labb.
565 4036 628 4086 923:
657 4037 708 4086 Neo
729 4041 827 4087 tonnas
863 4040 938 4088 erant
972 4052 1073 4103 pascus
1100 4041 1278 4101 victimarum,
1311 4047 1371 4100 quae

302 4113 403 4169 scpctos,
430 4111 472 4159 ssd
496 4111 588 4160 durum
604 4109 752 4172 mnplsctarc
772 4110 826 4173 ser·
863 4110 964 4175 collegii
991 4113 1149 4176 pontificum
1175 4116 1278 4180 propris
1305 4109 1371 4161 erant

301 4193 372 4238 rium
401 4195 433 4232 cx
454 4196 507 4245 quo
522 4197 602 4235 vorsu
620 4182 698 4234 simul
715 4189 826 4249 apparet
863 4201 894 4236 ac
912 4200 1037 4250 magnam
1054 4191 1158 4252 partem
1174 4191 1272 4242 reditus
1287 4193 1369 4237 eorum
