2934 4884
446 384 578 435 cama
597 384 770 437 sacunino.

212 536 318 592 Ἔνθεν
336 539 483 613 πορουυῃς
499 544 693 609 μεμυημένος.
721 537 836 608 'lipom
853 538 952 595 δῖστω

218 622 291 689 Νυξὶ
306 625 544 699 ϊέπαοσυτέρῃσι
561 627 756 699 θεοπρέπυους
772 623 846 677 κατὰ
862 624 977 691 θώκους

218 705 402 775 Παμπληῦἡς
418 702 530 783 ἄγυρις·
551 706 665 775 σπουδὴ
682 708 713 762 δὲ
730 708 831 777 γέλωτι
847 712 991 777 μεμίχθω.

269 790 365 845 Ταῦτά
383 808 427 845 τοι
444 793 476 845 ἐν
492 794 580 865 φρεσὶ
596 792 684 866 σῇσιν
700 788 748 845 ἀεὶ
762 796 948 860 μυμνημένος
964 790 1052 853 εἶναι,
1159 795 1190 843 35

219 878 277 929 irat
293 893 343 928 σοι
359 876 439 929 πᾶσα
454 875 536 939 χθών
550 874 646 945 'leniri
664 878 713 928 unt
730 876 812 929 πᾶσα
827 878 937 945 Αατὶυη

218 960 285 1012 Areu
302 957 360 1013 ὑπὸ
376 959 565 1035 υκήκτροιοιυ
583 956 757 1022 ὖπαυχέυιου
774 958 860 1029 ζυγὸν
878 956 942 1027 ἔξει.

578 1134 716 1142 -ω-

372 1314 931 1379 ΜΕΝ

279 1464 410 1532 Phoebe
433 1464 652 1553 silvarumque
675 1474 790 1553 potens
811 1464 932 1541 Diana,

282 1585 438 1653 Lucidum
459 1584 540 1653 caeli
563 1584 680 1663 decus,
704 1608 723 1653 o
746 1585 872 1654 colendi

283 1709 421 1797 Semper
442 1718 475 1775 et
496 1707 584 1785 culti,
609 1708 699 1785 date,
724 1729 809 1797 quaa
831 1730 1003 1797 precamur

365 1832 522 1918 Tempore
545 1849 654 1907 sacro,

177 1972 310 2025 CARMEN
327 1972 499 2025 SECULARE.
534 1970 619 2022 Abest
634 1986 649 2021 a
667 1971 752 2023 codd.
770 1972 838 2023 meis
855 1973 872 2022 S
890 1976 916 2023 et
932 1972 966 2029 d;
986 1972 1076 2024 deficit
1091 1975 1157 2025 inv.

141 2049 183 2099 20.
203 2047 270 2099 Cod.
290 2047 448 2098 turicensis.
469 2076 495 2085 -
519 2045 646 2098 Notabilis
664 2050 706 2099 ast
721 2048 858 2111 inscriptio
876 2048 980 2099 Codicis
998 2050 1108 2101 Gothum
1125 2052 1157 2101 2:

141 2123 233 2184 Incipit
249 2134 350 2171 cannen
366 2122 478 2171 seculuro
503 2122 568 2182 quod
589 2122 661 2183 petri
682 2136 736 2171 meo
758 2127 782 2171 el
802 2123 880 2172 matri
903 2136 974 2173 meae
997 2130 1161 2175 emtwoeram

141 2197 177 2247 ad
194 2198 298 2247 chorum
311 2210 450 2259 puerorum
462 2196 653 2258 poellommoue
669 2197 703 2245 od
713 2196 851 2258 Apollinem
867 2200 891 2245 et
901 2197 1014 2249 Dionem
1021 2200 1162 2260 proterium

142 2272 284 2321 tetracolos.
320 2270 421 2331 Quibus
443 2272 468 2320 in
489 2270 579 2320 verbis
602 2270 652 2320 etsi
673 2270 747 2320 varia
770 2271 900 2334 corruptis
923 2272 1063 2323 manitesto
1079 2273 1162 2323 latent

143 2346 214 2395 haec
241 2346 351 2396 Zosimi:
388 2342 485 2407 παῖδες
510 2344 659 2407 ἐπιφανεῖς
689 2340 764 2409 μετὰ
788 2344 978 2414 παρθένων-,
1005 2347 1035 2396 οἳ
1058 2343 1161 2409 πάντες

141 2416 339 2486 ἀμφιθαλεῖς,
367 2412 437 2491 ὅπερ
454 2418 547 2481 ἐστίν,
572 2414 759 2490 ἀμφοτέρους
780 2416 848 2482 τοὺς
863 2424 957 2486 γονεῖς
978 2414 1095 2484 ἔχοντες
1111 2436 1161 2472 ,τε-

141 2492 260 2567 pedatae
278 2496 391 2560 (patrimi
408 2498 435 2546 at
451 2495 588 2557 matrimi),
611 2487 721 2559 ὕμνους
738 2488 842 2561 ᾄδουσι
858 2493 918 2544 κτλ.
948 2496 1023 2545 Conl.
1041 2497 1161 2560 Bemeys

141 2572 313 2623 metaurus.
332 2572 364 2621 N.
376 2571 404 2621 F.
423 2570 465 2620 Vi.
484 2584 511 2635 p.
531 2570 587 2621 438.
609 2573 720 2633 atquae
739 2569 923 2621 adnotavimus
940 2570 974 2620 ad
990 2584 1016 2620 v.
1036 2570 1060 2621 o.

145 2693 187 2742 t·
199 2691 223 2742 4.
250 2690 347 2755 Phoebe]
372 2692 409 2741 Ex
426 2691 523 2743 Zosimi
540 2704 633 2741 narra-
672 2690 710 2751 3,4
722 2688 1030 2756 :potensllppriivmco‘m
1038 2689 1192 2757 μεδέουσα.

109 2768 182 2818 tione
192 2768 295 2817 constal
306 2766 435 2828 hymnum
447 2765 519 2815 bunc
531 2766 557 2816 in
566 2766 633 2816 aede
671 2767 741 2829 virg.
760 2770 825 2816 heu.
845 2767 873 2827 9,
892 2765 954 2817 tos:
975 2768 1106 2817 Astrontm
1121 2768 1195 2817 ἀουυε

109 2840 236 2906 Apollinis
264 2840 372 2891 Palatini
400 2843 535 2891 cantatum
563 2854 632 2891 osse.
670 2846 694 2891 et
709 2855 840 2891 moneri
855 2843 963 2891 Latonia
978 2848 1066 2893 notor.
1093 2844 1194 2893 Seneca

109 2916 247 2980 Optimum
272 2916 361 2965 autem
387 2914 458 2965 lactu
480 2914 536 2965 lore
558 2914 635 2965 vide·
672 2916 776 2981 Hippoi.
795 2916 858 2968 lto:
885 2917 1016 2982 Omopnu
1036 2918 1112 2967 π’ἱυαυ
1130 2918 1196 2968 atter

110 2992 168 3051 tur,
188 2988 269 3039 ulad
286 2988 468 3052 explicandam
486 2988 634 3051 hancpraa
671 2995 694 3039 el
715 2991 782 3039 lucos
804 2993 851 3040 dea
872 2991 1023 3055 Glaucoque
1043 2993 1107 3042 coeli
1128 2994 1197 3043 adm

111 3065 209 3113 celeris
226 3062 266 3113 dis
283 3061 408 3127 Apollinis
426 3065 453 3112 et
471 3063 570 3113 Dianae
593 3063 635 3111 in·
672 3069 694 3113 el
718 3066 797 3113 coctis
824 3066 904 3114 decio.
933 3094 961 3102 —
987 3068 1109 3117 Lucidum
1132 3068 1196 3117 caeli

110 3137 281 3187 vocationem
297 3136 439 3201 utrobique
457 3138 485 3186 et
505 3138 530 3187 in
548 3134 635 3198 Sibyl·
672 3140 757 3199 ουυυο]
784 3151 857 3187 num.
877 3139 943 3201 sing.
962 3139 996 3189 de
1017 3141 1122 3191 duobus
1144 3156 1195 3191 nu-

111 3212 170 3263 iinis
197 3210 271 3262 libris
297 3214 324 3261 et
349 3210 419 3275 apud
448 3212 584 3261 Horatium
609 3211 635 3259 in
672 3211 787 3262 minibus
805 3213 934 3273 geminis,
950 3214 1081 3275 utoni,
1100 3215 1128 3276 8,
1147 3216 1193 3265 34ι

111 3288 231 3337 Excursu
248 3298 310 3335 cum
330 3283 430 3335 lectore
453 3286 636 3335 communiae·
672 3286 775 3337 Christi
793 3287 949 3347 remorae
971 3289 1047 3337 adio.
1068 3316 1095 3324 -
1115 3304 1130 3338 o
1151 3302 1196 3339 eo-

111 3372 187 3421 mus,
208 3372 277 3423 quae
296 3361 401 3411 Iahnius
418 3360 496 3409 docte
515 3362 542 3409 et
554 3372 636 3409 accu-
672 3361 738 3409 laidi
757 3362 859 3422 Sanper
875 3366 898 3410 el
917 3362 988 3421 culti]
1021 3361 1111 3411 Verba
1133 3364 1197 3413 sunt

109 3438 168 3486 rate
195 3434 320 3484 disseruit
344 3434 378 3484 ad
403 3434 501 3496 Virgilii
526 3431 579 3485 Ecl.
605 3433 634 3494 4,
671 3433 746 3484 velut
754 3448 787 3484 ex
796 3433 969 3485 formularum
977 3448 1112 3497 sermone,
1126 3448 1195 3500 quac

112 3510 158 3560 ro:
189 3508 344 3571 Coriolano
369 3510 480 3559 Lucina:
505 3514 563 3558 tuus
584 3509 636 3557 iam
672 3506 837 3559 anonnuliis
854 3510 1019 3573 reprehensa
1033 3511 1137 3560 Steiner
1153 3524 1197 3560 re-

110 3588 203 3649 rspnot
212 3584 312 3645 Apollo:
332 3583 579 3635 hoctantummcdo
591 3582 637 3632 ad·
673 3585 715 3632 cte
735 3582 852 3633 vindicat
867 3581 968 3634 collatis
988 3583 1063 3634 Ouid.
1084 3586 1146 3636 hiel.
1164 3585 1194 3646 8,

111 3659 220 3718 dentes,
240 3656 328 3708 Solem
341 3661 368 3707 et
379 3660 480 3709 Lunam
493 3670 555 3708 cum
566 3658 636 3707 atris
673 3656 735 3709 3i9:
753 3658 857 3719 Phoebe,
870 3659 1073 3720 aitAmputides,
1091 3659 1147 3708 sile
1157 3673 1198 3709 co-

111 3732 228 3785 salubris
249 3734 329 3795 atque
352 3746 476 3795 agrorum
498 3732 636 3783 fertilitatis
672 3733 757 3794 mique
767 3734 868 3794 coloque
882 3762 919 3782 —.
933 3734 981 3783 Od.
995 3732 1023 3793 4,
1037 3734 1065 3794 2,
1079 3733 1123 3782 37:
1143 3734 1197 3795 otto

112 3808 234 3867 datores,
262 3810 318 3857 tum
343 3808 378 3857 ad
403 3809 508 3871 pestem
533 3806 635 3871 aliaque
673 3808 828 3858 thimotes
837 3808 1198 3858 meliuscebmislintadooc·

111 3880 181 3931 maia
200 3882 401 3933 averruncanda
419 3882 636 3947 praesentissima
672 3895 730 3931 vere
744 3882 849 3943 bonique
861 3884 926 3943 υὸοί,
939 3884 989 3932 Νυο
1001 3882 1154 3932 demulcet.
1168 3908 1195 3919 -

112 3968 174 4007 esse
187 3954 267 4005 ducta
280 3956 387 4006 numina
400 3957 455 4021 (cir.
469 3956 517 4005 0d.
531 3956 555 4016 t,
568 3955 635 4018 at.);
675 3957 792 4019 Taopore
815 3958 903 4018 sacro]
928 3958 1011 4019 prisco
1027 3970 1060 4005 ex
1076 3957 1199 4021 Porphy-

112 4032 254 4095 practcrca
266 4032 411 4093 Augrrstum
424 4044 477 4081 non
488 4031 545 4080 sine
557 4030 638 4080 simu·
674 4032 750 4082 ricus
767 4035 929 4095 receperunt
944 4034 1073 4083 Barterus
1090 4034 1117 4082 et
1132 4034 1198 4082 Ges-

112 4104 210 4155 iationc
229 4116 337 4169 semper
354 4104 380 4155 id
398 4106 552 4166 affectasse,
570 4107 600 4154 ut
611 4105 637 4153 in
675 4118 765 4156 uerus.
784 4106 883 4155 Verum
898 4106 1062 4171 Porphyrion
1074 4107 1141 4156 haec
1154 4105 1199 4156 ad-

112 4180 258 4242 praecipua
266 4177 390 4242 Apollinis
402 4178 482 4229 tutela
495 4192 555 4229 esse
566 4178 639 4228 vide-
675 4181 763 4231 notat:
792 4182 871 4230 «Noa
896 4183 1018 4245 tempore
1043 4182 1131 4245 prisco
1158 4182 1199 4231 di-

113 4256 196 4303 rctur.
214 4282 240 4292 -
255 4252 527 4317 siloammquepoteas]
542 4254 597 4317 (od.
613 4255 636 4313 t,
676 4254 792 4305 cendum
819 4258 873 4313 est,
906 4256 953 4305 scd
981 4258 1114 4320 ternpore,
1145 4269 1198 4319 quo
