2934 4884
527 355 584 404 im,
605 356 623 403 l.
660 357 689 402 C.
709 355 751 404 lll.

366 510 483 575 Pennis
505 529 569 574 non
591 509 710 574 homini
732 507 832 586 datis;

278 629 423 714 Perrupit
444 628 624 696 Acheronta
647 627 828 696 Herculeus
851 627 953 696 labor.

363 783 411 850 Nil
434 783 622 851 mortalibus
644 783 739 851 ardui
761 795 826 864 est3

275 903 407 970 Caelum
430 905 536 992 ipsum
558 905 695 992 petimus
717 904 851 972 stultitia
872 927 980 993 neque

358 1027 421 1091 Per
442 1021 587 1092 nostrum
609 1025 749 1112 patimur
770 1025 879 1092 scelus

275 1143 435 1212 iracunda
456 1146 566 1212 lovem
587 1167 710 1232 ponere
732 1145 872 1212 fulmina.
1150 1151 1193 1214 io

162 1333 207 1382 36.
225 1334 392 1394 Penupttqua
403 1346 472 1382 corr.
486 1333 528 1392 b.‚
547 1336 577 1384 ut
587 1332 696 1385 volebat
706 1331 860 1384 Glareanus.
882 1359 909 1368 -
928 1333 968 1383 et.
988 1335 1064 1384 ardut
1075 1334 1157 1393 hsta,

130 1410 262 1469 anatim
282 1405 391 1468 Bland.‚
415 1405 501 1457 schol.
526 1407 652 1471 Franeq.‚
680 1406 764 1458 Bentl.
787 1421 820 1456 ex
836 1405 875 1472 βγ
892 1410 920 1456 et
935 1421 976 1472 pr.
995 1409 1025 1458 i:
1049 1411 1160 1460 ardum

131 1494 179 1530 sex
199 1483 284 1540 eote,
304 1481 410 1532 neten.
431 1483 469 1545 (ut
485 1494 543 1541 nos,
561 1482 594 1544 J.)
1198 1503 1206 1510 ·

100 1660 220 1708 scemur,
241 1649 331 1710 ipsum
343 1647 478 1698 Horatium
490 1649 629 1712 scripsisse
699 1647 740 1700 lo.
768 1647 902 1711 emunda]
930 1648 1058 1698 Pindarum
1083 1663 1191 1713 quoque

100 1722 139 1770 rel
156 1723 260 1771 arduist
270 1720 312 1770 vel
324 1723 464 1782 arduena-st,
483 1736 551 1786 quae
564 1735 628 1772 sane
667 1725 743 1773 Nem.
757 1723 782 1783 6,
800 1723 841 1772 90.
859 1724 913 1772 lovi
930 1722 1021 1772 tribuit
1038 1717 1124 1789 ’ἔγχος
1140 1722 1191 1786 ζά-

101 1795 173 1845 laa-ile
191 1794 321 1846 conlundi
339 1799 461 1859 poterant
478 1795 627 1846 alibrariis.
666 1811 763 1846 κοτον.
783 1825 811 1834 -
826 1810 930 1858 ponere,
948 1800 978 1846 ut
993 1811 1191 1860 saepenumero

129 1870 171 1920 38.
190 1869 309 1933 stultitia]
328 1872 389 1932 quia
402 1865 554 1921 ἀδύνατον.
568 1873 629 1921 Pin·
666 1871 738 1935 apud
766 1871 867 1921 Litium
891 1885 986 1933 ponere
1012 1885 1095 1920 mio.
1134 1871 1187 1922 Cir.

101 1943 154 1992 dar.
174 1945 254 2006 ritu.
275 1943 316 2002 lo,
335 1944 381 1994 tt:
401 1941 419 1996 ὁ
436 1941 559 2008 χάλκεος
576 1938 629 1996 οὔ·
667 1945 799 1996 Drakeub.
819 1947 854 1996 ad
871 1948 925 1996 biv.
940 1947 1006 2011 Epit.
1026 1945 1082 1996 Lib.
1102 1947 1142 1996 88.
1161 1961 1188 2010 p.

100 2015 185 2085 ραι-ὸς
202 2011 242 2068 οὔ
259 2026 324 2067 ,τοτ’
342 2013 475 2086 ἀμβατὸς
491 2013 578 2088 αὑτῷ.
666 2019 722 2070 ill.
748 2022 842 2082 Stuttg.

572 2227 724 2242 u--OE

438 2387 802 2448 EXCUBSUS
842 2390 868 2444 Ι.

565 2537 727 2587 Ao.C.lii.

144 2701 252 2762 Operae
270 2693 388 2759 pretium
405 2703 468 2740 cum
484 2688 618 2746 videatur,
638 2688 675 2746 ut,
697 2684 743 2747 qui
760 2697 823 2732 cura
841 2684 954 2735 llolman
971 2683 1189 2749 Peerlkampiana

101 2782 184 2832 adhuc
203 2781 289 2834 earet,
309 2787 393 2826 uuum
410 2772 505 2824 saltem
523 2769 711 2822 subtilissimae
730 2769 787 2817 eius
798 2769 920 2836 κρίσεως
936 2770 1075 2832 specimen
1091 2772 1189 2833 capiat,

101 2877 235 2928 quamque
253 2861 392 2922 ingeniose
404 2871 437 2906 ac
447 2857 532 2921 perite
543 2853 586 2904 vel
598 2853 659 2902 huie
671 2852 781 2902 carmini
792 2852 895 2902 varices
907 2853 1024 2902 secuerit
1034 2855 1115 2917 atque
1126 2859 1191 2917 poe-

101 2951 150 2998 tam
162 2951 244 2998 antea
257 2942 446 3004 molestissima
458 2937 617 3004 pinguedine
629 2934 813 2986 incredibilem
825 2936 970 2986 inmodum
979 2935 1146 2987 laborantem
1154 2935 1190 2984 ad

101 3044 218 3082 niacram
236 3029 382 3080 sanitatem
400 3023 543 3080 reduxerit,
562 3020 646 3071 lector
663 3018 762 3068 habeto
773 3019 824 3068 hoc
836 3031 953 3079 carmen,
972 3022 1002 3070 ut
1012 3015 1102 3081 αὐτὸς
1114 3013 1188 3081 lma:

333 3111 375 3159 Sic
392 3112 418 3158 te
436 3107 496 3157 diva
513 3108 609 3170 potens
627 3104 707 3166 Cypri

365 3193 397 3242 Et
414 3191 508 3241 iratres
526 3187 655 3246 Helenae,
674 3185 762 3235 lucida
780 3185 886 3246 sidera,

332 3276 532 3336 Ventorumque
549 3273 625 3334 reget
641 3271 731 3334 pater,

365 3358 502 3408 Obstrictie
520 3353 577 3406 aliis
594 3357 701 3418 praeter
718 3355 829 3417 iapyga,

333 3443 424 3500 Navis,
444 3453 513 3504 quae
531 3438 578 3488 tibi
596 3438 727 3488 creditum

365 3524 454 3574 Debes
472 3521 606 3584 Virgilium
623 3519 721 3571 finibus
738 3518 831 3570 Atticis

333 3608 437 3660 Reddas
455 3605 630 3666 ineolumem,
649 3617 760 3668 precor,

366 3693 397 3742 nt
413 3703 506 3741 serves
523 3690 627 3739 animae
646 3687 786 3738 dimidium
804 3695 891 3734 meae.

333 3774 370 3825 illi
388 3773 471 3823 robur
487 3775 514 3822 et
531 3785 578 3822 aes
596 3770 689 3834 triplex

366 3859 441 3908 Circa
459 3859 554 3920 pectus
571 3857 641 3914 erat,
660 3853 705 3916 qui
723 3849 843 3915 fragilem
859 3851 927 3900 truci

334 3941 472 3990 Commisit
488 3939 582 4003 pelago
599 3938 684 3986 ratem

361 4024 468 4074 Primus
486 4035 536 4072 neo
553 4021 639 4070 timuit
654 4019 829 4083 praecipitem
846 4016 961 4067 ibicum

335 4109 521 4156 Decertantem
538 4101 723 4167 Aquilonibus,

367 4191 421 4240 Nec
439 4190 527 4238 tristes
545 4186 651 4249 Hyadas
669 4198 719 4233 nec
737 4184 839 4234 rabiem
860 4184 927 4231 Noti.
