2934 4884
685 347 815 398 nonani
841 347 969 398 EPODON

650 782 992 846 mm·

454 932 600 998 Parentis
622 931 698 997 olim
719 932 747 997 si
771 931 845 1018 quis
867 933 966 1020 impia
988 953 1083 1000 manu

494 1053 603 1120 Senile
625 1061 733 1142 guttur
756 1053 903 1140 fregerit,

451 1175 523 1241 Edit
544 1175 657 1242 cicutis
679 1173 789 1240 allium
811 1175 989 1242 nocentius.

497 1297 526 1362 0
549 1295 630 1362 dura
652 1315 835 1362 messorum
858 1295 929 1363 iliai

453 1416 539 1496 Quid
560 1415 622 1484 hoc
643 1417 760 1484 veneni
782 1417 886 1484 saevit
907 1419 939 1482 in
962 1417 1189 1505 praecordiis?
1347 1421 1365 1482 5

349 1599 392 1648 ill.
415 1598 497 1648 inser.
515 1594 584 1658 rolg.
612 1595 651 1644 Ad
666 1597 852 1656 nmmum,
872 1599 899 1647 et
915 1597 953 1647 sic
970 1597 1015 1658 lic,
1033 1596 1164 1648 addentes
1187 1598 1339 1649 exsecrator

317 1671 413 1721 anima.
434 1697 459 1708 -
485 1670 510 1719 3.
528 1669 588 1718 ituit
605 1681 741 1731 superscr.
760 1684 778 1719 o
794 1669 826 1730 h,
849 1671 917 1720 litlot
934 1671 952 1720 d
969 1674 997 1722 et
1014 1670 1166 1735 complures
1182 1670 1240 1734 alii,
1260 1673 1335 1722 etiam

317 1748 386 1796 Pott.
398 1783 404 1805 ‚
416 1743 507 1795 Aldus.
522 1744 561 1806 (Ut
577 1756 635 1804 nos,
648 1743 711 1805 sse,
732 1743 824 1796 Bland.
839 1747 977 1809 quattuor,
995 1747 1063 1796 Pott.
1077 1746 1202 1809 septem.)
1222 1774 1249 1782 -
1262 1747 1336 1796 4444414

317 1821 346 1870 Β.
366 1818 423 1868 vid.
437 1818 583 1870 Schneider
594 1820 650 1869 lot.
661 1819 706 1870 Gr.
719 1822 740 1870 l.
754 1834 781 1885 p.
794 1818 851 1870 408.
874 1819 993 1882 Wagner
1004 1819 1121 1884 Ormoqr.
1137 1821 1228 1884 Vcrpil.
1242 1834 1268 1884 p.
1281 1819 1334 1870 ilii.

318 1978 360 2028 lli.
378 1979 472 2028 iocosa
489 1979 638 2028 exsecratio
655 1977 719 2039 allii,
739 1979 812 2042 quod
847 1981 953 2042 patrem
973 1976 1124 2041 iugulavit.»
1154 1979 1236 2028 Simili
1254 1991 1367 2028 exsecra-

287 2052 312 2102 ei
333 2052 455 2102 inscienti
475 2053 617 2104 Maecenas
637 2053 663 2102 in
680 2051 754 2102 olere
771 2053 813 2102 in·
849 2055 920 2103 tione
938 2065 1003 2102 usus
1021 2055 1063 2103 est
1078 2054 1192 2103 Naevius
1208 2053 1281 2117 apud
1294 2053 1365 2102 Prisc.

287 2129 394 2177 coctum
422 2129 592 2191 apposuerat.
631 2127 712 2177 Mirus
741 2127 812 2176 euim
849 2127 873 2188 6,
887 2127 911 2176 4.
923 2139 949 2190 p.
960 2127 1017 2176 445.
1029 2127 1088 2176 lin:
1110 2127 1270 2176 Utiitmadii
1280 2128 1367 2191 sami,

287 2202 351 2249 tunc
375 2199 452 2250 cibos
475 2199 613 2262 (italorum
638 2200 754 2264 sictut)
780 2213 812 2249 ex
849 2202 892 2262 qai
913 2202 1027 2262 primicii
1049 2202 1124 2250 aldor
1139 2214 1229 2263 cepam
1252 2201 1367 2263 protulit.l

287 2273 384 2324 talibus
402 2274 588 2325 conficiebant.
614 2276 667 2326 Cic.
681 2275 724 2324 ad.
738 2275 810 2324 Pam.
851 2303 878 2311 —
896 2287 1034 2324 massonam
1049 2275 1103 2339 iiio]
1123 2288 1208 2338 «quae
1227 2276 1298 2326 ierre
1309 2287 1367 2339 pos-

286 2349 316 2409 Ἰ,
342 2349 389 2399 26:
424 2349 529 2413 scopos,
567 2349 695 2410 helvetios,
723 2349 814 2399 heroos
849 2350 901 2399 sini
929 2351 983 2400 lam
1009 2349 1097 2399 dirum
1123 2361 1286 2399 venenum.n
1319 2349 1365 2398 Cir.

287 2425 424 2473 mamito
446 2425 578 2484 condiant,
604 2429 634 2473 ot
655 2423 717 2472 aiiii
735 2425 814 2486 possit
848 2423 946 2486 Virgilii
975 2425 1107 2476 Moratum
1133 2427 1160 2474 et
1185 2422 1239 2473 Ecl.
1268 2425 1297 2484 4,
1324 2423 1366 2472 io:

286 2500 458 2548 cassauooias.
483 2497 531 2548 Alii
544 2498 695 2562 cogitarunt
710 2498 745 2548 de
756 2511 814 2548 mo-
850 2497 966 2560 Thestylis
985 2503 1009 2547 ct
1028 2498 1120 2560 rapido
1142 2499 1213 2561 seras
1229 2497 1369 2548 iamdiu

287 2573 360 2632 reto,
380 2572 430 2622 sed
444 2573 543 2636 priscos
559 2573 582 2622 is
600 2575 658 2622 erat
673 2572 751 2632 cilius,
770 2586 814 2622 ru-
849 2577 919 2622 ocstu
935 2571 1002 2622 Atlio
1017 2572 1201 2634 emptorque
1217 2571 1306 2620 ierim
1318 2585 1369 2621 oon·

287 2646 416 2697 eticorum
427 2648 567 2712 imprimis.
580 2647 647 2696 Vide
657 2647 732 2698 Ovid.
744 2648 811 2697 Fast.
849 2647 930 2696 tundit
947 2647 1045 2696 obnisa
1068 2644 1183 2696 Galenus
1200 2646 1314 2709 Therap.
1332 2646 1366 2694 44,

209 2730 214 2736 ·
287 2719 313 2780 4,
327 2720 375 2770 367
386 2735 464 2785 seqq.
478 2725 505 2772 et
516 2723 589 2785 quod
601 2721 707 2785 Virgilio
719 2721 813 2772 tribui·
849 2721 873 2771 8.
893 2718 1073 2770 alliumvoeat
1090 2716 1147 2769 τῶν
1163 2713 1308 2790 ἀγροίκων
1321 2718 1368 2782 dq-

286 2796 331 2843 tur
345 2796 478 2845 Moratum.
503 2796 814 2860 [Compositumvidetur
849 2790 961 2866 ριακήν.
983 2823 1010 2829 -
1031 2794 1202 2858 praecordiis]
1225 2806 1275 2858 pro
1293 2795 1368 2842 tinte-

287 2879 409 2929 carmen,
436 2871 580 2931 antequam
600 2871 723 2920 Terentia
740 2873 814 2923 lilae-
849 2871 949 2921 stinisu.
974 2868 1027 2920 Cir.
1046 2871 1100 2919 Sat.
1119 2871 1148 2930 4,
1166 2869 1194 2930 4,
1214 2869 1255 2918 46.
1275 2869 1367 2920 Seneca

287 2943 374 2992 cenati
391 2946 533 3007 nupserat,
557 2958 581 2994 a.
601 2958 626 2994 u.
647 2959 671 2994 c.
690 2946 748 2996 tio.
768 2947 814 2996 aul
850 2947 896 3010 Ep.
924 2944 969 3004 944,
987 2945 1035 2994 45ι
1065 2956 1273 3008 purum--aoa
1298 2941 1368 2992 credis

288 3017 355 3078 740.)
848 3033 923 3070 urere
938 3019 1006 3068 saiso
1023 3019 1079 3069 lobs
1091 3017 1267 3080 praecordio?

320 3092 375 3140 4-5.
404 3091 472 3157 oiim]
497 3093 550 3144 Cir.
569 3095 617 3144 0d.
637 3094 665 3155 4,
690 3093 718 3155 4,
737 3095 761 3144 d.
783 3122 809 3130 -
883 3093 953 3143 6-8.
983 3093 1111 3154 viperinos
1133 3091 1219 3156 crum]
1245 3101 1366 3156 praesens

286 3166 545 3230 picturJOd.2‚l3‚
564 3168 588 3219 6.
607 3166 813 3234 usurpavitvol·
849 3181 997 3230 venenum,
1024 3171 1055 3217 ut
1071 3167 1119 3216 Od.
1140 3167 1168 3226 4,
1188 3167 1215 3227 8,
1235 3167 1259 3215 9.
1283 3193 1309 3202 -
1334 3167 1368 3212 ia·

287 3241 373 3302 getius
388 3241 508 3306 ironam
523 3243 644 3293 cervicata
660 3256 709 3306 pro
724 3246 812 3291 droa-
849 3242 940 3306 coctos]
959 3243 1001 3291 Sic
1018 3241 1112 3292 Medea
1130 3241 1202 3305 apud
1219 3239 1297 3290 Ovid.
1314 3241 1365 3289 liei.

288 3315 386 3378 pctore.
415 3345 443 3352 -
471 3317 545 3366 «lidii
561 3319 649 3382 potius
666 3317 812 3367 dicendum
849 3317 879 3376 Ἰ,
892 3316 953 3366 265:
973 3316 1124 3378 Sarcinaque
1138 3317 1368 3379 porticensem

289 3402 371 3453 quam
388 3393 453 3439 edat.
473 3392 579 3454 Antiqui
598 3393 669 3442 enlm
686 3390 814 3441 dicebant
848 3391 959 3452 incoquit
975 3403 1054 3440 acres.
1071 3417 1098 3426 -
1117 3389 1207 3453 muas]
1225 3389 1298 3451 virg.
1311 3391 1366 3438 sen.

287 3464 366 3524 edim,
384 3465 448 3524 edis,
466 3466 595 3515 educet.»
613 3467 811 3522 Aenoanuum.
849 3466 879 3526 4,
904 3463 967 3514 lit:
998 3464 1098 3516 cotoosr
1121 3463 1193 3514 mata
1218 3459 1366 3526 ir'enenosal

288 3538 384 3601 Sicque
410 3541 451 3588 est
477 3540 556 3589 etiam
581 3539 634 3588 Sat.
656 3540 688 3598 4,
714 3541 743 3600 8,
770 3541 811 3590 oo.
848 3539 968 3603 promitto
980 3544 1077 3601 postus.
1103 3567 1129 3576 -
1154 3537 1271 3600 Canidia]
1298 3547 1365 3596 saga,

288 3612 343 3661 Cic.
357 3612 391 3661 ad
403 3613 475 3662 Fam.
485 3613 509 3671 9,
519 3613 565 3662 4οι
584 3615 811 3673 oe--comcdim;
850 3613 947 3664 Horatii
971 3613 1085 3664 inimica.
1121 3613 1174 3664 Cir.
1194 3611 1279 3676 Epod.
1299 3613 1321 3661 5.
1345 3611 1367 3655 el

288 3688 315 3734 et
340 3688 494 3736 constanter
519 3686 592 3749 apud
617 3684 748 3737 Plautum.
772 3687 811 3750 (V.
851 3688 890 3738 li.
912 3715 938 3723 -
957 3689 1084 3752 caelavit]
1110 3688 1263 3752 «apparavit
1283 3689 1310 3736 et
1325 3683 1367 3733 mi-

286 3758 372 3812 Aulul.
392 3761 421 3820 3,
440 3762 469 3820 4,
488 3760 529 3810 46.
556 3761 703 3810 Trinumm.
725 3763 756 3822 4,
781 3761 810 3821 4,
849 3762 943 3811 souitu
973 3763 1015 3811 Sic
1032 3762 1080 3812 Od.
1100 3763 1131 3823 4,
1157 3761 1202 3820 43,
1224 3761 1254 3810 8:
1282 3767 1365 3810 ocrem

287 3833 327 3882 65.
342 3832 407 3884 ibid.
421 3834 449 3895 4,
469 3833 499 3894 4,
518 3835 558 3884 ia.
578 3835 639 3896 cet.)
660 3835 812 3885 Perfectum
849 3836 987 3886 cootan
1004 3836 1138 3886 Tractooit.

288 3919 349 3957 esse
365 3909 468 3972 nequit,
487 3920 550 3959 cum
561 3920 658 3959 sensus
670 3909 812 3960 manifesto
882 3910 954 3961 9-44.
973 3911 1107 3974 insignem
1123 3911 1179 3960 vim
1198 3911 1326 3960 comicum
1343 3907 1364 3954 in

218 3997 224 4015 =
287 3981 332 4031 hic
347 3983 395 4032 sit:
415 3984 486 4033 «lloc
503 3995 640 4034 summum
651 3983 812 4047 supplicium
850 3984 1034 4036 huiuscemodi
1044 3985 1162 4034 carmine
1175 3983 1366 4034 hahentexem-

287 4057 415 4119 potiatur,
443 4059 473 4106 ut
494 4055 583 4108 allium
601 4070 661 4108 esse
679 4057 811 4116 debeat;»
848 4057 892 4122 pla
904 4057 938 4107 ab
950 4057 1077 4107 heroibus
1088 4058 1210 4121 repetita.
1227 4085 1254 4094 -
1271 4059 1299 4107 ui
1310 4054 1364 4112 cet]

288 4131 444 4194 neutiquam
466 4144 545 4181 uero:
575 4132 654 4183 «ideo
675 4133 736 4196 quia
758 4133 813 4182 edit
850 4133 1043 4194 «Posteaquam
1056 4131 1149 4182 liedes
1165 4128 1365 4181 insoniscateris

288 4202 378 4254 allium
395 4217 484 4269 eoque
502 4206 527 4256 in
545 4206 663 4257 iurarem
674 4210 749 4258 actus
762 4209 811 4268 est,
849 4205 973 4256 omnibus
984 4207 1143 4269 Argonautis
1154 4203 1311 4270 pulchrioris
1323 4201 1365 4253 ior·
