2934 4884
664 351 793 402 nourrii
810 350 938 401 Erouun'

432 508 577 572 Pecusvc
601 504 747 573 Calabris
768 516 842 573 ante
863 505 956 571 sidus
977 505 1136 573 fervidum

469 629 598 694 Lucana
623 636 724 693 mutet
744 627 890 714 pascuis,

432 750 544 837 Neque
567 760 602 815 ut
624 749 755 836 superni
778 746 853 813 vilia
873 746 1017 815 candens
1040 747 1166 815 Tusculi

476 870 608 937 Circaea
631 880 739 957 tangat
759 870 897 936 moenia.
1309 871 1353 933 30

326 1032 373 1087 ΞΒ.
385 1030 493 1093 paccata
513 1031 549 1090 B,
573 1044 671 1093 pascua
688 1028 816 1091 milo,
834 1031 901 1080 Pott.
920 1029 988 1089 duo.
1008 1032 1068 1080 tCt.
1101 1032 1140 1093 (lit
1155 1042 1221 1089 nos,
1247 1030 1317 1090 bsc,

296 1119 390 1159 omues
409 1106 552 1165 Blandiuii,
570 1104 608 1166 βκ
626 1118 703 1157 «cum
721 1105 779 1155 aliis
796 1104 949 1168 quinquen)
970 1130 998 1140 -
1017 1104 1058 1153 ΞΞ.
1076 1104 1128 1153 Nec
1140 1103 1270 1165 banau.
1285 1131 1317 1141 -

293 1182 377 1245 notat
393 1181 478 1233 Bauli.
498 1182 567 1233 coni.
587 1179 621 1231 ab
639 1182 696 1245 ipso
714 1181 841 1243 recepta,
859 1178 959 1239 superbi
977 1176 1118 1228 Markland.

294 1312 333 1360 ΞἸ.
354 1312 394 1361 28.
413 1314 519 1362 Peranna
530 1311 643 1363 Calamis
660 1309 722 1372 cet]
742 1313 787 1359 «ut
824 1308 850 1356 la
871 1306 933 1355 uita
954 1306 1020 1356 della
1035 1308 1165 1370 lluflnetta.
1198 1306 1281 1358 llaoul
1297 1308 1353 1357 lio-

261 1386 397 1435 numcrosi
410 1387 474 1437 mihi
486 1388 538 1437 siut
549 1398 644 1448 greges
653 1383 786 1446 variisque
824 1381 912 1431 chettc
928 1380 1037 1430 laomor
1052 1382 1094 1430 aas
1109 1386 1213 1430 savants
1230 1380 1304 1433 lala.
1323 1393 1350 1443 p.

261 1458 286 1505 in
307 1458 461 1521 regionibus
490 1458 577 1523 ampla
602 1469 719 1521 pascua,
749 1458 786 1505 ita
825 1455 874 1517 la.)
903 1480 928 1492 -
958 1456 1051 1517 Utique
1068 1454 1116 1504 Od.
1138 1455 1167 1515 3,
1189 1455 1221 1515 4,
1241 1455 1283 1505 Ξ3.
1310 1457 1352 1504 est

260 1533 303 1591 ut,
327 1534 556 1595 quemadmodum
569 1530 785 1587 iaciuntdivites,
826 1532 900 1581 Tibur
923 1533 1057 1594 supinum
1083 1544 1180 1581 verum
1206 1535 1351 1597 propterca

262 1604 364 1656 aestme
377 1620 442 1657 oves
455 1620 532 1658 meae
545 1605 788 1657 eCalobriainLu·
825 1618 878 1655 nou
906 1604 979 1655 idem
1010 1602 1143 1656 ἐπίθετον
1167 1605 1212 1656 hic
1242 1619 1351 1669 quoque

263 1678 367 1729 caulam
387 1680 475 1731 minus
492 1684 644 1731 aestuosum
665 1679 785 1741 agantur.
824 1682 918 1743 poetae
936 1678 1213 1729 erutohtrudeudum.
1250 1680 1350 1730 Tuscu-

262 1752 386 1802 Varroll.
400 1755 429 1803 a.
444 1755 474 1815 Ξ,
489 1755 581 1817 4,46;
602 1766 690 1817 greges
704 1754 788 1802 onim
824 1751 881 1802 lum
898 1754 989 1801 autem
1010 1765 1146 1814 npnnann
1162 1755 1287 1816 estpars
1303 1765 1351 1802 su-

265 1825 337 1889 tonge
353 1826 491 1891 abiguntur
505 1828 640 1890 culpatio
651 1828 677 1877 in
689 1828 790 1877 Sanni·
825 1827 916 1890 perior
932 1825 991 1875 clivi
1008 1824 1148 1876 Tusculani
1165 1828 1278 1891 propius
1300 1840 1351 1891 op-

264 1912 307 1949 nm
326 1902 483 1951 aesticutwn.
508 1903 575 1953 ibid.
590 1904 614 1963 Ξ,
627 1902 699 1963 Ξ,9;
726 1902 789 1950 mihi
825 1900 926 1963 pidum.
964 1901 1020 1950 Cic.
1039 1900 1073 1950 de
1090 1902 1168 1963 Legg.
1188 1900 1220 1960 3,
1244 1900 1292 1949 ta:
1319 1901 1349 1948 1..

263 1987 352 2037 greges
367 1976 394 2025 in
404 1975 496 2039 Apulia
507 1976 688 2038 hibernabant,
707 1976 789 2037 quiin
825 1972 958 2033 Lucullus,
971 1974 1067 2023 obiectu
1076 1975 1266 2038 mapnittasntia
1276 1974 1352 2023 uittae

262 2049 373 2099 Reatinis
390 2051 514 2101 mentitae
533 2050 697 2101 aestioabant.
725 2048 787 2110 (Cir.
826 2048 992 2109 Trucntanac,
1010 2047 1213 2111 responditque
1226 2049 1352 2099 sciam

265 2124 345 2173 ctiam
357 2124 437 2187 Epist.
451 2125 475 2184 Ξ,
489 2126 514 2186 Ξ,
528 2126 593 2174 477ι
612 2122 790 2175 CalotnsSal·
823 2123 930 2183 vinnm,
948 2123 1116 2183 superiorein,
1134 2122 1243 2184 mum
1255 2124 1349 2173 linsa-

265 2196 329 2245 ttbas
353 2196 443 2247 adiecti
467 2198 584 2261 Lucani.)
617 2196 730 2248 Pulchre
753 2197 788 2247 de
824 2209 899 2257 nanu,
916 2196 1075 2258 inferiorem
1093 2196 1238 2246 twntmm
1254 2200 1307 2246 cet.
1322 2224 1349 2231 -

263 2268 349 2320 beatis
367 2270 408 2321 his
421 2270 510 2324 ltaliae
527 2272 656 2333 mathus
673 2270 789 2323 liehiues
827 2270 924 2319 standi
939 2270 1045 2321 Circaea
1055 2296 1070 2306 -
1080 2270 1188 2335 mooun]
1207 2268 1351 2322 naculum

263 2344 332 2395 Noa
347 2346 436 2397 Medea
447 2348 477 2397 ll.
497 2350 523 2399 S.
537 2348 603 2399 aot:
621 2348 669 2397 Dic
679 2347 789 2410 telleneo
825 2357 841 2394 a
865 2341 997 2406 Telegono
1030 2341 1107 2395 Ulixis
1132 2358 1166 2394 ex
1191 2346 1270 2395 circa
1298 2343 1350 2393 lilio

266 2419 435 2483 Weidatritten
452 2421 539 2485 tantm
555 2421 791 2472 anaenmaancri-
825 2416 963 2467 conditum
986 2416 1121 2477 terebant;
1149 2418 1221 2468 unde
1246 2418 1295 2468 ud.
1320 2417 1350 2474 3,

262 2494 335 2543 scien
358 2493 457 2545 Biston
482 2496 525 2545 ltin
544 2497 596 2546 nna
616 2494 733 2545 tadnkn
750 2494 790 2543 die
825 2492 871 2552 ΞΞ,
895 2492 924 2542 8:
962 2491 1074 2555 Telegoni
1096 2492 1159 2555 inm
1182 2493 1350 2553 panicium,

263 2570 359 2631 offenen
368 2568 788 2631 Htlmrwisctenacnllrsorsten.
825 2566 872 2616 ubi
887 2565 949 2616 vide
975 2565 1067 2616 adnot.
1102 2567 1251 2616 construe:
1279 2566 1351 2625 Nos.

263 2641 312 2691 Die
335 2642 448 2705 uppigstc
476 2644 617 2706 Vaqetation
638 2644 704 2692 tacit
728 2642 790 2692 ittet·
824 2644 853 2690 ut
887 2640 950 2689 sun
981 2641 1089 2689 candens
1126 2644 1217 2702 tattgat
1252 2641 1353 2691 snm

264 2716 393 2777 Bergnnd
410 2716 471 2765 litat
484 2718 537 2767 unci
551 2716 789 2767 wuctntscllstan
825 2715 930 2765 circaea
959 2714 1057 2763 Tusculi
1083 2714 1201 2776 superni,
1235 2714 1264 2764 id
1293 2717 1351 2765 est:

264 2789 311 2837 den
336 2789 485 2853 penatigero
508 2790 660 2840 Fctsmasscn
685 2804 788 2853 nispor,
826 2802 895 2839 «uon
918 2789 994 2853 opto,
1012 2788 1043 2837 ui
1063 2787 1123 2838 villo
1144 2788 1209 2837 mihi
1231 2788 1354 2852 obtingat

264 2862 314 2924 aas
324 2862 364 2911 atis
379 2862 431 2911 sict
445 2864 505 2923 jesa
524 2864 616 2927 litans
641 2865 727 2928 lauflg
742 2863 790 2913 at-
825 2875 977 2913 marmorea
1003 2862 1031 2910 et
1054 2862 1191 2925 magnifice
1216 2866 1353 2913 eunucu

264 2935 400 2985 nimiam.
425 2962 452 2973 -
483 2942 541 2985 anta
565 2939 633 2987 natu
650 2939 788 3004 [mann]
825 2950 909 3001 prope
937 2936 1025 3000 ipsum
1050 2934 1221 2986 Tusculum.»
1256 2936 1355 2987 Videli-

266 3011 342 3058 lanta
355 3008 495 3059 Caniculae
508 3012 624 3060 orium.»
637 3040 664 3048 -
679 3014 791 3063 Decon-
826 3013 871 3061 cet
901 3008 978 3073 longe
1010 3009 1182 3073 pretiosiores
1211 3011 1353 3075 magisque
1378 3039 1384 3051 ·

265 3083 409 3133 structione
427 3084 625 3135 umutareclr.
640 3085 688 3135 Od.
703 3088 732 3147 4,
747 3088 787 3145 tr,
826 3085 958 3149 appetitae
993 3085 1070 3133 crant
1101 3081 1178 3133 villae
1206 3097 1353 3135 amoenum

264 3160 289 3207 Ξ.
309 3160 336 3207 et
352 3158 405 3207 Sul.
424 3158 454 3219 Ξ,
476 3160 505 3219 Ξ,
529 3161 585 3210 440.
619 3187 645 3195 -
673 3162 789 3221 pascuis]
826 3158 890 3208 illud
907 3157 1035 3222 oppidum
1053 3158 1173 3221 proxime
1190 3160 1353 3222 attingentes

265 3232 337 3281 llaec
359 3231 438 3282 lectio
461 3246 513 3283 non
531 3232 617 3284 solum
636 3232 788 3284 firmatura
826 3245 908 3294 quam
919 3232 1087 3282 remotiores.
1109 3232 1151 3281 Sic
1163 3233 1276 3283 minime
1289 3246 1355 3283 ean·

265 3304 354 3355 multis
372 3308 399 3354 et
410 3307 607 3369 praestantibus
621 3305 720 3367 Codd.,
740 3306 789 3357 sed
827 3306 890 3356 dem
915 3305 1075 3355 seutentiam
1105 3306 1138 3367 (v.
1157 3305 1211 3368 2¹5.)
1237 3309 1352 3371 repetit.

264 3378 366 3430 lucilius
384 3380 464 3430 ctiam
481 3394 578 3431 nomen
590 3380 791 3431 accommodari
827 3394 896 3431 «non
913 3381 991 3443 opto,
1009 3382 1039 3429 ut
1056 3380 1120 3428 mihi
1137 3379 1255 3431 donetur
1275 3394 1354 3445 prae-

264 3455 370 3517 poterat
382 3454 416 3504 ad
427 3454 604 3519 propinquius
620 3454 717 3505 adieci.
736 3455 789 3505 Ln-
827 3454 901 3505 dium
912 3466 995 3516 quam
1006 3452 1198 3517 amplissimum
1210 3454 1239 3504 et
1250 3454 1353 3505 fertilis·

264 3542 332 3578 cana
362 3540 444 3591 quam
479 3533 580 3581 contra.
627 3532 696 3580 ullos
728 3531 789 3580 idco
827 3530 954 3587 simum·;
973 3526 1023 3577 sed
1038 3528 1171 3591 adiungit:
1202 3542 1272 3579 «nec
1288 3543 1352 3579 vem

262 3602 365 3666 pascuis
382 3602 577 3665 praeterimus,
605 3616 638 3652 ne
660 3606 685 3652 lu
704 3603 789 3654 trihus
826 3601 903 3651 villae
920 3601 1177 3665 amoenaecupirlus
1194 3614 1285 3652 suan.»
1306 3605 1350 3653 lto

265 3676 396 3727 continuis
413 3677 507 3740 epodis
525 3676 621 3727 eadem
640 3679 716 3726 exeat
732 3681 789 3728 ter·
826 3676 917 3739 quitur
934 3687 999 3737 ergo
1014 3675 1050 3725 de
1066 3673 1140 3735 villa,
1159 3677 1190 3725 ut
1206 3676 1244 3725 ita
1254 3676 1350 3735 dicam,

265 3750 400 3801 minatio.»
420 3750 510 3800 Burri.
827 3750 906 3809 ficta,
934 3761 1015 3812 quam
1040 3750 1189 3817 φαντασίᾳ
1217 3751 1350 3814 concipit:

284 3825 339 3891 'aa
358 3823 398 3873 30.
417 3826 530 3887 superni]
548 3824 629 3874 Vetus
645 3823 788 3876 Tusculum
827 3836 916 3887 neque
941 3836 1008 3873 uero
1033 3835 1064 3873 se
1086 3836 1138 3873 non
1161 3825 1257 3887 optare
1274 3822 1349 3880 dicit.

267 3902 344 3960 (anno
364 3898 425 3947 Chr.
448 3898 520 3948 4494.
543 3899 698 3949 allomauis
715 3898 789 3949 diru-
828 3900 874 3947 «ut
891 3896 1020 3947 Sabinum
1037 3910 1117 3947 suum
1133 3898 1186 3946 XV.
1206 3895 1261 3947 mil.
1280 3910 1349 3961 pass.

266 3972 330 4031 tum)
357 3972 383 4021 in
401 3974 492 4021 monto
508 3984 635 4035 supremo
653 3972 790 4023 conditum
827 3985 842 4019 a
859 3969 974 4021 Tusculo
991 3968 1110 4030 distans,
1131 3968 1193 4019 villu
1214 3984 1229 4019 a
1250 3984 1351 4020 novoe

267 4046 338 4101 erut,
362 4044 523 4096 hodiernum
549 4047 605 4096 sive
632 4047 747 4095 Frascati
763 4047 790 4096 in
828 4058 963 4095 marmore
988 4043 1159 4095 constructa»
1194 4045 1285 4107 [lusor.
1314 4057 1348 4093 m.

267 4116 616 4182 clivolcniterassurgento.
639 4120 790 4183 (Antiquum
829 4121 884 4169 Lat.
903 4122 933 4169 ll.
958 4120 997 4169 43,
1022 4121 1050 4169 et
1071 4118 1170 4180 4303),
1199 4116 1350 4181 «usquead

267 4190 410 4242 Tusculum
436 4194 516 4244 silum
543 4196 612 4255 erat,
649 4194 693 4243 ubi
720 4206 790 4244 nunc
828 4194 905 4243 liuius
937 4206 1027 4244 muros
1054 4192 1214 4243 extendatur
1237 4191 1350 4255 praediis
