2934 4884
672 357 799 408 llOllA'l'll
818 357 986 408 Cthtttrttttt

457 513 544 580 Miles
569 523 598 578 te
621 513 705 578 duce
727 514 881 600 gesserit:

371 676 444 750 Nos,
468 674 615 761 Agrippa,
639 691 747 758 neque
770 671 849 738 haec
872 670 990 746 dicere,
1015 691 1076 736 nec
1098 692 1228 757 gravem
1351 674 1373 734 5

372 795 502 861 Pelidae
524 792 724 860 stomachum
747 791 865 858 cedere
887 792 1005 864 nescii,

372 920 436 983 Nec
458 937 573 982 cursus
596 913 733 1002 duplicis
756 935 815 1001 per
837 933 926 979 mare
949 912 1066 986 Ulixei,

454 1039 519 1104 Nec
542 1057 672 1102 saevam
693 1033 822 1123 Pelopis
844 1034 977 1101 domum

371 1199 533 1264 Conamur
555 1205 668 1262 tenues
690 1192 837 1282 grandia,
862 1191 940 1258 dum
966 1191 1073 1279 pudor

370 1317 577 1405 lmbellisque
600 1316 690 1406 lyrae
713 1317 804 1381 Musa
824 1325 940 1403 potens
963 1325 1053 1382 vetat

351 1528 376 1576 t.
395 1527 502 1588 duplices
518 1527 535 1575 S
553 1527 580 1574 et
596 1538 636 1588 pr.
656 1523 687 1584 b,
705 1524 804 1573 reducis
820 1521 937 1573 malebat
952 1521 1036 1573 Bentl.
1058 1550 1085 1557 —
1106 1521 1197 1584 muse
1214 1523 1293 1574 LCtF.

286 1716 368 1768 quam
386 1703 436 1752 hac
453 1701 668 1764 interpretatione
680 1698 812 1763 aliquate-
849 1702 904 1750 tem
917 1701 1001 1764 (iram)
1011 1699 1126 1758 Graecis,
1139 1700 1327 1763 perniciosam.
1342 1731 1372 1738 -

286 1791 337 1827 nus
354 1777 464 1840 quidem
481 1774 636 1838 explanatur
647 1773 750 1824 insolita
761 1788 811 1824 no-
848 1777 933 1824 cem
942 1775 1026 1838 mcii]
1039 1775 1081 1824 Sic
1092 1775 1163 1837 Virg.
1177 1777 1242 1825 Aen.
1256 1777 1297 1835 lb,
1309 1777 1371 1826 527:

286 1851 328 1902 bis
346 1850 485 1901 Germanis
502 1849 636 1909 attractio,
657 1849 729 1898 haud
746 1849 811 1900 satis
847 1849 933 1898 nescio
946 1849 1014 1898 cinci
1028 1851 1140 1899 Pectora.

287 1925 369 1990 ipsius
387 1925 517 1988 Agrippae
534 1936 649 1987 persona
661 1924 808 1987 respicitur.
881 1923 905 1973 t.
923 1923 1036 1987 oeteo]
1055 1937 1088 1973 ex
1098 1925 1200 1973 Graeco
1211 1936 1270 1974 usu.
1289 1924 1371 1974 libes.

286 2001 332 2051 Est
343 2001 433 2064 igitur:
448 1998 667 2049 «praedicaberis
677 2000 741 2048 eltu
752 1999 809 2061 ipse
847 1997 908 2046 393:
928 1989 963 2047 οὗ
980 1993 1099 2060 διπλοῦς
1116 1999 1220 2058 πέφυκ’
1241 1991 1324 2066 ἀνήρ.
1341 2025 1372 2034 -

286 2076 314 2124 ct
330 2072 482 2138 praeclarae
501 2086 545 2124 res
563 2077 623 2122 tuae
642 2075 713 2122 terra
730 2073 811 2121 mari-
847 2073 933 2134 litque
951 2073 1039 2136 Eurip.
1058 2073 1153 2123 Troad.
1166 2073 1223 2122 286.
1242 2072 1267 2122 ei
1278 2071 1375 2122 tribuit

285 2161 338 2212 que
356 2151 447 2210 gestae
465 2161 516 2211 ope
529 2148 694 2197 exercituum
712 2145 810 2210 quihus
847 2142 985 2206 δίπτυχον
1012 2143 1155 2212 γλῶσσαν.
1202 2147 1277 2196 Dion.
1310 2145 1371 2196 llal.

199 2235 205 2242 ·
285 2223 448 2287 praefuisti.»
483 2223 550 2272 Cum
573 2221 649 2273 miles
671 2223 705 2272 sit
724 2223 808 2285 feroc,
846 2221 923 2270 libet.
954 2222 994 2282 ll,
1023 2223 1056 2270 o:
1086 2213 1194 2287 ’Ἕλλην
1227 2217 1374 2283 θετταλὸς

286 2298 373 2358 lortis,
400 2296 556 2356 bellicosus,
584 2295 736 2360 habeatque
758 2295 810 2345 du·
845 2292 965 2358 διπλοῦς
997 2295 1047 2344 καὶ
1075 2294 1214 2358 ποικίλος.
1260 2293 1373 2346 Glossae

287 2387 347 2424 cem
373 2373 516 2436 Agrippam
540 2373 671 2432 victorae,
699 2370 809 2420 minime
847 2369 952 2420 isidori:
980 2370 1108 2434 Artificem
1133 2372 1272 2432 mitem,
1298 2369 1374 2420 dolo-

287 2447 438 2498 verendum
456 2449 525 2506 erat,
544 2459 578 2495 ne
596 2445 695 2495 Horatii
712 2458 812 2507 aequa-
845 2457 909 2492 nan.
946 2443 998 2494 Cir.
1016 2445 1118 2495 iluhnk.
1137 2445 1172 2495 ad
1188 2445 1287 2495 Timaei
1304 2445 1370 2493 Lex.

285 2523 324 2573 les
341 2536 367 2570 v.
387 2533 560 2583 quamcunque
576 2519 671 2570 eodem
684 2519 766 2570 modo
778 2535 810 2570 ac
846 2531 873 2580 p.
892 2519 934 2568 et.
958 2519 1005 2568 Est
1020 2519 1099 2580 igitur
1113 2533 1164 2584 pro
1179 2520 1262 2579 cono,
1279 2521 1310 2568 ut
1321 2517 1375 2569 Uli·

286 2596 420 2648 Bontleius
440 2596 604 2657 acciperent,
632 2595 707 2645 «sive
731 2608 809 2657 egre-
846 2604 909 2641 xem
932 2595 1012 2642 vocat
1032 2595 1128 2645 Statim
1148 2593 1239 2644 Achill.
1258 2595 1283 2653 2,
1299 2593 1370 2650 lib,

286 2674 356 2734 giam
382 2671 437 2720 sive
464 2669 628 2719 mediocrem
649 2669 705 2719 sive
728 2671 810 2720 etiam
847 2665 969 2729 subdolo,
987 2671 1104 2719 versuto.
1138 2670 1260 2719 Proxime
1280 2667 1314 2716 ad
1332 2669 1373 2717 si-

286 2743 356 2794 male
374 2743 591 2808 procedentem.»
626 2742 674 2794 Ubi
685 2741 746 2792 lect.
759 2757 811 2805 quo
846 2741 1042 2803 gnificationem
1062 2756 1088 2791 v.
1110 2743 1204 2805 oeteo
1224 2743 1285 2793 huic
1309 2739 1373 2790 loco

287 2833 302 2868 e
320 2818 466 2882 scripturae
486 2816 644 2881 compendio
662 2821 748 2867 ortam
765 2832 810 2868 re·
847 2817 925 2865 unice
943 2820 1033 2879 aptam
1051 2817 1154 2867 accedit
1166 2817 1248 2867 Plaut.
1262 2815 1370 2866 Trucul.

287 2892 403 2956 ceperis,
430 2905 539 2956 prorsus
559 2893 673 2942 otiosum
690 2891 720 2942 fit
735 2893 811 2942 occi-
847 2889 872 2950 l,
885 2890 910 2950 ³,
924 2891 952 2940 7:
971 2893 1127 2953 Nedapticer
1137 2892 1370 2953 inimiciorem,

286 2967 331 3016 tm
355 2971 400 3015 aaut
424 2966 501 3027 eqeb.
537 2965 616 3030 (Mari
642 2967 676 3016 ad
701 2967 810 3030 Liparas
846 2979 877 3014 oe
898 2979 943 3029 ego
963 2966 1085 3030 bilingues
1103 2981 1147 3016 cos
1165 2980 1257 3016 necem
1291 2966 1371 3015 Ovid.

287 3041 384 3091 delicit
400 3041 460 3090 Sex.
473 3041 630 3104 Pompeium
648 3041 695 3090 Cn.
709 3042 747 3102 F.,
760 3055 809 3104 pro
846 3042 905 3090 Am.
926 3041 949 3100 l,
970 3043 1010 3102 ta,
1029 3042 1069 3091 27.
1088 3040 1123 3092 de
1143 3040 1275 3105 diptychis
1292 3053 1375 3089 arna-

286 3115 395 3164 victoria
412 3113 447 3163 ab
460 3116 576 3176 Augusto
588 3127 685 3164 corona
696 3119 809 3166 rostrata
847 3115 928 3174 toriis,
947 3114 1045 3178 quibus
1062 3114 1191 3180 deceptus
1209 3117 1280 3165 erat:
1298 3114 1375 3178 Ergo

288 3190 415 3249 donabis,
450 3190 507 3238 tum
536 3190 641 3252 egregia
675 3189 722 3240 luit
753 3191 810 3241 eius
846 3201 890 3252 epo
911 3203 955 3238 ooo
973 3189 1047 3238 rebar
1066 3191 1175 3251 displices
1195 3203 1246 3251 pro
1268 3191 1376 3238 nomme

288 3277 370 3328 opera
388 3263 414 3313 in
431 3276 519 3326 pugna
536 3265 654 3322 Actiaca;
677 3269 748 3314 terra
764 3277 810 3314 se·
845 3265 917 3312 seut.
952 3263 1009 3313 Noli
1026 3267 1117 3314 contra
1137 3266 1246 3326 iungere
1263 3263 1376 3325 duplicis

287 3340 390 3389 cundus
400 3339 580 3388 homanorum
592 3339 713 3388 Rhenum
726 3341 810 3388 tram·
846 3337 975 3404 (duplices)
992 3354 1088 3402 mens,
1101 3354 1216 3392 errores.
1234 3339 1374 3392 Bentleius

286 3427 393 3478 gressum
411 3416 459 3464 est.
495 3414 562 3464 ilinc
579 3414 604 3464 in
622 3426 732 3463 nummo
746 3414 809 3464 Con
845 3418 918 3464 recte
935 3415 1045 3478 quidem
1061 3419 1123 3480 post
1137 3415 1203 3466 alios
1219 3413 1372 3478 explicavit,

286 3487 347 3538 nelii
373 3490 447 3539 Cossi
475 3487 576 3550 (bitiller
600 3488 704 3538 Dantem.
731 3489 751 3537 l.
775 3489 807 3537 N.
845 3503 940 3540 verum
956 3503 1019 3540 mox
1035 3490 1149 3541 novandi
1160 3490 1247 3542 studio
1258 3490 1372 3551 ductus,

286 3562 353 3624 343.)
376 3565 417 3612 est
433 3564 563 3626 Agrippae
581 3566 661 3627 caput
682 3575 744 3613 cum
762 3575 808 3611 co-
845 3563 937 3615 maluit
954 3566 1059 3626 reducis,
1077 3579 1131 3629 quo
1147 3566 1183 3616 ad
1199 3579 1289 3616 meum
1306 3577 1375 3616 sen·

286 3649 351 3686 rona
368 3639 396 3686 et
412 3636 497 3686 navali
516 3640 543 3687 et
559 3636 672 3700 murali.)
846 3653 906 3690 sum
923 3639 986 3689 nilrll
1003 3643 1168 3703 potestesse
1186 3639 1310 3704 trigidius.
1339 3667 1371 3677 -

847 3715 935 3777 littaei]
964 3728 981 3764 a
1009 3715 1093 3764 iorma
1124 3715 1232 3778 antiqua
1267 3715 1374 3764 Uim

318 3787 343 3836 5.
357 3785 381 3834 6.
393 3784 553 3847 stornccltom]
564 3781 661 3848 μῆνιν,
677 3788 744 3836 iram
757 3785 809 3836 im·
847 3789 997 3850 (Dorienses
1008 3789 1215 3853 pronuntiabant
1226 3780 1370 3852 Οὗλλξης).

286 3857 451 3924 placabilem.
470 3859 592 3908 Pewicor
600 3858 805 3923 AchillesEpod.
846 3864 938 3914 Cicero
954 3876 1064 3928 semper
1081 3865 1171 3915 Ultus
1200 3865 1311 3926 (invase
1322 3864 1371 3914 vel

287 3935 327 3994 ⁴7,
342 3933 385 3990 lli
403 3933 548 3993 iratum,
566 3933 737 3994 inmobilis,
750 3949 809 3983 occr
845 3935 931 3988 Siculo
951 3936 995 3987 vel
1017 3951 1050 3987 ex
1071 3939 1164 4001 lingna
1186 3939 1295 3988 Graecia
1315 3939 1372 3986 ad-

287 4008 358 4058 ldem
375 4011 429 4059 Art.
449 4009 519 4057 Poet.
545 4008 600 4056 tat.
637 4009 740 4058 Nendni
761 4021 808 4057 ce·
845 4015 922 4064 vecto
943 4012 1016 4076 (Aoo.
1036 4014 1091 4062 dett
1112 4015 1171 4064 inst.
1190 4013 1232 4062 Ν.
1251 4025 1277 4074 p.
1297 4011 1369 4074 377.)

286 4081 805 4146 densnpolliniquoqueminitatur-Iliad.
845 4083 912 4136 haec
933 4090 974 4138 est
989 4086 1090 4139 iorma:
1124 4087 1285 4137 ott'ssut's
1307 4086 1366 4146 (cir.

286 4171 314 4216 χ,
333 4157 377 4206 20:
406 4147 468 4222 ἤσ’
486 4149 524 4206 ἄν
544 4157 694 4222 τισαίμην,
713 4154 744 4207 εἴ
754 4172 807 4223 μοι
845 4161 947 4211 threna
959 4161 1019 4212 dial.
1034 4161 1092 4211 dor.
1104 4175 1131 4224 p.
1144 4162 1205 4222 85.),
1225 4163 1251 4209 et
1265 4161 1290 4209 in
1309 4171 1370 4209 mo-

286 4227 405 4295 δύναμίς
421 4246 452 4297 γε
464 4233 575 4301 παρείη.
593 4259 620 4270 -
638 4247 743 4296 gravem
758 4247 807 4283 au·
825 4250 829 4284 ι
845 4239 970 4284 numento
992 4235 1079 4286 Siculo
1105 4232 1167 4285 ibid.
1193 4232 1366 4284 ΟΥΑΙΞΟΤ.
