2934 4884
500 376 559 425 tili.
579 376 619 425 lV.
657 380 684 427 (Σ,
707 380 735 425 V.

241 532 347 596 Curvo
371 551 431 595 nec
453 530 568 597 faeiem
590 530 682 599 litore
705 533 863 601 dimovet:

238 650 292 717 Sic
314 650 486 718 desideriis
509 653 570 719 icta
592 652 746 721 fidelibus

279 772 411 851 Quaerit
432 774 534 859 patria
557 775 740 842 Caesarem.

238 941 336 1005 Tutus
358 940 418 1006 bos
442 942 560 1007 etenim
583 963 659 1007 rura
681 943 898 1030 perambulat,

238 1062 342 1126 Nutrit
363 1082 439 1127 rura
461 1062 560 1129 Ceres
582 1063 731 1151 almaque
755 1066 923 1142 Faustitas,

238 1184 390 1250 Pacatum
411 1184 543 1250 volitant
566 1206 625 1271 per
646 1206 737 1251 mare
758 1187 901 1261 navitae,

324 1304 453 1393 Culpari
475 1308 586 1372 metuit
609 1306 721 1378 Fides,
1158 1317 1199 1379 90

596 1446 607 1469 .

177 1512 217 1563 tt.
237 1513 346 1561 demovet
362 1513 395 1571 Τ,
420 1513 484 1562 item
502 1514 532 1573 S,
556 1513 606 1563 sed
622 1526 758 1578 superscr.
776 1532 799 1576 c,
825 1518 891 1566 Pott.
905 1520 1042 1580 quattuor,
1070 1522 1121 1571 LCt
1139 1526 1166 1571 et

141 1584 225 1635 Bentl
255 1586 377 1648 (uanos,
396 1584 471 1637 thd
488 1588 515 1637 et
532 1588 598 1637 Pott.
618 1590 720 1652 ceteri.)
741 1618 769 1627 -
782 1590 822 1640 ta.
835 1592 924 1641 etenim
940 1592 983 1643 bos
998 1594 1026 1644 Τ,
1048 1622 1074 1630 -
1084 1601 1165 1657 prata

138 1659 299 1722 peoenoadat
323 1660 449 1724 Tanaquil
475 1660 567 1711 Faber.
597 1689 626 1699 -
650 1664 689 1713 ta.
708 1664 846 1714 Natritara
868 1667 888 1715 Τ
909 1668 937 1716 et
959 1682 1000 1731 pr.
1019 1667 1052 1729 β,
1079 1670 1166 1719 Nutrs't

139 1737 218 1797 sarr-a
234 1734 367 1786 Bentleius
386 1737 471 1797 coni,
489 1737 575 1787 Nutrit
594 1737 662 1787 culta
679 1738 895 1802 Caninglramius.

107 1919 217 1971 πόντον
237 1915 367 1984 ὀπωπάς.
398 1922 524 1973 Ceterum
549 1924 634 1973 Beru-
704 1924 792 1974 48-20.
810 1927 898 1975 Natitt
913 1929 987 1991 ntra]
1005 1928 1115 1979 «fertilia
1131 1930 1196 1980 red-

108 1996 196 2059 hardy
224 1999 251 2045 et
269 1994 455 2059 Dillenbnrger
479 1998 634 2061 praeterunt
671 1998 736 2048 dit.»
761 1997 839 2051 Silius
861 2002 906 2062 ta,
931 2002 993 2051 375:
1022 2005 1197 2055 amana-

107 2072 232 2129 demoaat3
252 2069 330 2133 Regel
348 2084 392 2120 me
405 2084 534 2135 meosque
547 2072 631 2122 Codd.
670 2075 735 2123 reris
750 2077 849 2124 natata
869 2075 965 2138 savara.
995 2078 1067 2127 inter
1086 2078 1196 2139 Augusti

107 2144 163 2195 th
181 2146 290 2195 secutus
307 2146 420 2194 dimovet.
671 2160 796 2197 nummos
827 2148 870 2197 hic
898 2162 1005 2213 quoque
1034 2153 1092 2201 est:
1128 2153 1195 2203 IMP.

671 2221 800 2271 CAESAR.
830 2223 1003 2273 AVGl'STl'S.
1034 2224 1126 2287 (Caput
1146 2240 1197 2276 aa·

670 2295 751 2356 dam.)
768 2296 837 2345 θοι.
855 2298 916 2345 IVL.
944 2296 1069 2360 (Baretta.
1089 2299 1195 2349 Calanae

670 2369 770 2432 arans.)
788 2369 886 2420 Eckhel
898 2374 928 2421 Ι).
943 2373 972 2421 N.
987 2373 1028 2423 vl.
1041 2386 1068 2436 p.
1083 2373 1140 2423 ⁴32.
1161 2399 1189 2409 -

670 2444 805 2509 Faustitas]
828 2444 911 2495 Nobis
928 2458 1000 2495 nunc
1016 2439 1096 2511 ἅπαξ
1112 2444 1195 2514 λεγό-

669 2532 767 2581 μενον.
802 2521 887 2569 Deam
909 2532 1021 2583 gregum
1041 2522 1195 2584 praesidem

670 2594 859 2656 interpretatur
868 2592 1037 2644 Forcellinus.
1057 2595 1110 2645 Sed
1121 2598 1194 2646 recte

139 2666 181 2715 t‘l.
211 2680 277 2715 rura
300 2666 474 2729 perambulat]
504 2667 632 2717 Consulto
669 2665 774 2716 Sahal:
811 2668 905 2717 «Nove
938 2667 1057 2719 Felicitas
1084 2669 1194 2729 dicim»

107 2740 265 2789 immoratur
286 2741 312 2789 in
336 2742 405 2790 maris
427 2744 454 2790 et
475 2741 587 2803 imagine
606 2742 633 2789 et
669 2741 789 2791 omnium
806 2754 897 2792 rerum
913 2741 1084 2793 abundantia.
1105 2744 1192 2794 Carni.

108 2816 232 2873 nomine;
259 2828 321 2865 nam
340 2829 390 2879 ope
409 2818 447 2865 rei
465 2817 579 2865 rusticae
605 2818 633 2865 et
669 2816 727 2865 Sea.
747 2816 793 2864 59:
821 2816 895 2865 aeota
911 2817 987 2877 plato
1009 2817 1087 2879 Copta
1105 2831 1193 2867 corna.

107 2892 233 2939 strenuae
261 2888 450 2952 agriculturae.
485 2904 534 2953 per
562 2888 630 2939 bella
670 2917 698 2925 -
725 2891 832 2939 Novitas
857 2892 948 2941 autem
972 2892 1090 2954 videtur,
1121 2893 1195 2956 quod

107 2962 192 3013 civilia
210 2964 238 3011 et
253 2963 420 3013 intermissae
439 2966 465 3013 et
482 2965 554 3014 varie
572 2978 632 3028 pen-
668 2964 832 3014 Faustitatem
848 2967 913 3014 dixit
927 2980 977 3030 pro
994 2969 1090 3017 Fausta
1105 2969 1196 3017 Felici-

106 3036 244 3096 turbatae,
273 3050 305 3087 ex
329 3041 418 3087 mente
441 3040 549 3100 Augusti
570 3040 630 3087 ante
667 3041 730 3096 tata,
750 3038 825 3087 cuius
842 3037 971 3089 sollemne
990 3042 1195 3093 memoraturin

107 3113 196 3163 omnia
220 3111 351 3161 firmanda
375 3098 431 3163 erat
447 3114 485 3162 rei
507 3111 630 3176 publicae
668 3109 778 3160 llnlend.
798 3113 1056 3164 Amiterninolnscr.
1078 3129 1114 3165 m.
1138 3118 1192 3167 Lat.

107 3186 187 3236 salus.
224 3186 289 3235 Hinc
317 3189 391 3249 grata
419 3184 461 3236 illa
489 3188 630 3250 repetitio,
668 3186 700 3233 ll.
723 3198 750 3248 p.
769 3184 826 3236 lli.
854 3212 880 3220 -
905 3187 1039 3249 Pacatum]
1059 3191 1193 3253 spiratis.

107 3272 189 3325 quam
206 3262 286 3313 variis
297 3260 398 3321 modis,
418 3260 467 3311 sed
484 3260 631 3322 infeliciter,
670 3260 743 3308 Suet.
763 3259 818 3307 0ct.
833 3260 878 3307 98:
898 3260 1025 3311 vectores
1043 3265 1193 3326 nonaeque

107 3334 211 3385 amoliri
229 3336 317 3385 conati
340 3340 402 3386 sunt
423 3336 524 3395 Critici,
551 3335 632 3385 veluti
670 3334 703 3384 de
717 3335 777 3384 navi
789 3332 965 3383 Alexandrina
977 3338 1095 3398 Augusto
1109 3336 1195 3387 accla-

107 3412 152 3474 qui
164 3411 278 3461 coniecit
288 3424 353 3461 ntra
361 3410 530 3473 perambulat,
543 3412 574 3460 N.
583 3410 635 3460 cul-
671 3411 787 3470 manunt,
796 3422 843 3470 per
851 3409 955 3459 mamea
964 3411 1057 3472 atvero,
1066 3424 1115 3472 per
1123 3412 1194 3461 mam

107 3491 133 3535 ta
142 3486 369 3548 Cuninghamius;
389 3484 474 3534 Faber
479 3491 561 3547 prata
569 3498 633 3548 pro-
668 3484 805 3546 aaaipare,
824 3484 936 3533 libertate
948 3489 1024 3545 atqua
1033 3486 1142 3547 fortuma
1146 3500 1194 3548 par

106 3572 211 3623 ponens
234 3572 339 3609 memor
363 3557 445 3609 luisse
462 3560 568 3609 videtur
584 3560 631 3609 Od.
669 3557 741 3606 illam
750 3557 811 3620 frui.
824 3585 851 3593 -
863 3558 978 3621 notitam]
991 3560 1021 3608 nt
1031 3559 1083 3608 iam
1095 3560 1195 3611 Ennius

107 3636 135 3695 3,
164 3636 210 3693 l8,
238 3634 283 3682 lt:
318 3633 404 3683 Festus
428 3634 455 3682 in
476 3635 561 3696 pratia
588 3648 633 3683 aa·
670 3632 736 3681 dixit
749 3632 866 3681 velivolas
881 3646 965 3681 naves.
1000 3633 1070 3694 Virg.
1091 3636 1155 3683 Aen.
1168 3633 1193 3693 3,

106 3714 147 3758 cat
163 3709 241 3759 otioso
259 3707 321 3757 Cum
337 3706 396 3757 bane
410 3722 500 3771 papas.
530 3709 633 3757 Pastin-
671 3706 730 3757 lii:
740 3707 1010 3770 pdapaatwaotamas,
1026 3706 1060 3756 de
1070 3705 1151 3757 celeri
1162 3720 1195 3757 ac

107 3796 169 3833 nem
187 3784 280 3832 autem
295 3781 323 3830 h.
337 3780 353 3831 l.
370 3782 500 3845 significat
518 3783 589 3845 (narn
606 3784 631 3833 in
670 3782 726 3830 tuta
736 3794 830 3841 cursu,
844 3795 898 3831 non
911 3781 945 3832 de
957 3780 1063 3831 lascivia
1076 3783 1104 3830 et
1114 3780 1196 3831 auda·

107 3858 156 3907 hac
182 3856 321 3907 dumtaxat
348 3855 399 3907 bos
424 3856 508 3907 libere
533 3870 632 3921 pascua
670 3856 710 3903 cia
722 3859 876 3917 nautarum,
889 3859 919 3906 ut
932 3855 974 3905 alii
987 3855 1087 3906 volunt.
1100 3856 1195 3906 -Gat

107 3929 302 3995 perarnbulatl;
317 3932 348 3981 ia
366 3932 495 3992 aratione,
518 3944 587 3995 quae
605 3945 630 3981 v.
666 3931 727 3991 pari
748 3930 847 3993 nactae]
867 3933 944 3979 «Non
966 3929 1086 3994 culpatur
1103 3930 1194 3980 euius-

107 4020 164 4069 seq.
198 4007 362 4065 continetur,
392 4004 504 4057 stimulis
534 4005 631 4056 durum
670 4017 752 4068 quam
771 4003 852 4061 fides,
879 4006 941 4066 quia
963 4018 1044 4054 nemo
1066 4007 1119 4065 est,
1146 4005 1192 4067 qui

108 4082 141 4131 ad
158 4078 280 4131 laborem
297 4081 428 4132 incitatur.
446 4082 551 4141 Notavi,
570 4081 631 4143 quia
670 4091 730 4129 eam
755 4076 848 4136 violet,
879 4078 929 4127 sed
954 4081 1046 4128 sancte
1071 4080 1194 4129 servatur

109 4154 225 4205 nonnulli
237 4167 263 4203 v.
273 4156 453 4216 perambulare
465 4156 499 4204 de
512 4156 631 4204 aratione
669 4152 703 4203 ab
726 4150 878 4202 omnibus.»
908 4151 960 4200 Cir.
980 4152 1028 4202 0d.
1048 4154 1078 4213 θ,
1104 4154 1133 4213 2,
1162 4152 1193 4201 7:

109 4230 273 4293 interpretati
291 4232 360 4279 sunt.
667 4241 751 4289 peona
766 4231 887 4275 metuente
902 4226 975 4275 satiri.

141 2257 181 2304 ta.
217 2255 282 2319 tcta]
313 2268 477 2319 «percussa,
505 2257 631 2307 allectas

108 2330 282 2392 Frequentius
305 2330 339 2379 de
362 2330 513 2392 doloribus,
540 2334 631 2393 metu,

107 2402 194 2463 luctn;
213 2407 303 2455 tamen
321 2406 401 2454 etiam
415 2408 518 2456 Lucret.
532 2408 556 2465 i,
571 2406 630 2455 360:

107 2479 228 2527 maderio
245 2482 356 2542 pertica.
392 2478 515 2543 Aeschyl.
540 2482 630 2543 rigam.

107 2552 170 2604 dil:
191 2554 280 2625 ἱμέρῳ
298 2552 503 2621 πεπληγμένος.
