2934 4884
402 346 530 395 aonam
548 342 679 397 044444
696 345 868 398 sacoaras.
1148 345 1209 408 627

188 506 246 554 lam
263 504 382 563 luerunt,
413 504 459 566 qui
475 504 648 567 opinarentur
665 516 725 555 esse
744 516 854 553 carmen
871 502 1049 553 amoebaeum
1066 517 1210 567 puerorum

126 591 152 636 et
169 588 300 651 virginum
313 590 393 649 atque
405 587 440 637 ita
451 588 541 651 partes
553 586 757 637 distribuerent:
775 587 880 651 Stropb.
894 588 919 638 4.
931 588 955 636 2.
968 587 1044 651 pueri
1057 589 1084 637 et
1094 586 1207 651 puellae;

124 674 174 720 Str.
194 672 219 721 3.
238 671 327 735 pueri,
346 672 397 719 Str.
416 668 441 721 4.
460 671 484 719 li.
503 669 622 734 puellae;
641 672 691 719 Sir.
711 672 736 721 6.
755 672 779 721 i.
798 671 822 720 8.
840 671 917 735 pueri
934 673 962 721 et
977 668 1094 734 puellae;
1113 672 1163 720 Str.
1183 672 1207 719 44.

124 754 233 805 dimidia
251 767 266 803 a
282 754 383 818 pueris,
402 752 510 803 dimidia
522 768 537 803 a
549 753 643 819 puellis
655 755 773 814 cantata;
792 756 842 804 Str.
856 754 961 804 444-48.
975 756 1088 817 uterque
1100 754 1208 813 cborus;

124 840 174 887 Str.
200 837 240 887 44.
262 839 353 902 pueri,
379 839 428 887 Str.
455 839 493 891 45.
521 835 637 902 puellae;
661 839 711 887 Sir.
731 838 772 887 46.
791 838 832 887 ti.
850 839 939 901 puari;
962 840 1013 893 Str.
1032 839 1072 887 48.
1090 836 1208 902 puellae,

123 923 174 971 Str.
195 921 234 970 49.
254 923 366 983 uterque
384 921 491 981 chorus,
509 923 539 971 ui
555 921 651 971 decem
669 920 793 985 strophas
809 924 923 984 uterque
940 922 1039 973 chorus
1055 936 1117 983 nna,
1136 924 1212 985 quat·

124 1006 185 1054 tuor
206 1004 331 1069 strophas
354 1018 416 1055 curn
440 1004 547 1055 dimidia
568 1002 662 1067 singuli
684 1005 760 1054 ebori
782 1005 935 1055 cecinerint.
971 1004 1025 1055 Sed
1041 1008 1131 1055 444444
1149 1005 1210 1055 hnic

123 1089 273 1138 sententiae
296 1086 378 1139 multa
396 1090 556 1152 repugnant,
587 1090 667 1151 atque
685 1088 828 1151 imprimis,
857 1087 931 1151 quod
947 1088 1056 1152 stropha
1075 1087 1210 1138 dimidiata

124 1185 178 1221 non
202 1173 244 1221 est
266 1170 344 1223 simul
364 1173 443 1221 totius
461 1172 584 1221 carminis
601 1171 698 1221 media.
733 1175 771 1221 Ac
788 1170 908 1221 similiter
923 1172 975 1220 bac
993 1171 1026 1221 44
1043 1185 1073 1221 ra
1090 1172 1211 1236 disputa-

124 1254 211 1305 tiones
235 1254 282 1305 Ed.
302 1254 503 1319 Scbmelzlroptii
523 1255 631 1319 (Lipsiae
651 1256 744 1317 48384,
763 1257 793 1304 G.
812 1256 956 1307 ilermanni
973 1256 1000 1305 in
1017 1255 1099 1305 labnii
1116 1254 1208 1307 annal.

122 1336 182 1388 Vol.
201 1338 242 1387 23.
261 1352 288 1403 p.
302 1340 358 1388 494,
372 1338 456 1399 4838,
476 1341 504 1388 G.
519 1340 537 1389 Ι.
551 1338 713 1389 Grotelendii
725 1340 751 1388 in
763 1339 970 1391 Zimmermanni
980 1340 1117 1403 Zettscbn'rt
1134 1339 1208 1389 4844.

123 1423 154 1471 N.
176 1421 233 1471 448.
252 1420 316 1471 mibi
333 1420 428 1471 saltem
445 1422 522 1472 nimis
539 1422 657 1473 incertae
674 1422 808 1484 videntur,
826 1435 908 1485 quam
924 1425 955 1473 44
970 1423 1014 1473 bic
1031 1436 1077 1473 eas
1092 1421 1135 1489 yel
1146 1435 1212 1486 pro-

121 1518 225 1568 ponere
247 1502 290 1553 444
311 1504 456 1555 diiudicare
478 1504 566 1556 libeat.
597 1505 825 1570 Schmelzlropiius
851 1506 960 1569 quidem
977 1508 1004 1557 et
1021 1505 1165 1557 Grotelend
1183 1506 1210 1556 in

123 1600 156 1637 4ο
174 1588 344 1652 potissimum
361 1601 376 1637 4
394 1602 459 1638 vero
477 1588 611 1651 aberrant,
631 1589 702 1653 quod
721 1592 813 1639 contra
830 1590 932 1641 clarum
943 1594 1102 1653 certumque
1113 1590 1211 1639 Zosimi

124 1672 308 1722 testimonium
326 1674 448 1735 uterque,
468 1672 581 1723 diversis
599 1674 708 1735 quidem
720 1674 816 1736 modis,
834 1674 978 1737 virginibus
989 1675 1133 1739 puerisque
1146 1674 1212 1724 cbo-
1237 1707 1241 1719 .

122 1768 185 1805 rum
203 1755 285 1805 etiam
295 1755 460 1805 XVvirorum
472 1757 529 1807 Sac.
545 1757 604 1807 Fac.
618 1757 777 1808 immiscent.
816 1759 913 1809 Contra
925 1771 997 1809 nunc
1008 1757 1080 1807 baud
1091 1756 1213 1822 displicet

122 1840 191 1888 ratio
209 1837 243 1888 ab
261 1840 281 1889 1.
295 1841 323 1888 G.
337 1840 457 1890 Sieinero
470 1840 660 1903 (confluentina
672 1840 731 1892 4844
740 1843 756 1903 ,l
768 1844 911 1906 proposita,
930 1856 964 1893 ex
974 1856 1028 1904 qua
1038 1843 1091 1893 hoc
1101 1842 1211 1893 schema

123 1921 227 1985 prodit:

538 2061 583 2105 Str.
604 2062 613 2105 4
634 2066 659 2106 44
674 2063 687 2107 2
701 2062 800 2117 proodaa

512 2136 587 2181 iuncti
603 2138 673 2191 pueri
688 2141 713 2181 44
726 2138 825 2191 puellae

225 2247 270 2292 Str.
281 2246 295 2292 44
305 2248 374 2303 pueri
381 2245 427 2293 -l
436 2246 534 2303 puollas
769 2248 814 2294 Str.
826 2250 854 2294 iii
864 2250 933 2303 pueri
941 2250 995 2293 —ii
1007 2250 1106 2303 puellae

284 2322 536 2377 5puari-6puellac
828 2323 1105 2379 trpueri-tapnoiiae

285 2396 533 2452 ipuerl-tipuellae
562 2398 608 2442 Str.
619 2398 744 2442 9444440444
829 2396 856 2443 44
866 2398 1106 2454 pueri-l5paellae

567 2484 607 2518 w.
620 2474 629 2517 4
643 2474 690 2517 et!
700 2474 770 2529 pueri

616 2550 630 2593 3
640 2552 665 2593 44
673 2547 687 2595 4
696 2549 795 2604 puellae

533 2660 578 2704 Str.
595 2660 623 2704 48
638 2683 663 2693 -
679 2660 707 2704 ili
721 2661 802 2715 epodos

512 2736 587 2780 iuncti
602 2734 672 2791 pueri
688 2740 713 2781 et
727 2736 832 2792 puellae.

189 2870 245 2919 Nec
266 2868 353 2917 minus
379 2866 484 2916 diversa
508 2864 615 2916 luerunt
635 2868 789 2917 criticorum
811 2866 906 2917 iudicia
928 2867 961 2917 de
979 2868 1103 2918 carminis
1120 2866 1210 2918 indole

122 2952 238 3017 poetica.
274 2948 509 3001 alilnboraiissimis
530 2950 629 3000 Horatii
647 2950 810 3000 carminibus
827 2952 879 3000 hoc
897 2964 1006 3000 cannen
1023 2950 1143 3002 seculare
1161 2952 1211 3001 ad-

122 3034 318 3087 numerandam
337 3047 396 3085 esse
414 3032 456 3083 vel
474 3033 534 3083 inde
552 3031 658 3095 intelligi
676 3036 776 3097 potest,
795 3034 867 3096 quod
883 3034 918 3083 44
935 3036 987 3084 boc
999 3036 1048 3085 rite
1060 3036 1211 3088 canendum

121 3117 249 3181 singulari
271 3119 387 3168 carmine
411 3117 458 3167 04.
481 3117 505 3179 4,
529 3118 553 3167 6.
572 3116 698 3182 Apollinis
716 3130 796 3180 opem
813 3115 963 3180 imploravit
980 3121 1007 3167 44
1023 3119 1073 3168 sibi
1092 3121 1208 3184 expetiit.

121 3206 178 3253 Nec
195 3204 303 3263 mirum,
322 3203 344 3253 si
361 3204 439 3265 poeta
456 3202 482 3251 in
500 3201 617 3250 carmine
636 3198 741 3264 publice
759 3201 786 3248 in
802 3199 907 3264 publica
924 3198 1021 3249 laetitia
1038 3215 1210 3265 apueromm

120 3284 326 3351 puellarumque
352 3286 435 3335 choro
458 3284 625 3334 decantando
651 3296 730 3333 omne
748 3283 865 3333 studium
882 3284 1001 3347 posuerit
1018 3287 1045 3334 et
1061 3298 1155 3336 omnes
1172 3288 1211 3336 in·

121 3371 192 3433 genii
210 3370 282 3419 viras
300 3382 451 3432 nervosque
468 3367 637 3418 intenderit.»
654 3370 777 3419 Doanmo.
805 3368 868 3416 «Vix
884 3366 966 3416 ullum
979 3380 1028 3430 ego
1039 3373 1137 3431 poema
1148 3366 1208 3431 legi,

102 3456 258 3517 ‹Augusteo
275 3452 384 3515 quidem
402 3465 468 3501 aevo
485 3452 676 3516 compositum,
696 3452 722 3501 in
739 3464 793 3514 quo
812 3454 883 3500 tanta
901 3452 1001 3500 inesset
1011 3452 1133 3501 ieiunitas
1145 3464 1210 3502 sen-

121 3536 280 3597 tentiarum,
310 3539 381 3585 tanta
403 3536 602 3599 compositionis
619 3536 822 3596 inconcinnitas,
852 3538 951 3598 quanta
967 3533 1209 3587 celebratissimum

121 3619 186 3670 illud
208 3622 306 3671 lloratii
327 3634 437 3671 carmen
461 3619 580 3671 seculare
598 3620 719 3672 laborare
737 3620 803 3669 mibi
819 3620 934 3670 videtur.
964 3620 1079 3671 Causam
1095 3620 1211 3669 arbitror

122 3706 148 3754 in
170 3718 203 3753 eo
225 3705 408 3766 quaerendam
429 3718 504 3765 esse,
534 3704 608 3767 quod
628 3708 706 3768 poeta
727 3718 761 3753 ex
783 3702 904 3768 pluribus
921 3704 1083 3754 carminibus
1101 3704 1210 3755 Graccis

123 3802 204 3839 snum
230 3789 449 3839 consarcinavit.»
487 3790 660 3839 Ercaaranrus.
697 3790 753 3839 lloc
775 3788 885 3851 quidem
904 3801 999 3839 vemm
1022 3800 1082 3839 esse
1104 3788 1208 3851 nequit,

121 3874 266 3936 propterea
284 3873 356 3935 qnod
373 3870 450 3935 longe
468 3873 583 3921 maxima
600 3873 725 3923 carminis
742 3886 805 3937 pars
822 3874 899 3922 unice
917 3872 952 3922 ad
968 3886 1013 3923 res
1024 3874 1157 3922 Romanas
1168 3874 1209 3921 at-

122 3969 175 4019 que
193 3955 228 4005 44
245 3958 392 4018 Angustum
410 3958 521 4020 spectat.
551 3958 693 4005 Praeterea
710 3969 847 4006 memores
863 3958 946 4006 simus
959 3957 1064 4020 oportet
1074 3954 1152 4005 ludos
1163 3968 1209 4005 se-

122 4038 229 4089 culares
246 4040 392 4103 requisisse
410 4040 566 4103 gravitatem
583 4040 717 4102 quandam
728 4052 862 4101 severam,
881 4052 990 4102 semper
1000 4052 1160 4101 memorem,
1179 4043 1210 4091 nt

123 4125 158 4173 ita
179 4124 285 4183 dicam,
314 4125 437 4187 antiquae
460 4138 492 4173 40
511 4122 595 4175 semel
618 4137 633 4173 a
653 4123 821 4188 pontificibus
843 4125 969 4187 receptae
990 4124 1081 4189 poesis
1098 4137 1207 4185 sacrae,

123 4207 200 4271 longe
222 4208 299 4271 igitur
322 4208 463 4259 distantem
481 4208 514 4257 ab
532 4208 605 4259 omni
622 4209 723 4273 impetu
742 4206 948 4271 dithyrambico,
978 4220 1104 4271 magnam
1120 4210 1209 4273 requi·
