2934 4884
509 260 569 311 illi.
589 262 631 313 lii.
667 262 696 311 C.
715 262 758 313 iii,

255 415 343 496 Quo,
368 416 473 491 Musa,
498 415 630 481 tendis?
651 416 772 483 Desine
793 419 946 505 pervicax

297 536 428 603 Referre
451 556 618 603 sermones
643 536 783 604 deorum
804 548 838 604 et

339 658 453 743 Magne
476 656 580 723 modis
602 666 737 725 tenuare
758 660 876 746 parvis.

130 889 213 939 Nolim
231 892 322 939 eutem
340 902 403 939 eum
413 890 489 940 Axtio
505 890 540 941 etl
552 891 654 941 Vestri·
692 892 760 952 «Tu,
785 905 869 957 quse,
895 896 925 942 ut
947 892 1012 945 ultus
1029 892 1119 956 soles,
1146 908 1217 947 nunc

130 963 194 1013 tium
218 975 245 1026 p.
268 962 309 1012 34.
335 962 515 1026 distinguere:
544 965 652 1026 nosne,
690 978 799 1029 quoque
815 968 940 1030 pervices
958 978 1020 1019 esse
1035 968 1104 1019 vis.»

129 1038 262 1099 umorue,
284 1038 398 1099 besem
418 1050 480 1089 curn
492 1036 653 1091 adiectivum
723 1040 765 1090 72.
782 1042 863 1090 modis
875 1042 1085 1106 menonis}
1098 1044 1217 1107 «gravis-

131 1112 212 1173 mugls
237 1110 272 1159 ed
297 1124 322 1160 v.
348 1111 444 1175 rese-re
466 1124 549 1175 quem
575 1110 608 1163 nd
625 1126 651 1163 v.
690 1114 760 1165 simo
783 1118 941 1177 argumento
962 1115 1136 1179 imparibus.»
1172 1118 1217 1167 Te-

130 1186 210 1235 desine
225 1184 365 1235 reseretur.
400 1186 488 1237 Altera
505 1184 548 1237 illn
570 1188 654 1237 inter·
689 1200 772 1239 nuere
783 1192 874 1240 eutem
884 1190 1000 1241 verbum
1010 1190 1067 1241 iere
1081 1192 1218 1255 politicum

128 1262 233 1323 punctio
261 1272 359 1324 pamm
386 1262 447 1324 epte
473 1261 651 1325 signiticaret:
690 1263 941 1327 estproeomposito
949 1263 1215 1325 suosmelevere.

488 1631 855 1692 Excessus

600 1764 741 1813 Anvffl.

188 1885 273 1937 Aliter
294 1896 387 1936 rursus
409 1884 574 1947 bamberger
597 1885 696 1949 (riter.
714 1886 746 1937 11.
765 1886 807 1935 lv.
826 1898 853 1949 p.
870 1886 951 1948 rol),
971 1890 1050 1937 ulex
1067 1889 1142 1939 novis
1158 1888 1217 1939 elus

127 1967 389 2034 interpretationibus
410 1968 479 2019 buno
499 1968 594 2019 saltem
613 1969 754 2031 attingam:
782 1966 876 2019 «illem
899 1982 932 2020 ex
951 1966 1038 2035 μύθῳ
1055 1972 1156 2021 Grueco
1172 1971 1217 2021 bic

126 2052 230 2115 intelligi
247 2054 356 2102 Aeneae
374 2050 455 2101 iillum
477 2052 584 2115 (Ennius
607 2051 678 2115 opud
702 2052 776 2101 Serv.
794 2051 830 2101 ud
845 2054 911 2102 Aen.
930 2053 960 2112 6,
979 2053 1058 2115 nisi,
1080 2053 1215 2105 diversam

126 2133 254 2200 εμύθου
272 2134 354 2186 Itellei
371 2137 425 2185 Rea
442 2134 531 2197 Silvie,
552 2136 696 2185 Numitoris
714 2132 780 2193 flliu;
802 2136 875 2198 quod
892 2137 983 2185 entem
998 2138 1110 2185 vocetur
1127 2136 1216 2186 Troica

125 2220 241 2269 sorados
256 2230 363 2269 merum
380 2230 441 2269 esse
454 2218 553 2268 lloretii
564 2230 684 2268 errorem
697 2216 748 2281 (ein
759 2218 845 2267 Febler
855 2231 881 2267 u.
895 2231 915 2267 s,
927 2216 983 2281 uu),
1002 2218 1030 2268 in
1042 2230 1123 2283 quem
1135 2218 1215 2282 quill·

126 2302 169 2352 bet
188 2304 343 2353 latinorum
362 2304 502 2366 posterum
524 2316 611 2366 neque
634 2299 708 2351 tecue
725 2301 844 2351 incidere
861 2302 1019 2365 potuisset.»
1055 2301 1102 2363 (De
1119 2301 1215 2353 discri-

126 2388 194 2437 mine
212 2388 284 2437 inter
299 2384 373 2435 llium
390 2388 418 2435 et
434 2386 516 2436 Reum
535 2383 642 2435 Silvium
659 2387 825 2447 acutissime,
849 2389 880 2435 nt
895 2382 1010 2445 solebat,
1035 2384 1089 2447 egit
1106 2386 1215 2435 Perizo-

126 2471 181 2521 nius
198 2471 224 2521 in
242 2468 365 2533 Epistulls
381 2468 416 2519 ad
427 2469 556 2531 llyclium
568 2466 669 2519 Aelian.
684 2469 715 2518 V.
729 2470 761 2520 ll.
775 2468 804 2530 Ἰ,
823 2468 873 2531 lo.)
890 2468 991 2518 Verum
1002 2466 1070 2518 baec
1081 2468 1214 2533 interpre-

125 2554 184 2603 tatio
200 2566 313 2617 prorsus
330 2550 457 2603 obhorret
473 2566 488 2601 u
505 2554 558 2601 totu
571 2552 669 2603 llorutii
686 2551 788 2613 indole,
807 2552 853 2615 qui
864 2553 892 2603 iu
902 2550 985 2603 rebus
996 2549 1093 2602 ltelieis
1103 2563 1213 2616 semper

125 2638 231 2687 secutus
249 2638 291 2686 est
306 2630 420 2701 μύθους
440 2634 582 2700 populures
599 2638 628 2685 nt
645 2636 679 2686 de
696 2635 756 2697 liin,
781 2638 898 2687 liomueo
913 2635 961 2686 Od.
985 2636 1014 2695 3,
1038 2634 1067 2696 9,
1093 2636 1129 2697 8.,
1151 2636 1215 2687 lliue

125 2720 293 2781 umorue
311 2732 392 2781 puero
408 2718 455 2769 Od.
474 2717 505 2779 i,
526 2720 554 2780 8,
578 2720 630 2777 22..
653 2719 687 2771 de
704 2718 750 2771 llio
766 2715 870 2771 ‘liberis
885 2732 970 2770 uxore
987 2718 1036 2769 0d.
1056 2719 1083 2779 l,
1108 2720 1138 2780 Ἰ,
1159 2720 1210 2780 ln,

125 2816 140 2851 a
155 2802 300 2854 reconditis
317 2804 397 2865 eique
414 2800 541 2853 obsoletis
558 2814 667 2866 semper
683 2802 818 2854 abstinuit.
