2934 4884
451 383 510 433 Lib.
530 383 572 433 lll.
608 383 637 434 C.
657 383 745 434 XXlV.

193 539 323 605 Vincunt
345 557 489 626 aequora
511 539 657 614 navitae,

229 659 376 747 llagnum
398 659 574 747 pauperies
596 657 807 746 opprobrium
829 659 919 726 iubet

189 779 322 860 Quidvis
344 789 376 846 et
397 779 504 846 iacere
527 790 559 845 et
581 779 647 866 pati

229 900 425 988 virtutisque
446 901 531 966 viam
553 900 675 967 descrit
697 901 845 967 arduae?

189 1057 241 1124 Vel
263 1077 322 1124 nos
345 1058 376 1122 in
398 1056 609 1145 Capitolium,

228 1179 300 1258 Quo
324 1177 446 1244 clamor
466 1188 561 1246 vocat
582 1189 615 1246 et
636 1179 731 1247 turba
753 1181 940 1258 lavantium,

186 1297 241 1366 Vel
262 1319 322 1364 nos
345 1299 377 1364 in
400 1319 490 1366 mare
515 1298 699 1387 proximum

168 1514 207 1566 44.
226 1515 338 1565 (44444444
353 1511 489 1565 Bentleius
506 1515 575 1564 coni.
597 1542 624 1551 -
644 1514 685 1566 47.
702 1528 777 1567 mere
787 1515 916 1579 murm
933 1518 962 1569 c.

102 1699 200 1751 laribus
226 1701 282 1750 suis
308 1700 445 1763 optionem
463 1700 526 1750 dai:
556 1699 623 1750 «Vei
660 1693 804 1770 ροςᾶνεὸ
805 1699 976 1772 pedicae-
948 1703 1188 1756 -Geouneeetlo-

102 1787 148 1824 eas
165 1775 190 1824 in
207 1775 277 1824 lovis
294 1773 432 1838 Capitolini
450 1771 557 1836 cellam,
582 1773 624 1826 dis
657 1774 932 1840 pidealilbibaecvv
942 1779 1189 1844 iunguntnrepoe-

102 1845 295 1900 immortalibus
312 1848 470 1909 sacrandas,
501 1849 623 1900 humanis
661 1849 709 1910 tia,
733 1848 893 1914 plerumque
909 1865 1022 1916 peomne
1038 1854 1188 1917 significant

100 1923 193 1972 umbos
211 1923 367 1972 eximendae
384 1923 621 1985 comportemus»,
660 1886 764 1988 lepldes
780 1925 928 1988 pretiosos,
947 1926 1187 1992 (angliacensem

103 1995 181 2059 (quod
197 2009 224 2044 v.
244 1993 405 2046 eliciendum
428 2009 443 2045 e
460 2008 518 2059 seq.
535 1996 624 2046 4444444-
660 1997 755 2058 lapidea
765 2010 831 2046 vero
841 1999 954 2050 uniones
966 2002 1185 2065 margaritasque.

101 2069 185 2133 mos,)
223 2081 321 2133 «quam
349 2069 460 2120 divitum
495 2081 623 2134 pompam
660 2072 703 2121 Sio
723 2072 797 2122 certe
820 2071 895 2120 ovid.
920 2072 955 2122 de
976 2072 1120 2124 medicam.
1146 2075 1188 2125 ie-

100 2143 166 2194 nllro
189 2157 257 2208 opes
277 2155 341 2194 suas
361 2143 417 2194 lovi
442 2143 622 2194 dedicantium
661 2145 710 2194 oiei
722 2158 748 2194 v.
761 2145 808 2194 20:
828 2144 1188 2210 Cosspicuomperomiaoottic

100 2223 229 2281 sequetur
238 2217 318 2268 totins
329 2217 420 2282 populi
432 2219 541 2268 Romani
552 2217 623 2269 mul·
659 2219 750 2269 accere
759 2231 863 2268 4444444444
872 2232 881 2266 .·
897 2220 1004 2269 indam
1013 2221 1076 2270 cotio
1091 2221 1187 2284 lapidea

100 2293 183 2342 titudo
201 2292 288 2342 lausto
305 2289 422 2342 clamore
440 2294 495 2344 tam
511 2306 623 2356 magna·
661 2293 760 2343 04444444
772 2297 890 2354 paratos.
908 2293 1019 2344 itarital.
1033 2295 1077 2354 44,
1091 2296 1136 2357 to,
1150 2295 1184 2347 i:

101 2367 171 2416 nimo
195 2363 305 2416 consilio
325 2364 499 2430 applausum,
529 2381 623 2430 quem·
660 2367 765 2418 Gomno
788 2367 827 2417 4444
850 2380 868 2418 o
890 2367 968 2430 digito
983 2368 1023 2416 444
1039 2369 1108 2418 cadit
1123 2383 1188 2421 cere

100 2440 246 2492 admodum
275 2439 343 2492 solet
370 2440 621 2504 triumphantibus.»
659 2441 732 2502 topia.
759 2440 1053 2503 ltemloptsmaniiesto
1066 2441 1187 2492 demar-

101 2515 193 2564 «Vecat
205 2512 306 2564 clamor
325 2513 418 2564 tinbae
436 2512 547 2566 maeotis
565 2516 622 2580 (pro
660 2515 743 2578 gerite
760 2515 855 2566 senec.
873 2513 977 2579 liippol,
996 2515 1061 2566 392:
1083 2530 1129 2567 4444
1144 2517 1187 2566 444-

100 2601 151 2651 qoo
177 2587 259 2638 docte
284 2590 342 2648 est,
379 2589 477 2640 clarnos·
500 2594 524 2639 et
548 2587 624 2638 turbo
658 2601 718 2638 veto
746 2589 812 2652 lepis
838 2589 952 2639 Dedecet
979 2602 1068 2650 44444,
1107 2590 1187 2640 indici

98 2659 264 2726 4444444444),
287 2665 352 2715 dum
373 2664 461 2727 praeit
476 2676 620 2728 pompem;
660 2663 754 2713 donum
768 2663 857 2714 4444444,
892 2661 969 2714 Silius
987 2663 1103 2725 two:
1120 2665 1187 2714 444444

99 2737 177 2801 eique
202 2737 287 2800 loca,
306 2736 357 2786 hoc
375 2740 430 2799 eat,
457 2735 624 2789 acclamatio-
661 2738 780 2788 4444444444
794 2738 888 2788 bonon
907 2739 983 2788 Lucet
998 2740 1026 2788 lo
1041 2751 1106 2789 core
1121 2739 1188 2801 topia

99 2811 177 2862 nibus
203 2809 324 2860 levorem
349 2811 464 2875 prodii.»
497 2811 621 2868 Mirscn.;
660 2811 745 2862 44444444
760 2813 877 2863 advectio
893 2811 925 2862 44
941 2814 1002 2864 4444.
1030 2812 1099 2864 tlibi
1115 2826 1187 2878 gers·

98 2887 183 2949 4444444
208 2885 242 2936 de
267 2883 343 2936 laetis
368 2884 621 2946 acclamationibus,
659 2899 717 2936 moe
742 2888 855 2937 uniones
878 2886 1027 2950 significare
1050 2888 1185 2950 videntur,

99 2963 126 3010 ut
142 2961 198 3010 Liv.
218 2960 308 3020 4,44;
338 2965 362 3009 44
378 2960 419 3010 itte
435 2961 548 3024 guidem,
575 2961 623 3010 od-
661 2961 711 3011 nisi
727 2960 796 3012 iorte
813 2961 915 3024 antiqui
931 2975 962 3011 re
979 2974 1045 3012 vere
1061 2961 1187 3013 credide-

98 3033 229 3084 nomem
245 3045 276 3083 ac
291 3033 436 3084 4444444444
452 3034 519 3096 mis,
537 3035 624 3098 fucore
661 3035 714 3084 rint
730 3035 812 3086 etiam
827 3035 1011 3096 sardonychae,
1027 3037 1185 3100 4444444444,

97 3109 235 3158 mmmm
252 3109 336 3158 addito
353 3110 440 3160 44444444
456 3110 547 3160 euadit
661 3109 826 3168 4444444444,
849 3108 962 3170 torpidae
982 3110 1066 3171 (Mart.
1085 3111 1116 3171 44,
1135 3111 1186 3172 tl.)

129 3181 172 3234 47.
191 3180 233 3232 ia.
262 3181 305 3233 Vel
319 3181 378 3248 ecs]
406 3181 469 3234 «Vel
486 3195 623 3234 summum
661 3195 675 3232 a
701 3181 771 3232 mari
795 3181 901 3244 exspui,
938 3183 969 3229 nt
995 3179 1127 3245 colligitur
1154 3197 1187 3233 ex

99 3256 252 3307 divitiarum
285 3259 470 3321 contemptum
502 3257 623 3308 testatiui
661 3254 752 3307 Curtio
769 3253 798 3315 8,
812 3253 841 3317 9,
855 3253 904 3303 ti:
923 3253 1040 3304 (4444444444
1055 3258 1188 3320 444444444-

99 3343 209 3382 causam
226 3333 255 3382 et
270 3332 411 3382 materiem
426 3329 559 3384 malorum
572 3345 623 3384 nc-
659 3335 748 3392 mooe
761 3342 835 3380 more
851 3327 964 3378 4444444444
980 3328 1099 3391 aneae.
1127 3330 1185 3381 Tib.

98 3409 218 3456 atrorum
238 3405 266 3455 in
286 3419 362 3456 mare
385 3405 575 3468 demergamus
597 3408 625 3456 et
661 3401 689 3468 il,
702 3405 732 3466 2,
746 3403 795 3454 ⁴9:
812 3403 1100 3466 Eiqucecreeoueetger
1108 3403 1187 3454 4444444

98 3480 210 3544 quidem
234 3481 263 3530 ia
282 3481 431 3542 4444444444
454 3493 540 3542 more,
569 3493 623 3544 quo
660 3480 690 3531 de
707 3479 779 3530 litore
794 3476 1187 3542 emmerammenses

98 3555 175 3605 citius
188 3555 492 3619 eaminsempiternum
500 3567 624 3605 amovea-
660 3555 714 3618 tigit
737 3553 814 3603 44444444
837 3552 919 3614 agab.
954 3553 1074 3616 Propert.
1095 3552 1125 3614 4,
1144 3551 1185 3614 44,

97 3641 184 3679 mus.»
170 3629 394 3680 »aomanorum
411 3631 502 3680 autem
518 3629 623 3680 divitias
661 3629 706 3679 it:
735 3628 769 3678 444
793 3628 885 3692 44444444
907 3625 993 3676 nebda
1015 3638 1115 3689 geomeo
1140 3625 1185 3676 aab

98 3703 132 3752 ita
165 3706 310 3766 exaggerat
337 3701 410 3754 Philo
443 3703 469 3752 in
497 3705 559 3766 Lag
589 3703 623 3752 ad
660 3701 819 3762 membro.
843 3701 874 3762 3,
895 3700 927 3763 4,
948 3702 980 3751 2:
1012 3700 1154 3765 9444444444
1172 3727 1188 3740 -

98 3777 296 3841 eulampii.
316 3777 402 3842 Lips:
439 3771 623 3848 οἱένῬῶμῃ
659 3777 748 3827 moria.
779 3740 888 3829 liertiel.
910 3739 939 3837 a’,
957 3775 1003 3837 48,
1025 3774 1073 3826 ii:
1092 3774 1187 3824 44444--

97 3851 147 3901 444
172 3849 204 3900 oi
219 3849 250 3901 ἐν
266 3849 301 3923 τῇ
320 3845 393 3923 ἄλλῃ
409 3845 527 3919 Ἰταλλςι,
557 3865 615 3922 παρ
616 3851 733 3903 Cedet
749 3849 897 3912 Emtlrcetc
911 3849 1185 3934 44444444444444444.

98 3918 142 3987 οἷς
147 3905 293 4014 ἄργυρος
317 3926 368 3978 act
392 3921 502 4014 xppcdg
522 3924 623 3992 4444444-
661 3925 798 3976 Claudiae
826 3926 854 3975 L.
881 3925 996 3974 Serenae
1024 3923 1132 4010 reginae
1158 3935 1185 3973 4.

98 3995 407 4088 σαύριστοτρσοῦτος,
422 3993 497 4050 444444
512 3994 624 4066 sicilec-
661 4000 709 4052 ii:
737 3999 861 4051 0444444444
884 3997 996 4048 04444444
1016 3997 1099 4047 44444444
1115 3996 1188 4048 litore

98 4089 155 4136 πας
172 4089 190 4122 ο
180 4066 273 4138 Ηέξ
254 4071 372 4139 απάσης
389 4071 441 4140 τῆς
464 4067 555 4141 ἄλλης
580 4074 624 4124 ol-
660 4089 772 4139 geouoca
795 4074 911 4136 4444444444.
946 4070 1054 4122 ldem'
1047 4084 1074 4122 in
1099 4069 1185 4122 llnfin

98 4149 244 4214 κοιιμένης
276 4144 337 4200 ἀπὸ
368 4145 497 4220 κεράτων
528 4143 624 4200 αὐτῶν
662 4151 691 4211 4,
716 4149 778 4200 386:
802 4153 956 4210 4444444444
968 4159 1017 4207 per
1033 4157 1131 4197 4444444444
1145 4147 1188 4197 444-

98 4223 301 4288 maranesca,
328 4221 423 4290 πολλῷ
439 4220 624 4274 4444444444-
661 4188 751 4274 delamt
781 4223 873 4274 44444444
901 4222 1005 4284 cereola
1032 4220 1187 4272 combas
