2934 4884
469 311 527 360 ΗΒ.
546 310 587 359 ΙΙΙ.
630 311 659 356 ij.
678 308 764 358 xxix.

281 466 359 530 Cum
383 461 478 538 llere,
505 464 687 538 Maecenas,
712 483 859 528 rosarum
880 470 913 528 et

322 587 437 650 Pressa
460 585 523 650 tuis
546 583 681 650 balanus
704 581 828 670 capillis

239 743 429 810 Iamdudum
452 741 539 830 apud
562 763 613 808 me
636 752 695 807 est.
742 741 836 827 Eripe
858 752 889 807 tc
913 761 1041 814 morac;
1176 741 1195 802 5

239 867 286 930 Ne
309 885 438 951 semper
458 863 559 928 udum
589 862 687 929 Tibur
710 873 743 928 et
764 859 901 928 hesulac

278 983 409 1052 Declive
433 984 660 1072 contempleris
683 1004 796 1048 arvum
819 993 861 1048 et'

323 1106 473 1194 Telegoni
496 1106 571 1193 iuga
594 1105 785 1192 parricidae.

175 1311 199 1358 6.
218 1309 270 1358 Nec
286 1309 314 1356 Β.

108 1481 270 1546 ἀσσνδέτως
292 1482 359 1534 anoli
383 1496 492 1548 semper
511 1483 634 1532 contem·
671 1481 762 1546 cophr.
776 1481 833 1530 797.
850 1492 913 1531 cum
924 1480 1078 1531 Scholiasta.
1099 1481 1192 1544 llygin.

110 1560 200 1625 plari».
219 1585 246 1596 -
259 1561 338 1610 σανα
350 1559 432 1622 Τῖσιν]
445 1558 483 1608 Cl.
498 1557 546 1608 Od.
560 1558 571 1607 l
583 1596 589 1618 ‚
602 1558 631 1620 7,
672 1554 733 1606 Fab.
746 1554 808 1604 ⁴37:
828 1555 972 1618 Telegonus,
992 1555 1072 1605 illicis
1079 1561 1104 1605 et
1114 1556 1196 1606 Circes

110 1635 148 1684 te.
167 1635 243 1684 ovid.
262 1633 373 1695 Fasti,
392 1635 438 1683 Ti:
456 1633 489 1682 Et
505 1631 634 1680 iamTele·
669 1630 749 1692 filias,
766 1629 856 1679 musta
872 1644 889 1678 a
905 1635 999 1690 matre,
1017 1631 1196 1694 utamitorem

107 1711 179 1772 goni,
206 1710 260 1759 iam
281 1709 381 1758 moenia
402 1706 498 1756 Tiburis
513 1705 556 1755 udi
573 1705 634 1755 sta-
670 1712 814 1768 quaereret,
833 1712 973 1770 lmtpettate
989 1709 1016 1758 io
1031 1709 1145 1758 Ithacam
1161 1711 1196 1756 est

108 1783 175 1832 beai.
198 1811 225 1818 —
242 1782 343 1841 neae,
362 1779 594 1832 colonialtomana
607 1780 633 1830 in
670 1782 767 1830 dahti&
792 1782 874 1842 utone
900 1783 969 1846 sarm
994 1788 1096 1832 coactae
1119 1796 1196 1845 agree

108 1859 196 1918 leiim
216 1858 242 1907 in
259 1855 354 1907 declivi
371 1857 420 1906 sita
437 1857 507 1906 inter
521 1857 634 1904 Praene-
670 1856 820 1918 aepopaari
835 1857 922 1917 coepit.
958 1855 1020 1906 eam
1040 1871 1089 1917 σαο
1113 1857 1197 1906 elaea

109 1934 148 1981 ste
175 1933 204 1980 et
227 1930 318 1982 Tibur.
344 1957 371 1966 -
395 1927 574 1991 emmoniae]
603 1941 633 1976 aa
670 1934 693 1979 et
711 1930 868 1980 Telemachus
882 1930 968 1992 ignari
989 1943 1066 1979 emta
1083 1931 1196 1979 contule-

108 2003 253 2068 longinquo
271 2017 335 2054 sane
351 2016 414 2053 cum
430 2002 563 2053 desiderio
575 2013 635 2063 gra·
670 2010 743 2055 ruant:
763 2006 847 2054 illices
862 2020 880 2054 a
897 2005 1016 2067 Telegono
1029 2005 1083 2069 tilio
1099 2011 1136 2056 est
1154 2007 1196 2055 ia-

108 2080 217 2130 tiesimia
235 2079 277 2129 his
294 2077 423 2130 tractibus
440 2077 503 2141 ipsis
520 2074 631 2135 fruendi,
670 2079 798 2142 terfeciau,
816 2079 883 2140 quoa
899 2080 921 2129 α’
937 2092 1081 2140 recemum
1094 2080 1193 2142 thaat,

108 2155 149 2203 eui
160 2152 297 2203 desiderio
309 2165 357 2202 eur
374 2165 427 2202 non
445 2150 513 2202 illico
530 2149 634 2202 satisfa—
670 2159 698 2204 at
709 2167 726 2202 a
735 2154 789 2217 tilio
799 2158 898 2203 caveret
907 2158 1021 2202 moriem.
1040 2154 1118 2214 Quen
1127 2159 1197 2215 pose

107 2229 177 2278 cist„
203 2225 323 2276 Verbum
339 2227 503 2288 coateraplarl
520 2237 634 2288 usurpa-
671 2241 748 2288 qaam
763 2229 879 2290 cognovit
895 2228 938 2288 qai
958 2232 1030 2288 esset,
1055 2228 1126 2278 taen
1142 2231 1196 2278 Μᾶ-

107 2305 150 2352 tur
161 2301 322 2366 praesertim
334 2301 367 2350 de
381 2299 464 2362 caelo,
482 2297 573 2359 stellis,
586 2312 634 2363 με·
670 2315 764 2352 neroae
773 2315 831 2351 caen
849 2301 989 2352 Telemacho
1000 2306 1024 2350 et
1038 2301 1156 2364 Penelope
1168 2305 1195 2352 in

106 2372 237 2447 τεώροις,
257 2375 321 2425 item
333 2375 366 2424 tle
379 2373 532 2436 regionibus
544 2387 635 2424 amoc·
668 2378 784 2438 partam
799 2374 940 2433 redimita
957 2376 985 2424 la
1000 2375 1197 2427 ὁνααὶσαΑνσο-

107 2451 161 2511 nis,
191 2447 290 2512 quibus
312 2446 381 2498 oculi
401 2445 516 2497 libenter
536 2447 633 2496 immo·
671 2465 713 2500 arn
730 2452 764 2500 aa
781 2452 868 2501 Circen
887 2451 984 2499 illicere
1004 2455 1131 2500 miuron
1151 2452 1196 2502 de-

107 2527 209 2574 rantur.
669 2529 806 2586 pammac
821 2525 904 2586 ibique
923 2524 1067 2585 renouarae
1082 2524 1196 2576 tradide-

136 2599 162 2648 8.
194 2597 306 2661 Telegoni
327 2595 402 2660 iuga]
420 2597 493 2647 Ovid.
513 2597 581 2646 Fast.
603 2595 631 2657 3,
669 2605 739 2649 mant.
758 2601 876 2650 Eiusdem
891 2599 1021 2648 Mineruae
1036 2600 1134 2649 manha
1151 2599 1196 2650 Te·

106 2673 151 2722 92:
180 2673 309 2734 Factaque
327 2671 439 2736 Telegoni
455 2671 554 2721 moeala
569 2669 635 2719 celsa
670 2677 773 2738 sagonae
780 2675 926 2736 Penelopen,
944 2674 1098 2724 Telemachus
1108 2675 1197 2726 Circen

105 2761 195 2796 mou.
222 2744 365 2796 Tusculum
384 2745 521 2810 significet.
541 2745 634 2794 condi·
671 2753 799 2800 <lacerant
813 2762 914 2798 aceres.
937 2750 981 2797 Ee
998 2749 1068 2798 Circe
1084 2754 1108 2798 et
1129 2749 1197 2798 Tele-

106 2825 163 2873 tum
173 2835 189 2872 a
199 2819 331 2882 Telegono
341 2819 392 2884 (Sil.
404 2817 460 2871 ital.
471 2821 495 2881 T,
506 2819 550 2870 691
562 2835 567 2868 :
582 2821 636 2870 Cir·
670 2826 759 2874 inacho
770 2829 845 2873 aetra
855 2829 891 2872 est
901 2823 1019 2881 lotham·
1036 2837 1070 2872 aa
1079 2823 1197 2884 Penelope

105 2911 166 2946 caeo
186 2895 292 2945 Tuscula
308 2897 381 2945 dorso
398 2895 507 2956 Moenia,
525 2895 635 2944 Laertae
670 2905 693 2950 at
707 2899 824 2961 Telegono
840 2901 915 2945 natas
931 2902 965 2946 est
982 2897 1070 2958 italae,
1088 2897 1197 2956 quilla-

105 2972 237 3034 quondam
257 2975 365 3034 regnata
389 2969 502 3032 nepoti),
526 2969 571 3032 qui
592 2969 634 3018 in·
670 2975 732 3023 liam
748 2985 794 3022 sao
809 2971 908 3019 nomiae
928 2971 1104 3020 denominavit.
1140 2971 1194 3022 Cir.

106 3048 179 3096 scius
191 3043 293 3096 Ulixem
304 3045 407 3107 putrem
426 3044 499 3094 radio
514 3043 634 3106 trygonis
671 3047 780 3112 Oppiae.
800 3041 913 3093 ilalieut.
928 3044 956 3102 2,
975 3043 1033 3094 497.
1053 3045 1123 3094 Sext.
1136 3046 1197 3096 Em-

107 3121 173 3182 (ea'ae
186 3117 382 3168 llochenartmii
393 3119 472 3168 eloam
483 3118 581 3168 Stachel
592 3131 635 3167 am
671 3123 719 3186 pir.
738 3132 798 3183 pag.
817 3117 875 3166 273.
895 3115 981 3166 Faba:
999 3112 1068 3178 Πῶς
1085 3111 1140 3168 οὐκ
1151 3113 1198 3188 ἔρ-
1220 3170 1224 3177 ,

104 3191 257 3255 Schwaaze)
282 3192 391 3255 sagittae
413 3192 531 3256 praefixo
551 3193 634 3242 inter·
671 3211 737 3262 γον,
760 3188 839 3254 τινὸς
859 3189 914 3256 μὲν
930 3188 1132 3260 γραμματικοῦ
1149 3191 1196 3242 le'-

105 3270 178 3319 lecit.
216 3267 336 3316 Primum
353 3269 520 3316 memoratur
537 3265 571 3316 ab
584 3267 635 3316 lle·
671 3283 788 3336 γοντος,
806 3259 852 3315 ὅτι
867 3258 1019 3324 Ὀδυσσεὺς
1036 3258 1094 3316 ὑπὸ
1112 3264 1197 3331 Τηλε-

105 3344 182 3394 siodo
195 3343 222 3390 in
234 3341 400 3402 Theogoniae
414 3353 493 3390 versu
508 3343 634 3404 suspecto
671 3341 760 3412 γόνου
778 3335 880 3401 παιδὸς
897 3333 973 3388 κατὰ
989 3331 1111 3403 ἄγνοιαν
1123 3333 1196 3410 ἀνῄ-

105 3418 200 3476 iuil.,
230 3427 283 3464 uua
312 3427 374 3464 cum
404 3414 528 3466 iratribus
556 3416 634 3476 agrio
671 3433 770 3490 ρηται,
798 3409 876 3475 τινὸς
892 3410 936 3474 δέ,
961 3404 1007 3462 ὅτι
1023 3408 1114 3482 λάρον
1132 3415 1197 3464 κέν-

105 3495 132 3542 et
149 3490 256 3542 latino:
284 3487 321 3536 Ol
335 3486 358 3537 δ’
382 3482 446 3552 ἦτοι
468 3485 549 3553 μάλα
566 3485 634 3553 τῆλε
672 3507 739 3564 τρον
761 3487 933 3550 θαλασσίας,
947 3483 1087 3559 τρυγόνος
1103 3483 1197 3547 ἀφέν-

103 3561 194 3632 μσχῷ
212 3563 311 3629 νήσων
330 3558 432 3633 ἱεράων
448 3560 543 3613 Πᾶσιν
561 3564 634 3632 Tag—
671 3583 721 3628 τος
747 3559 837 3615 αὐτοῦ
863 3560 898 3633 τῇ
921 3559 1033 3633 κεφαλῇ
1054 3558 1198 3627 διεφώνη-

104 3643 245 3707 σηνοῑσιν
273 3633 468 3705 ἅγακλείτοισι
493 3631 633 3689 ἄνασσον.
673 3657 738 3702 aaa,
756 3632 847 3689 ἄλλον
864 3636 905 3698 δέ,
923 3631 968 3687 ὅτι
985 3638 1027 3699 εἰς
1043 3635 1131 3686 ἵππον
1145 3652 1197 3701 με·

103 3717 203 3766 Totam
220 3717 311 3764 autem
328 3712 396 3762 hanc
409 3712 524 3763 fabulam
536 3715 636 3763 tracta-
672 3713 774 3776 τέβαλε
791 3709 845 3778 τὴν
860 3709 996 3783 μορφήν,·
1013 3710 1107 3762 Proclo
1125 3711 1198 3775 apud

103 3793 184 3841 verat
202 3791 229 3838 in
246 3787 394 3851 Telegonee
411 3789 557 3852 Eugammo
581 3789 635 3850 Cy·
673 3792 748 3840 Phot.
766 3787 833 3840 Bibl.
853 3791 881 3838 C.
901 3788 958 3838 239.
977 3788 1045 3836 teste
1061 3787 1130 3834 haec
1146 3784 1198 3837 Uli·

104 3877 239 3922 remens,
273 3865 351 3927 poeta
383 3862 500 3926 cyclicus
528 3862 633 3925 Olymp.
672 3866 713 3914 xis
735 3876 809 3914 mors
832 3862 942 3923 mythici
966 3858 1033 3921 cycli
1053 3859 1113 3908 linis
1130 3862 1195 3908 erat.

103 3941 144 3990 53.
164 3937 236 3988 vine
252 3936 378 3986 Weleker
389 3940 433 3987 der
444 3939 538 3998 epacte
549 3937 637 3998 Caelus
673 3938 805 3989 Plutarch.
825 3934 917 3986 Parall.
936 3937 964 3983 T.
981 3936 1005 3983 α.
1022 3947 1048 3996 ρ.
1062 3933 1120 3982 346.
1134 3945 1197 3982 nar-

104 4029 130 4078 p.
151 4013 212 4062 sii.
232 4009 378 4074 Sophocles
396 4011 421 4061 in
439 4010 552 4073 Euryalo
565 4011 635 4076 apud
673 4015 714 4062 rat
743 4013 824 4061 etiam
853 4011 996 4060 Praeneste
1024 4022 1039 4057 a
1065 4007 1198 4070 Telegono

105 4087 235 4138 Parthen.
254 4087 330 4136 Nerr.
350 4085 379 4134 3:
403 4085 527 4156 Τρωθεὶς
544 4079 636 4134 ἁκάν-
674 4087 813 4138 conditum
830 4097 899 4135 esse.
918 4083 1083 4146 Properti,
1102 4083 1147 4142 32,
1167 4082 1194 4131 3:

104 4163 145 4232 θῃ
163 4155 307 4233 τρνγρνος
323 4156 496 4222 θαλασσίας.
521 4161 574 4211 Clr.
588 4161 638 4222 Ly·
673 4163 740 4210 Nam
758 4161 819 4222 qaid
834 4156 971 4209 amastis
985 4156 1085 4219 dubias,
1108 4156 1200 4218 oCnn·
