2934 4884
274 319 335 384 ihi
653 321 782 372 ιιοιιιτιι
800 319 970 370 canuruuu

445 475 494 540 lle
516 472 621 539 lentus
643 473 801 562 Glycerae
823 483 923 538 torret
944 491 1037 538 amor
1057 493 1159 538 meae.

277 709 353 768 mini,
377 719 540 770 quamquam
561 705 634 755 haud
651 719 711 754 raro
729 705 801 768 apud
837 705 1034 768 superstitiosas
1051 708 1081 755 ut
1096 707 1238 756 becomes
1256 704 1372 768 (tessal

277 783 421 846 scriptores
447 783 474 830 et
498 781 524 830 iu
549 781 680 843 inscripti.
706 778 799 838 obvio,
837 778 953 846 φρένες,
972 777 1079 828 stultitia
1091 779 1121 840 ι),
1140 777 1241 842 puellas
1254 781 1374 830 vixdum

278 855 352 906 multi
378 854 477 905 librarii
504 855 591 904 notius
614 854 694 903 etiam
717 853 803 903 chloes
839 853 895 900 viro
912 853 1088 915 tempestivas
1112 849 1204 902 ahoi
1225 853 1373 912 [feminam

276 942 376 980 nomen
387 928 589 980 substituerunt.
615 928 667 990 (ain
686 927 802 976 nomini·
839 923 983 975 iuvenilem
1019 925 1133 987 Rhodes]
1173 927 1203 974 ιιι
1237 926 1373 977 dixerit.»

276 1003 328 1054 hus
346 1003 374 1053 id
390 1004 505 1053 maxime
523 1001 618 1052 lusisse
635 1003 751 1068 poetam,
775 1004 805 1049 ut
838 999 945 1060 Nonas.)
970 1023 999 1034 ·-
1026 997 1117 1061 hom]
1145 999 1203 1047 Non
1228 1002 1272 1048 est
1300 1000 1373 1048 «iam

278 1077 400 1140 personis
420 1077 497 1140 ipsis,
523 1073 702 1139 temporibus,
720 1073 804 1122 rebus
839 1072 956 1135 frigidior
981 1071 1101 1131 iactus»,
1127 1073 1157 1120 ut
1180 1070 1274 1121 volunt
1300 1085 1375 1122 non—

279 1161 361 1213 quam
387 1147 662 1198 accommodatissima
697 1149 802 1206 esseut,
840 1144 916 1204 nulli,
942 1157 1005 1195 nom
1022 1157 1106 1209 prope
1123 1143 1266 1194 ridiodum
1284 1145 1372 1195 toret:

280 1237 312 1273 ex
329 1222 449 1287 plurimis
467 1219 595 1286 exemplis
616 1221 726 1284 cogitur.
762 1220 804 1269 Sic
841 1218 965 1282 «frigidus
980 1219 1035 1268 iam
1052 1221 1080 1268 et
1097 1216 1275 1281 languescens
1292 1233 1376 1270 amor

280 1296 378 1347 iactum
396 1299 448 1354 cst.
472 1298 502 1344 ut
518 1297 693 1358 apparantem
711 1293 804 1342 convi—
840 1305 884 1342 mc
901 1295 1013 1353 torret‚·
1038 1292 1087 1342 sed
1103 1290 1227 1355 «longus,
1245 1294 1295 1355 qui
1316 1292 1376 1343 len-

280 1371 353 1420 vium
372 1367 672 1432 Thaliarchumsdaitag
690 1361 802 1438 ἀρχόν),
842 1371 867 1418 te
887 1367 1030 1417 absumit.»
1048 1365 1096 1416 Od.
1119 1368 1142 1428 t,
1162 1368 1207 1428 43,
1226 1368 1255 1418 8:
1287 1371 1375 1430 om

280 1455 374 1494 senem
383 1455 520 1493 morosum
529 1444 609 1506 atqua
621 1443 804 1506 importunum
840 1443 911 1491 ιοιιιιι
923 1442 1023 1503 penitas
1038 1453 1152 1491 macerer
1171 1441 1286 1503 ipsibm,
1311 1443 1372 1491 Tib.

281 1517 376 1577 chaem
398 1514 472 1578 (auor
493 1514 661 1578 Isepn'mml),
686 1515 805 1578 tur-picu—
843 1519 870 1576 t,
889 1515 919 1576 i,
938 1516 983 1565 8⁴:
1006 1515 1060 1565 ileu
1076 1516 1376 1577 immundiorem

280 1583 805 1652 lumieneratoremdlphiumloiipatvao)
842 1591 907 1640 usto
922 1603 963 1638 nis
978 1593 1076 1651 torquet
1096 1591 1210 1648 moral,
1236 1588 1286 1638 uhi
1307 1603 1375 1652 pro-

282 1661 391 1718 iecerit:
410 1663 460 1722 sic,
478 1659 631 1724 loquaculas
643 1663 673 1711 ut
683 1663 805 1726 totoque,
843 1665 903 1726 pter
920 1663 1019 1712 Horatii
1041 1660 1132 1712 locum
1149 1663 1259 1712 minime
1278 1661 1375 1725 legen-

282 1732 393 1784 tenollas
415 1735 573 1796 uisscias,
602 1735 757 1799 insipientes
774 1749 806 1785 ac
844 1735 909 1785 dnm
925 1741 1013 1785 torret

644 2105 1010 2165 Excunsus

754 2237 895 2288 Anuli.

355 2415 422 2466 Olim
434 2418 542 2465 secutus
555 2427 629 2465 eram
641 2414 847 2465 Scholiasiarum
858 2415 1115 2478 interpretationem:
1130 2415 1247 2464 «Novem
1259 2417 1375 2478 cyathos

287 2497 337 2548 sibi
355 2500 442 2561 poscit
457 2501 536 2561 poeta
554 2495 758 2561 ἐνθουσιάζων.
794 2499 877 2561 Supra
895 2509 994 2547 novem
1005 2499 1095 2547 autem
1111 2498 1134 2546 si
1149 2496 1287 2550 addideris
1304 2501 1373 2556 tres.

287 2579 431 2630 duodecim
443 2579 528 2642 epotis
540 2579 630 2630 ebrius
642 2582 725 2632 iactus
738 2579 813 2632 facile
825 2580 928 2631 incides
940 2581 966 2629 in
978 2581 1061 2640 rixas,
1079 2593 1095 2630 a
1112 2579 1210 2642 quibus
1225 2580 1376 2633 abhorrent

286 2661 403 2721 Gratiae,
416 2661 442 2711 id
455 2665 509 2722 est,
522 2675 591 2725 quae
604 2663 676 2712 rixae
688 2667 750 2714 sunt
762 2665 911 2714 contrariae
922 2677 1003 2713 verae
1019 2661 1159 2714 laetitiae.»
1188 2664 1375 2727 Exposueram

287 2745 378 2806 igitur,
397 2746 427 2794 ut
443 2743 604 2806 arbitrabar,
629 2747 751 2810 apposite
769 2746 804 2796 ad
820 2747 906 2810 ipsam
926 2760 969 2796 vv.
983 2745 1199 2797 collocationem:
1227 2753 1280 2797 tros
1294 2763 1375 2810 aspro

285 2840 388 2887 ιιουοιιι,
407 2839 460 2876 non
478 2829 508 2876 ιιι
523 2827 700 2878 recentiores:
720 2842 802 2890 supro
818 2833 877 2880 tros.
911 2829 1060 2880 Duodecim
1077 2833 1168 2880 autem
1180 2831 1271 2892 cyathi
1283 2835 1375 2882 sexta-

286 2911 355 2959 rium
381 2907 523 2973 complent.
558 2913 597 2960 lta
621 2913 784 2974 Augustum,
811 2913 906 2974 quoties
928 2913 1068 2976 turpissimo
1091 2926 1117 2962 aa
1140 2915 1275 2985 incitaret,
1304 2927 1376 2964 mos

285 2997 411 3042 saccerdos
436 2993 597 3058 (sextarium)
627 3009 678 3044 non
703 2997 835 3046 messos
858 2998 951 3045 auctor
975 2999 1017 3047 est
1044 2997 1186 3046 Suetonius
1211 2998 1302 3047 octav.
1331 2999 1371 3046 77.

286 3078 379 3140 Neque
404 3090 470 3128 vero
495 3079 547 3128 hoo
572 3079 652 3139 dicit,
682 3082 763 3143 epoto
785 3093 800 3128 a
818 3077 926 3142 singuiis
944 3079 1059 3129 sextario
1076 3093 1186 3144 semper
1201 3081 1273 3130 rixas
1291 3081 1372 3139 oriri,

286 3160 336 3210 sad
352 3160 500 3224 periculum
519 3174 595 3225 esse,
621 3175 655 3212 ne
673 3164 800 3213 oriantur.
837 3163 885 3222 Qui
902 3163 1110 3227 interpretantur
1126 3176 1205 3225 capra
1225 3167 1293 3224 tres,
1321 3177 1374 3212 non

288 3244 381 3294 vident
396 3258 491 3309 parum
510 3247 686 3308 concinnam,
714 3248 797 3296 immo
814 3243 953 3295 ridiculam
971 3258 1031 3296 esse
1049 3245 1225 3296 sententiam:
1256 3247 1374 3296 «Nouem

288 3341 337 3390 ego
355 3327 447 3379 biham
465 3331 593 3392 cyathos,
613 3331 662 3380 etsi
680 3329 765 3393 probo
783 3329 838 3380 scio
857 3329 959 3378 Gratias
975 3330 1047 3393 ipsas
1065 3328 1171 3392 (uiribus
1187 3330 1247 3392 quis
1265 3328 1374 3378 tandem

287 3411 371 3474 magis
389 3412 576 3476 obtemperare
594 3412 676 3463 debet
693 3425 774 3475 quam
791 3411 899 3477 poeta‘ll
916 3413 1027 3473 vetare,
1046 3425 1080 3462 ne
1098 3412 1243 3462 ternarium
1261 3412 1374 3474 cyatho-

287 3508 348 3544 rum
364 3508 507 3545 numerum
525 3496 703 3556 excedamus;
730 3494 810 3545 nihilo
827 3495 915 3546 secius
932 3508 996 3558 ego,
1023 3495 1104 3545 otiam
1126 3496 1244 3545 rixarum
1261 3495 1372 3544 minime

286 3579 425 3638 metuens,
452 3577 549 3641 largius
565 3591 610 3628 me
627 3578 762 3640 invitabo,
785 3579 914 3642 quidquid
931 3577 994 3630 inde
1018 3577 1081 3629 mali
1106 3580 1233 3628 orietur.»
1272 3579 1373 3637 Quam-

287 3672 369 3722 quam
394 3661 587 3711 recentiorihus
617 3663 644 3712 in
669 3665 725 3712 tam
751 3663 818 3712 mira
848 3663 1013 3726 expositione
1043 3662 1163 3725 praeisse
1188 3661 1296 3711 videtur
1319 3661 1371 3709 iam

287 3729 419 3794 Ausonius
444 3744 471 3793 in
488 3745 596 3808 Grypho
623 3747 730 3796 ternarii
757 3746 861 3795 numeri
878 3743 954 3807 myli.
975 3746 1030 3806 ιι.,
1060 3757 1142 3807 quem
1162 3745 1214 3794 hac
1237 3743 1329 3808 ecloga
1346 3743 1371 3792 in

286 3825 399 3876 Praelat.
418 3826 516 3878 diserte
534 3831 683 3880 memorata
700 3830 740 3880 sio
765 3828 872 3892 incipit:
904 3829 950 3879 Ter
972 3829 1026 3878 otha
1045 3829 1086 3878 oet
1104 3829 1192 3878 totiens
1213 3833 1312 3878 umes:
1338 3826 1373 3874 sie

286 3911 394 3970 mattea
404 3910 446 3961 tos
456 3916 498 3962 est.
519 3912 595 3972 Quod
607 3915 698 3962 autem
710 3913 872 3962 Graecorum
883 3915 1024 3976 politanam
1034 3911 1108 3962 locos
1119 3910 1262 3978 appellant,
1277 3909 1373 3974 quibus

287 3993 354 4043 intra
372 3993 479 4044 tertium
490 3995 615 4059 poculum
628 3995 775 4046 subsistere
787 3995 924 4055 iubemur,
944 3994 1007 4046 nihil
1023 3997 1128 4055 attinet,
1146 4008 1210 4046 cum
1227 3993 1286 4045 talia
1299 3993 1372 4058 (ratio

288 4077 355 4126 meri
373 4091 435 4128 cum
453 4091 521 4142 aqua
539 4079 669 4130 miscendi
687 4078 824 4143 multiplex
841 4080 912 4143 apud
929 4081 1024 4130 Athen.
1045 4080 1085 4129 til.
1106 4093 1133 4143 p.
1150 4078 1206 4129 ias.
1220 4091 1297 4142 seqq.
1309 4074 1372 4126 ἴσον

287 4155 354 4224 top,
380 4161 462 4211 πέντε
484 4163 532 4213 και
553 4158 622 4226 δύο,
641 4163 762 4234 τέτταρα
777 4163 828 4214 και
842 4161 909 4226 oto,
927 4159 1001 4214 κατὰ
1018 4160 1072 4215 δύο
1088 4163 1138 4214 καὶ
1153 4165 1228 4232 τρεῖς
1245 4155 1370 4232 ἀκράτου
