2934 4884
262 359 324 422 326
642 359 770 408 donarii
788 359 958 408 carnunti

260 512 416 577 χαιότατον
428 512 514 586 ἱερόν.
532 541 548 551 -
558 541 573 552 -
585 513 699 584 spanni
710 511 741 564 δέ
752 509 856 564 αὐτόθι
867 541 882 552 -
893 542 908 550 -
919 514 970 562 καὶ
981 511 1109 577 Πενθεὺς
1120 518 1170 566 καὶ
1180 515 1354 588 Λυκοῦργος

259 591 300 650 ὧν
317 599 348 662 ἐς
364 595 507 650 Διόνυσον
525 588 648 668 ὕβρισαν
665 594 792 659 διδόντες
809 595 899 660 δίκας·
915 591 1044 668 lepidum
1061 595 1093 648 δὲ
1103 596 1288 650 καθεύδουσα
1299 604 1354 651 καὶ

258 680 372 750 Θησεὺς
392 677 573 749 ἀναγόμενος
595 683 645 732 καὶ
656 679 800 744 Διόνυσος
817 675 896 747 ἥκων
913 680 943 744 ἐς
960 679 1012 747 τῆς
1026 675 1172 752 Ἀριάδνης
1188 681 1241 750 τὴν
1257 681 1355 754 ἁρπα-

257 765 321 834 γήν.
341 770 394 819 Has
410 769 529 832 picturas
547 766 669 817 Horatius
687 765 800 816 tortasse
817 765 922 814 viderat
937 766 1055 816 Athenis.
1074 793 1102 802 -
1115 768 1154 817 De
1166 769 1287 831 Lycurgo
1300 771 1352 820 cir.

257 853 387 916 imprimis
405 852 490 913 Zo'ega
508 851 628 900 ditandi,
642 851 661 898 Ι.
681 849 823 898 Kunsibiratt
841 850 913 899 4829.
927 851 958 900 N.
972 851 1013 899 it.
1049 850 1116 900 Eum
1127 851 1233 902 videbis
1244 853 1271 901 in
1283 867 1353 903 vase

257 935 431 998 italo-graeco
448 935 475 984 in
493 932 571 984 iiiiiin
588 934 675 982 nem.
694 934 737 982 des
752 933 826 982 tamt.
845 934 876 982 da
892 933 987 983 Cannas
1003 934 1032 982 Τ.
1045 935 1070 982 2.
1090 935 1120 983 N.
1134 935 1175 983 it.
1188 935 1252 984 etin
1263 934 1354 986 altero

257 1022 321 1070 Mtte.
340 1018 415 1069 Bnrb.
435 1017 499 1067 xiii.
518 1017 546 1067 T.
565 1016 621 1076 aa..
641 1015 686 1066 ubi
704 1017 758 1066 iam
775 1029 869 1067 amens
887 1016 973 1066 iactus
990 1015 1032 1065 vel
1050 1015 1103 1066 filio
1119 1016 1162 1067 vei
1179 1018 1285 1069 Baccho
1300 1020 1354 1083 ipsi

259 1103 409 1166 (inghirami
427 1101 492 1152 Gaii.
512 1100 565 1149 Ora.
585 1101 604 1148 1.
620 1113 646 1163 p.
667 1099 734 1160 ⁴56.)
752 1100 840 1150 securi
857 1099 939 1149 ictum
958 1100 1077 1150 intentat.
1112 1102 1226 1164 Lycurgi
1238 1102 1354 1152 exitium

257 1187 358 1251 ipsum,
384 1185 430 1235 ubi
449 1185 523 1235 Turia
542 1183 610 1233 ierru
628 1183 782 1234 acutissimo
800 1195 863 1232 eum
880 1185 1021 1243 excaecat,
1048 1185 1090 1234 est
1106 1184 1170 1234 ibid.
1189 1183 1261 1234 Iliad.
1280 1184 1352 1235 Tab.

258 1270 298 1320 82.
329 1270 483 1333 comparato
513 1269 606 1318 Nouno
635 1267 683 1327 20,
717 1267 759 1317 ³5.
806 1266 894 1330 (coni.
925 1268 1006 1316 etiam
1034 1268 1155 1318 Gerhurd
1181 1270 1350 1333 Arctueotop.

263 1345 375 1408 Zaitunp.
400 1343 441 1393 lV.
466 1357 492 1408 p.
516 1341 584 1406 nai.)
613 1369 640 1378 -
667 1357 692 1391 v.
719 1343 761 1392 20.
786 1341 955 1405 Bistonidum]
981 1342 1102 1392 Bacchas
1128 1345 1240 1407 utraque
1265 1357 1354 1393 mann

257 1429 397 1492 serpentes
422 1428 558 1490 gestantes
583 1440 608 1475 v.
628 1426 699 1490 apud
721 1424 948 1480 ilaoui-Ronhette
973 1427 1041 1475 Mon.
1069 1427 1135 1475 tired.
1163 1427 1183 1476 1.
1209 1439 1237 1490 p.
1255 1428 1298 1476 22.
1321 1455 1350 1462 -

256 1513 297 1562 22.
317 1509 465 1574 Gipnntum]
493 1510 589 1558 Bacchi
607 1510 745 1572 Gigantem
770 1508 947 1560 confodiantis
973 1509 1078 1574 egregia
1101 1512 1144 1560 est
1159 1509 1247 1572 imago
1275 1511 1353 1574 apud

258 1593 378 1646 Gerhurd
399 1595 538 1656 Vnsenpem.
558 1595 586 1642 T.
606 1592 645 1643 tit.
674 1595 741 1643 item
758 1595 879 1643 Bacchus
896 1593 1026 1644 barbatus
1044 1595 1173 1657 Eurytum
1192 1569 1353 1644 conradens

258 1677 329 1740 apud
351 1675 482 1738 Miliingen
504 1678 523 1726 i.
543 1675 571 1725 T.
591 1677 631 1725 25.
651 1679 731 1738 atque
754 1675 893 1740 Ephialten
915 1677 979 1729 ibid.
997 1679 1026 1728 T.
1045 1678 1069 1728 7.
1090 1705 1118 1713 -
1139 1678 1180 1727 23.
1198 1677 1284 1742 kanis]
1305 1680 1353 1728 in-

258 1760 374 1819 terdum,
394 1759 442 1809 sed
460 1772 533 1818 raro,
552 1757 595 1808 leo
611 1759 708 1808 Bacchi
726 1761 769 1809 est
785 1759 898 1811 taurulus
915 1763 971 1810 siva
989 1773 1081 1812 comes
1098 1762 1125 1812 in
1142 1761 1267 1824 antiquae
1284 1762 1354 1811 artis

259 1841 396 1907 operibus.
425 1843 477 1893 Cir.
491 1843 609 1892 Gerhard
631 1844 773 1906 Vuaenpam.
791 1844 820 1892 Τ.
834 1844 874 1894 38.
896 1871 923 1882 -
942 1845 983 1895 29.
1005 1845 1035 1894 Ta
1049 1844 1120 1908 vidit]
1139 1845 1207 1894 Cum
1222 1843 1352 1895 Semelen

258 1929 373 1988 matrem
391 1940 423 1976 ax
440 1928 507 1977 Orco
526 1926 681 1986 reduceret,
700 1927 776 1976 cuins
793 1927 892 1991 incepti
903 1943 918 1976 a
930 1927 1025 1978 Libero
1036 1931 1112 1993 patra
1129 1927 1241 1979 ieiiciter
1251 1930 1351 1992 patrati

259 2009 438 2073 pulcherrima
456 2011 542 2074 imago
560 2013 647 2061 exstat
663 2011 689 2059 in
706 2013 819 2060 Menum.
838 2011 892 2060 deti'
910 2013 968 2060 inst.
988 2012 1095 2060 arctant.
1115 2012 1143 2060 T.
1162 2012 1203 2060 56.
