2934 4884
659 314 788 364 nonanti
805 315 974 364 cnauttttttt

443 470 547 554 Leges
570 467 733 544 sinebant,
758 467 878 556 oppida
900 465 1032 554 publico

486 591 621 675 Sumpta
644 587 793 655 iubentes
815 598 848 654 et
870 586 1008 654 deorum

527 709 658 797 Templa
680 730 765 778 novo
788 707 945 775 decorare
968 731 1055 776 saxo.
1320 714 1365 777 20

272 951 321 1003 per
338 937 494 1000 synaeresin
512 936 541 986 fit
563 933 742 998 trisyllabum,
768 938 798 985 ut
833 937 988 996 sapposscisss
1002 937 1052 998 sitit
1069 940 1131 996 cet.;
1151 937 1231 1001 atque
1249 949 1365 988 consue-

272 1010 358 1064 blanil.
377 1013 405 1073 i,
426 1011 485 1062 ⁴80:
509 1011 576 1059 Nam
587 1024 666 1072 nequa
680 1011 798 1072 fortuitos
833 1009 954 1059 tudinem
970 1023 1115 1074 moresque
1131 1013 1255 1075 aanuos
1271 1013 1363 1076 potius

270 1091 340 1136 ortrts
348 1084 505 1148 carpentibus
515 1085 652 1134 astriscet.
666 1083 798 1133 ldemva-
833 1085 950 1147 respexit
974 1098 1056 1147 quam
1081 1086 1155 1148 leges
1180 1087 1303 1150 scriptas.
1331 1114 1359 1122 —

271 1159 353 1211 letde
366 1173 408 1208 vv.
421 1159 561 1222 marsim,
576 1159 678 1221 pituita.
701 1158 794 1218 Uthic,
833 1159 938 1223 oppido]
971 1171 1063 1209 muros
1090 1163 1250 1223 praesertim
1278 1161 1363 1224 atque

271 1235 408 1286 Phaedrus
425 1235 454 1294 2,
478 1232 508 1294 i,
532 1232 561 1283 l:
588 1233 644 1283 Post
663 1232 797 1294 fortuitum
833 1231 953 1281 aedificia
970 1231 1087 1295 publica.

270 1307 527 1372 fatescantubemiran
538 1309 590 1358 cet.
605 1333 630 1342 -
642 1307 797 1368 Exbocigi-
865 1305 905 1354 ²0.
927 1305 1034 1369 Tentpta]
1054 1307 1170 1357 «Caesar
1189 1308 1359 1365 Octavianus,

271 1384 316 1432 tur
332 1381 448 1444 caespite
466 1379 552 1430 ubivis
569 1379 648 1430 obvio
664 1380 797 1430 iaciebant
831 1384 943 1428 veterum
959 1379 1041 1442 lepram
1058 1385 1148 1441 max,
1173 1395 1197 1429 a.
1217 1382 1274 1432 726,
1294 1395 1362 1430 cen-

271 1457 371 1517 antiqui
388 1455 484 1518 partim
501 1456 616 1518 parietes
634 1457 661 1505 et
681 1454 796 1504 culmina
833 1465 924 1501 suram
936 1466 1018 1516 agens
1030 1454 1113 1505 aedes
1124 1467 1216 1504 sacras
1227 1458 1362 1505 uetustate

273 1530 404 1579 tectorum
424 1529 501 1590 (Virg.
522 1527 575 1578 Eoi.
593 1529 621 1590 i,
640 1529 684 1578 69:
710 1529 798 1591 lupari
834 1524 963 1589 collapsas
989 1531 1036 1576 aut
1059 1527 1181 1577 incendio
1202 1528 1363 1593 absumptas

271 1607 414 1666 conpestum
437 1603 543 1663 caespite
558 1603 663 1652 cutmen.
688 1603 730 1651 Sic
746 1603 798 1651 iio-
834 1599 939 1661 reiecit,
963 1613 1063 1664 casque
1081 1605 1109 1650 et
1125 1605 1229 1652 ceteras
1246 1602 1364 1667 opulen-

271 1675 336 1726 muli
354 1689 415 1726 casa
437 1677 590 1726 stramentis
613 1677 697 1736 tecta;
724 1676 795 1738 virg.
834 1675 942 1723 tissimis
961 1673 1038 1724 donis
1055 1675 1206 1737 adornavit,
1225 1678 1361 1727 referente

272 1751 378 1811 Aen.8,
393 1748 453 1799 ott:
470 1751 635 1811 Romuleoque
644 1763 730 1799 recens
740 1749 798 1797 ior-
834 1747 960 1795 Suetonio
981 1749 1071 1797 Octav.
1089 1749 1148 1798 30.»
1177 1751 1292 1812 anrn,
1314 1751 1362 1814 qui

270 1824 342 1874 rebat
357 1825 430 1888 repta
446 1823 556 1885 cul-mo.);
574 1825 670 1887 partim
686 1822 750 1873 alios
762 1823 797 1872 ad
834 1821 896 1870 hinc
913 1823 987 1870 recte
999 1821 1108 1885 colligit,
1128 1824 1225 1874 eodem
1237 1823 1281 1873 illo
1292 1828 1364 1875 tem-

272 1911 337 1948 usus
346 1896 517 1958 adhibebant,
528 1896 608 1946 veluti
618 1897 651 1946 ad
661 1911 721 1947 aras
730 1900 797 1947 tem·
833 1909 899 1958 pore
910 1895 962 1945 hoc
974 1909 1083 1946 carmen
1096 1899 1273 1962 compositum
1286 1913 1359 1949 esse.

273 1972 402 2036 porarias.
414 1971 571 2032 Statim,
586 1970 648 2021 ato:
664 1984 798 2035 pauperes
836 1996 863 2004 κ
886 1983 951 2018 nouo
972 1971 1091 2020 decorem
1110 1973 1186 2036 saxo]
1211 1987 1361 2024 «recense

273 2041 349 2095 litant
357 2045 463 2106 caespite
471 2045 547 2105 nudo,
558 2044 630 2107 quod
639 2045 798 2096 incredibili·
833 2041 980 2106 lapicidinis
1007 2047 1095 2096 exciso
1118 2048 1153 2096 ad
1175 2047 1275 2111 templa
1292 2062 1362 2098 con-

272 2121 314 2168 ter
325 2119 474 2182 exponunt:
493 2118 603 2167 oiarrea.
626 2117 793 2179 Tibullus
833 2118 990 2168 struenda.»
1026 2123 1083 2170 Non
1107 2122 1198 2183 tideo,
1226 2137 1274 2172 cur
1296 2137 1362 2174 cum

272 2192 317 2242 99:
344 2193 375 2240 At
397 2191 443 2240 sibi
465 2194 567 2255 quisque
589 2194 664 2255 dapes
685 2199 708 2242 et
722 2195 799 2256 festos
833 2193 936 2244 Handio
960 2193 995 2244 ad
1019 2197 1098 2245 Gron.
1120 2197 1202 2246 Diair.
1226 2199 1250 2247 t.
1268 2211 1296 2262 p.
1317 2199 1360 2247 76.

271 2271 383 2315 exstruet
399 2267 449 2315 otte
464 2267 615 2328 Caespiiibus
629 2281 727 2316 mertsas
738 2282 797 2316 cae-
834 2267 999 2332 interpretari
1018 2267 1180 2320 debeamus:
1200 2273 1293 2332 «miro,
1313 2272 1362 2321 ad-

270 2341 420 2402 spittbusque
437 2346 527 2390 tarum.
552 2342 648 2390 Contra
662 2343 724 2391 satis
737 2355 798 2405 per·
834 2342 968 2404 mirando,
987 2343 1060 2406 quod
1074 2345 1226 2394 inusitatam
1238 2346 1362 2408 speciem

272 2427 350 2465 verse
374 2413 415 2464 alii
433 2415 597 2478 interpretati
619 2418 681 2464 sunt
703 2415 736 2464 de
754 2417 795 2476 iis,
833 2414 970 2478 decusque
993 2417 1101 2466 babet.»
1135 2419 1203 2467 Nam
1226 2417 1310 2468 multa
1332 2426 1362 2472 et

272 2489 317 2552 qui
335 2488 385 2538 sub
403 2487 446 2537 dio
462 2489 535 2538 humi
554 2502 582 2538 se
595 2491 718 2539 sternunt
729 2491 797 2554 apri·
833 2490 1015 2551 antiquissima
1042 2493 1118 2540 erant
1138 2493 1164 2541 in
1187 2491 1257 2541 ltalia
1276 2507 1360 2557 opera

271 2562 381 2611 cationis
397 2559 439 2610 vel
457 2560 648 2612 meridiationis
660 2577 750 2613 causa.
767 2592 794 2600 —
833 2577 848 2611 e
865 2565 935 2612 saxis
950 2568 1111 2623 constructa,
1131 2568 1200 2616 muri
1218 2566 1253 2616 illi
1264 2567 1363 2630 Cyclo-

272 2635 397 2684 Ceterum
430 2635 456 2682 in
491 2647 522 2683 eo
551 2648 631 2684 nemo
660 2636 793 2697 haerebit,
832 2637 877 2700 pii,
897 2636 1016 2701 Capitolii
1032 2639 1258 2702 substructiones,
1283 2641 1361 2692 cloa-

271 2707 342 2771 quod
361 2707 394 2756 de
410 2705 506 2757 talibus
517 2707 634 2769 legibus,
654 2723 723 2772 quae
737 2725 797 2760 cae·
833 2725 864 2759 ca
882 2713 1008 2772 maxima,
1036 2715 1204 2765 emissarium
1221 2714 1296 2766 lacus
1313 2716 1361 2767 Al·

271 2781 338 2844 spite
357 2781 383 2829 in
399 2781 507 2844 privat-is
533 2781 672 2840 aediliciis,
701 2785 726 2832 in
745 2798 796 2847 pu·
832 2785 894 2834 bani
912 2788 974 2847 cet,
993 2787 1061 2836 adeo
1073 2792 1102 2837 ut
1117 2789 1360 2852 tempiumesaxis

269 2853 345 2903 blicis
363 2866 427 2902 vero
448 2851 580 2916 lapidibus
604 2856 640 2904 uti
658 2857 794 2919 iuberent,
832 2860 967 2922 quadratis
1000 2861 1170 2911 aedificatum
1203 2865 1359 2916 inusitatam

271 2925 333 2976 nihil
350 2939 420 2974 nunc
443 2929 559 2986 constan
584 2942 646 2978 nam
668 2933 746 2994 poeta
769 2933 795 2980 id
832 2935 950 2996 speciem
972 2935 1016 2984 vix
1032 2936 1177 2999 praeberet
1198 2939 1291 3002 primis
1308 2941 1360 2988 tri-

269 3003 371 3049 tantum
383 3001 524 3063 spectavit,
542 3003 571 3050 ui
582 3003 667 3052 vivida
680 3005 794 3068 imagine
831 3007 883 3057 bus
909 3008 984 3059 Urbis
1012 3009 1118 3060 seculis.
1154 3013 1282 3061 Ceterum
1307 3014 1356 3063 cir.

269 3074 374 3138 priscae
400 3075 469 3124 vitae
496 3074 690 3138 simplicitatem
717 3080 794 3131 nobis
832 3082 886 3131 Cic.
905 3095 954 3144 pro
972 3082 1064 3133 Flacco
1082 3085 1126 3133 ii:
1153 3086 1221 3134 Haec
1241 3088 1311 3136 ratio
1326 3101 1359 3137 oc

270 3159 334 3211 prae
350 3148 432 3198 oculis
449 3153 570 3212 poneret,
590 3155 618 3200 ut
630 3152 704 3201 ovid.
724 3154 793 3203 Fast.
829 3157 977 3218 mapnitudo
1002 3159 1145 3207 animorum
1169 3159 1196 3208 in
1217 3161 1361 3211 maioribus

271 3221 299 3281 l,
317 3222 378 3270 20³:
399 3223 495 3286 (prisco
513 3225 642 3287 tempore)
656 3227 795 3275 Fraudibus
830 3230 922 3278 nostris
931 3230 992 3292 suit,
1010 3236 1047 3291 ut,
1060 3245 1117 3281 men
1128 3234 1155 3281 in
1162 3234 1273 3294 privatis
1283 3235 1360 3284 rebus

270 3295 406 3356 ornabant,
426 3310 491 3356 quoe
506 3311 573 3346 nunc
590 3299 795 3362 Capitoliopem-
830 3303 929 3364 suisque
954 3306 1090 3366 utmpttbus
1115 3307 1219 3355 minimo
1247 3311 1359 3359 contenti

268 3367 330 3429 mis,
353 3369 520 3432 Poscebatque
541 3385 600 3420 sues
621 3374 672 3434 ipsa
695 3380 796 3423 senator
831 3378 972 3426 tenuissimo
989 3379 1192 3441 adtuatoerent,
1210 3382 1358 3443 inimpnio

268 3455 332 3490 oves.
351 3445 402 3493 Nec
416 3446 500 3505 pudor
516 3447 542 3494 in
559 3447 652 3508 stipula
664 3449 794 3509 placidum
830 3456 906 3512 atque
921 3453 948 3500 in
961 3452 1065 3513 perbtica
1080 3455 1202 3516 dipnitota
1218 3457 1306 3505 omnio
1322 3461 1359 3506 ad

267 3517 357 3576 cepisse
374 3519 494 3580 panton,
520 3521 571 3570 Nec
592 3523 693 3582 foenum
715 3524 794 3585 capiti
828 3526 938 3589 piot-iam
953 3527 1156 3590 splendoresque
1171 3537 1330 3580 macerent.
