2934 4884
676 369 804 420 llOllATll
821 369 990 422 canussnus

594 524 749 592 interfusa
775 525 912 592 nitentes
1001 499 1004 509 ⁸

638 648 724 714 Vites
747 667 890 735 aequora
915 644 1083 735 Cyclados.
1345 647 1386 710 20

362 855 401 905 49,
419 855 521 905 obortit
537 853 603 904 bsr.

296 1033 413 1083 simas·
425 1033 478 1082 «Ne
490 1031 654 1094 naufragium
666 1029 755 1090 iacias,
766 1031 818 1080 vitu
857 1043 906 1079 σοι
923 1027 945 1078 δ’
962 1025 1056 1094 ἑξείης
1074 1024 1221 1100 Σποράδες
1240 1041 1384 1099 περιταμ-

297 1119 381 1165 ιαειε,
397 1105 470 1170 quod
486 1106 597 1156 tluctnat
612 1106 681 1155 inter
689 1105 819 1166 mennas,
857 1099 1018 1166 φανόωσιν,
1040 1098 1104 1153 οἷον
1116 1096 1157 1154 δι’
1175 1097 1330 1164 essenon>
1347 1101 1384 1153 δι’

298 1178 392 1242 (Sebol.
415 1178 478 1230 Plat.
501 1193 527 1245 p.
545 1179 603 1230 943.
622 1179 669 1229 lid.
696 1181 817 1230 nostrae:
857 1175 943 1250 ἠέρος
968 1176 1071 1230 εἴδεται
1095 1172 1210 1248 ἄστρα.)
1233 1179 1275 1227 Sic
1298 1180 1382 1228 Paros

295 1249 344 1304 διὰ
367 1250 401 1304 τὸ
417 1249 472 1320 τὴν
489 1252 584 1321 Δῆλον
601 1253 727 1305 κσκλοῦν
744 1247 819 1304 οὕτω
857 1255 931 1305 Ovid.
943 1256 1003 1306 Met.
1017 1256 1042 1315 7,
1059 1253 1116 1306 ist.
1135 1267 1293 1312 monnoreo,
1320 1253 1382 1301 Vir-

295 1324 472 1394 καλοῠνται.)
505 1327 605 1380 insulas
625 1342 760 1380 marmore
778 1331 820 1378 ni-
857 1328 917 1392 gilio
942 1331 1008 1380 Aen.
1041 1328 1070 1390 3,
1098 1329 1153 1378 ⁴26.
1180 1329 1254 1405 ρι’νσσ
1276 1325 1382 1376 dicitur.

296 1409 397 1454 λεπίσι.»
433 1403 489 1468 (Od.
513 1405 543 1465 3,
562 1405 608 1464 28,
626 1403 671 1454 tt:
690 1405 820 1468 Fulgentes
857 1406 917 1455 Sine
934 1404 1062 1466 imngIne:
1083 1401 1169 1453 «Bello
1186 1400 1267 1461 civili,
1286 1401 1383 1464 patria,

297 1479 426 1541 Ομσλσσσι.
443 1481 551 1543 Dionys.
568 1479 669 1542 Perleg.
685 1480 748 1530 530:
768 1475 820 1544 νῆ·
857 1479 938 1529 tinem
956 1480 1080 1543 impono,
1099 1491 1132 1528 ne
1150 1478 1336 1541 pervertaris.-

769 1753 914 1763 ...a——

653 2001 1016 2061 Excutiens

751 2165 790 2212 An
807 2163 836 2213 C.
855 2162 920 2212 xlv,

360 2313 499 2363 Pensiiotia
521 2312 698 2375 interpretum
721 2311 859 2362 sententiis
882 2311 916 2361 de
933 2311 1012 2362 buius
1030 2310 1155 2362 carminis
1172 2313 1330 2375 argumento
1349 2325 1383 2361 ac

296 2397 417 2459 tempore
443 2395 517 2459 (quas
540 2397 678 2460 opiniones
701 2395 821 2461 perbene
845 2393 950 2458 collegit
972 2393 1176 2460 diiudicavitquo
1200 2395 1328 2458 Luebker)
1356 2396 1383 2444 id

295 2478 444 2540 lucramur,
462 2482 493 2528 ut
509 2493 541 2529 ex
559 2481 666 2530 incertis
683 2480 839 2530 incertiores
857 2471 937 2529 etiani
955 2479 1058 2530 fiamus.
1093 2477 1159 2529 Illud
1182 2479 1296 2529 maxime
1315 2493 1382 2543 pro-

295 2561 383 2613 babile
406 2577 478 2612 nune
500 2563 565 2612 mibi
585 2563 705 2623 videtur,
729 2565 759 2612 ut
781 2576 843 2613 cum
860 2561 1061 2614 Walclenaerio
1085 2564 1104 2614 1.
1124 2576 1151 2627 p.
1170 2562 1228 2613 tot.
1254 2563 1287 2612 ad
1308 2564 1383 2612 initia

296 2644 357 2696 belli
374 2647 473 2697 Actiaci
490 2660 514 2696 a.
533 2660 560 2696 u.
580 2661 604 2697 c.
624 2647 839 2697 munerentur.
876 2649 1043 2711 Quamquam
1063 2648 1117 2698 tota
1135 2648 1255 2711 quaestio
1272 2646 1383 2696 indubi-

295 2732 348 2779 nn
364 2731 466 2781 ratione
483 2744 621 2794 nunquam
632 2730 736 2780 definiri
753 2732 859 2795 poterit,
878 2732 939 2795 qula
956 2730 1019 2783 nibil
1030 2744 1141 2796 prorsus
1158 2732 1184 2781 in
1196 2731 1248 2780 boc
1260 2731 1382 2782 carmine

295 2815 378 2874 inest,
397 2814 469 2878 quod
486 2815 573 2865 certas
590 2828 720 2879 personas
737 2829 768 2865 ac
785 2817 906 2879 tempora
925 2814 995 2866 clare
1013 2818 1140 2878 cerisque
1158 2814 1300 2877 significet:
1320 2817 1383 2864 ete-

293 2899 350 2948 nim
367 2911 454 2962 aequo
471 2898 527 2948 lere
544 2899 601 2948 iuro
619 2899 654 2948 ad
670 2911 765 2949 omnes
783 2898 840 2955 illas
857 2896 949 2950 turbas
967 2898 1057 2950 civiles
1075 2901 1137 2963 post
1147 2911 1263 2962 pugnam
1280 2897 1383 2962 Philip-

294 2995 408 3047 pensem
424 2995 510 3046 usque
528 2982 562 3033 ad
579 2981 724 3033 stabilinum
742 2984 875 3034 Octaviani
892 2983 1071 3047 principatum
1088 2983 1181 3032 reterri
1205 2983 1293 3032 omnia
1314 2996 1382 3046 pos-

294 3068 364 3116 sunt.
400 3065 494 3116 Forma
512 3067 590 3129 igitur
606 3068 686 3118 totius
703 3069 828 3118 conuiuis
840 3067 1039 3131 imaginumque
1052 3067 1214 3131 praestantia
1231 3067 1315 3129 magis
1332 3080 1381 3116 re-

294 3149 431 3215 spicienda
452 3152 494 3200 est
515 3164 597 3214 quam
619 3153 807 3215 argumentum
823 3149 929 3215 aliquod
947 3151 1103 3201 historicum
1119 3152 1163 3200 vix
1181 3149 1378 3201 extricandum.

359 3235 485 3285 Ceterum
502 3235 683 3298 antiquissima
700 3237 742 3286 est
758 3236 921 3298 comparatio
938 3235 977 3284 rei
995 3233 1116 3298 publicae
1129 3249 1191 3286 cum
1208 3235 1267 3285 navi
1280 3237 1307 3284 et
1318 3233 1380 3283 bel-

293 3315 381 3368 lorum
397 3331 460 3368 eum
477 3318 609 3383 procellis.
644 3317 793 3369 Archilocb.
812 3319 855 3369 Fr.
873 3317 914 3370 ts.
933 3319 1018 3382 Bergk
1035 3333 1062 3384 p.
1078 3317 1141 3369 lii:
1165 3314 1287 3378 Γλαῦκ’,
1311 3310 1379 3387 ὅρα,

292 3397 389 3465 βαθὺς
404 3397 459 3473 γὰρ
475 3395 532 3468 ἤδη
548 3400 676 3467 κιλμσσιν
692 3397 870 3472 ταράσσεται
885 3397 1013 3465 Πόντος,
1034 3395 1112 3466 ἀμφὶ
1128 3399 1152 3451 δ’
1170 3395 1247 3473 ἄκρα
1264 3401 1379 3472 Γυρέων

293 3480 384 3557 ὀρθὸν
402 3486 516 3538 ἵσταται
532 3489 636 3550 νέφος,
654 3481 742 3552 Σῆμα
752 3482 904 3552 χειμῶνος·
917 3483 1029 3548 κιχάνει
1040 3484 1063 3536 δ’
1076 3483 1107 3550 ἐξ
1119 3479 1257 3552 ἀελπτίης
1267 3481 1376 3548 φόβος.

292 3569 417 3632 Aeschyl.
442 3573 467 3621 S.
491 3572 552 3623 adv.
577 3573 624 3622 lb.
649 3574 679 3622 t:
707 3567 827 3636 Κάδμον
854 3569 982 3632 πολῖται,
1008 3565 1065 3642 χρὴ
1090 3568 1181 3637 λέγειν
1205 3566 1242 3620 τὰ
1267 3571 1377 3639 καίρια,

288 3644 388 3714 Ὅστις
404 3651 549 3713 φυλάσσει
565 3652 675 3726 πρᾶγος
690 3655 721 3706 ἐν
739 3651 853 3727 πρύμνῃ
865 3651 984 3716 πόλεως,
1003 3652 1096 3704 Οἴακα
1111 3651 1225 3720 νωμῶν,
1243 3652 1378 3724 βλέφαρα

292 3731 336 3801 μὴ
352 3734 464 3802 κοιμῶν
480 3730 569 3804 ὕπνῳ.
603 3740 719 3803 Theogu.
734 3740 791 3789 67⁴.
804 3739 902 3790 balb:
922 3731 1034 3790 Οὕνεκα
1050 3736 1102 3789 νῦν
1119 3735 1291 3809 φερόμεσιλα
1311 3737 1379 3788 καθ’

294 3821 372 3871 ἱστία
388 3815 476 3871 λεοκὰ
493 3817 631 3883 βσλόντες
647 3821 759 3889 Μηλίου
782 3821 815 3874 ἐκ
837 3819 944 3874 πόντον
961 3819 1053 3874 νύκτα
1068 3819 1116 3874 διὰ
1132 3820 1285 3895 δνοφερήν·
1316 3815 1378 3872 Ἀν-

292 3902 368 3955 τλεῑν
383 3900 407 3953 δ’
426 3897 481 3954 οὐκ
497 3903 655 3956 ἐθέλουσιν·
676 3902 846 3978 ὑπερβάλλει
862 3905 893 3958 δὲ
909 3903 1047 3958 θάλασσα
1060 3901 1242 3978 Ἀμφοτέρων
1259 3907 1376 3966 τοίχων·

293 3981 411 4054 ἤμάλα
426 4003 469 4052 τις
485 3986 617 4052 χαλεπῶς
632 3986 765 4052 Σώζεται,
784 3986 821 4041 οἷ’
846 3985 972 4063 ἔρδουσι.
1007 3987 1193 4061 Κοβερνήτην
1215 3990 1269 4057 μὲν
1286 3985 1377 4042 ἔπασ-

293 4089 350 4123 σαν
364 4069 500 4135 Ἕσθλόν,
518 4065 579 4137 ὅτις
595 4069 730 4139 φυλακήν
748 4069 824 4134 εἶχεν
841 4073 1045 4141 ἐπισταμένως.
1075 4074 1149 4126 Plato
1166 4075 1241 4126 Polit.
1260 4076 1317 4125 302.
1331 4077 1375 4126 Α.;

294 4156 404 4208 Πολλοὶ
419 4156 474 4224 μεν
490 4154 588 4220 πόλεις
604 4157 696 4209 ἐνίοτε
712 4158 762 4208 καὶ
779 4154 910 4230 καθάπερ
927 4159 1014 4211 πλοῖα
1025 4155 1227 4224 καταδυόμενα
1242 4155 1377 4210 διόλλσν-

294 4256 342 4294 ται
358 4243 407 4294 καλ
424 4238 578 4296 διολώλασι
595 4241 645 4294 καὶ
660 4236 703 4293 ἔτι
719 4239 883 4294 διολοῦνται
899 4242 958 4294 κτλ.
993 4243 1119 4308 Polybius
1137 4244 1162 4304 6,
1176 4242 1215 4295 tt.
1229 4243 1378 4294 Athenien-
