2934 4884
449 382 508 431 ils.
529 381 569 429 lV.
606 382 635 429 C.
654 380 706 429 itii.

213 1001 278 1063 lam
301 998 386 1063 veris
408 998 558 1073 comites,
582 1019 667 1085 quae
692 1020 781 1064 mere
803 1009 999 1086 temperant,

147 1178 203 1227 llll.
223 1179 305 1227 lnscr.
323 1174 392 1238 volg.
419 1175 457 1225 Ad
476 1174 614 1239 Virpitiren.
645 1202 671 1211 -
702 1178 771 1226 Veris
794 1177 927 1239 descriptio
951 1178 986 1227 cd
1008 1178 1140 1243 Virpittem

113 1252 163 1301 BS.
185 1276 214 1287 -
242 1250 280 1300 lc
300 1248 430 1313 Virgilium
447 1249 558 1310 loquitur
575 1252 699 1311 cumdum
714 1254 912 1315 σσσιρισυσυοσίουσ
927 1251 955 1303 b.
976 1280 1003 1289 —
1030 1255 1068 1306 Ad
1087 1258 1141 1306 Vir-

111 1328 208 1391 gilium
224 1324 405 1389 negotiatorem
422 1323 537 1374 Oberlini
555 1326 583 1375 li.
605 1352 631 1361 —
651 1326 708 1375 Om.
729 1326 756 1375 Τ.

147 1484 204 1534 Xll.
234 1482 275 1533 Ad
303 1494 332 1532 se
357 1480 492 1545 Virgilium
521 1482 609 1532 iocose
650 1482 782 1547 Virpittom
796 1485 993 1547 rapientem
1007 1484 1051 1536 vel
1071 1500 1172 1538 mm.

81 1558 176 1607 invitet
194 1570 225 1607 ee
244 1554 413 1616 condicione,
439 1555 469 1605 ut
484 1557 611 1620 unguenti
647 1556 986 1621 toronvelnegotiotorem,
998 1561 1172 1627 petiteepnr-

82 1632 220 1694 onychem
239 1630 315 1693 quasi
332 1628 390 1679 cedi
408 1628 612 1715 mepcedemei-
648 1632 695 1680 tim
717 1632 847 1681 excordi
873 1630 916 1682 illo
939 1634 1045 1696 mmche,
1074 1637 1171 1698 partim

82 1707 165 1763 teret;
198 1716 267 1767 quse
294 1702 415 1753 condicio
443 1716 464 1753 ει
491 1702 609 1767 pleceet,
648 1716 681 1755 ex
708 1706 789 1755 dudio
822 1706 894 1755 ίουσί.
945 1708 1095 1771 Speciosior
1121 1708 1171 1759 elia

83 1781 174 1829 stetim
193 1779 283 1828 missis
300 1777 437 1838 omnibus,
458 1790 529 1840 quoe
546 1790 611 1827 con·
648 1782 676 1828 et
697 1778 810 1830 tortasse
830 1793 863 1830 ex
885 1783 1000 1845 antiquis
1016 1784 1174 1847 interpreti-

82 1854 184 1903 vivium
203 1852 336 1902 moratura
349 1852 413 1911 sint,
433 1850 553 1911 advolet,
566 1850 613 1901 ed·
647 1853 699 1903 bus
716 1854 875 1918 desumpto:
893 1856 928 1904 od
946 1857 1077 1919 Virgitimn
1092 1860 1174 1907 medi-

84 1929 174 1985 iectis‚
196 1926 312 1989 queeed
329 1927 381 1976 hoc
398 1923 548 1989 impellent,
567 1938 612 1975 er-
647 1940 704 1977 com
719 1930 857 1977 Neronmn.
886 1928 948 1991 (Cir.
965 1930 1068 1980 Weber
1085 1932 1173 1981 Horou

83 2001 232 2063 gumentis,
260 2012 275 2049 e
292 2000 403 2049 sicciore
425 2000 485 2050 enni
506 2002 612 2063 tempe·
647 2014 707 2065 psg.
721 1999 790 2062 23⁴.)
808 2003 915 2050 Poternt
930 2004 1021 2052 eutem
1037 2016 1099 2052 esse
1112 2005 1173 2053 Vir-

83 2078 151 2125 stete
163 2076 291 2137 vitaeque
309 2072 439 2124 brevitate
452 2073 609 2137 desumptis.
648 2073 700 2138 gilii
717 2075 832 2123 Maronis
857 2077 987 2137 cognatus
1010 2075 1106 2139 uliquis
1129 2076 1173 2127 vel

84 2152 139 2199 lem
158 2161 223 2199 cum
241 2147 386 2212 probabilis
397 2148 432 2197 sit
448 2160 541 2197 eorum
553 2149 612 2211 opi·
648 2147 743 2208 cliens,
761 2150 867 2210 poteret
880 2160 941 2198 esse
958 2161 1043 2213 nepos
1060 2150 1172 2201 tortasse

83 2225 135 2284 nio,
155 2223 306 2287 quiomnie
321 2222 400 2272 huius
416 2219 476 2271 libri
493 2222 611 2271 carmine
649 2224 677 2273 C.
704 2220 804 2283 Virgilii
832 2236 854 2273 s.
882 2221 989 2285 Vergilii
1021 2225 1170 2286 praetoris,

85 2299 145 2348 inde
158 2297 195 2347 ab
208 2310 233 2346 υ.
244 2310 272 2346 u.
282 2309 306 2347 c.
320 2296 378 2346 736.
391 2296 538 2359 composite
550 2308 611 2345 esse
649 2297 785 2347 Ciceronis
802 2297 889 2346 enrici.
909 2297 986 2355 Quod
1002 2297 1113 2361 quidem
1123 2312 1173 2350 nos

85 2374 200 2423 censent
234 2372 299 2433 [hoc
320 2384 335 2419 e
356 2370 501 2419 llirchnero
527 2370 612 2419 reier-
648 2370 728 2429 latet;
747 2370 799 2419 hoc
815 2382 899 2420 unum
916 2372 1021 2420 certum
1038 2374 1091 2433 est,
1109 2377 1174 2435 poli-

85 2449 126 2495 tur
147 2446 184 2496 ed
207 2458 231 2494 υ.
250 2444 325 2505 ito..
353 2458 367 2495 n
386 2444 554 2494 Grotetendio
578 2444 612 2494 ad
649 2448 703 2494 tem
720 2445 760 2493 sic
777 2444 812 2493 ed
823 2444 1050 2508 compotationem
1067 2446 1173 2496 invitari

85 2533 187 2570 annum
201 2520 281 2581 iss),
300 2517 342 2568 vel
354 2520 496 2583 propterea
513 2532 565 2567 non
577 2518 612 2567 ed
649 2530 786 2581 nunquam
802 2519 922 2582 potuisse
939 2518 974 2567 eb
987 2520 1094 2570 Horatio
1111 2533 1171 2571 suo.

86 2593 225 2658 Virgilium
252 2594 387 2644 lieronem
414 2594 521 2657 po'etem
549 2594 614 2642 scri·
648 2595 678 2643 ln
695 2591 793 2642 eedem
803 2595 845 2643 est
856 2592 988 2643 sententie
999 2593 1135 2645 Weberus
1146 2600 1174 2646 et

85 2670 161 2731 ptum
181 2680 243 2718 esse
254 2670 355 2731 potest,
375 2668 474 2731 quippe
485 2668 531 2731 qui
543 2680 614 2716 mor·
649 2668 725 2717 Estre
742 2668 806 2717 Hor.
819 2670 860 2717 Pr.
873 2680 932 2730 peg.
946 2666 1003 2718 l55.
1040 2669 1099 2730 (Qui
1108 2683 1174 2721 vero

86 2746 140 2793 tem
158 2741 259 2792 obierit
274 2754 298 2790 υ.
317 2756 344 2791 u.
358 2755 381 2791 c.
395 2741 452 2790 735.
471 2743 612 2791 Praeterea
649 2742 683 2791 de
708 2741 815 2805 Virgilio
848 2745 926 2805 poete
956 2746 1108 2807 exponunt,
1144 2748 1175 2796 ut

86 2820 166 2879 poeta
196 2815 331 2878 quomodo
359 2814 410 2866 sub
435 2816 505 2865 vitae
530 2816 612 2867 linem
649 2828 736 2881 nuper
752 2816 937 2879 Dillenburger
953 2830 1013 2882 peg.
1035 2817 1095 2880 9l..
1121 2820 1175 2869 hoc

88 2890 139 2941 dici
150 2891 272 2956 potuerit
281 2892 399 2939 imorum
409 2890 529 2939 nobilium
539 2892 614 2941 cliens
650 2904 759 2941 carmen
785 2892 898 2943 fortusse
924 2893 976 2941 inm
1001 2907 1026 2942 u.
1048 2893 1105 2944 iti.
1131 2893 1176 2945 vel

87 2965 194 3016 difficile
207 2963 537 3027 estproiectointellectu,
551 2978 611 3015 cum
650 2965 707 3013 745.
734 2966 913 3028 compositum
939 2968 1030 3017 nescio
1058 2981 1112 3031 quo
1129 2970 1176 3019 eut

87 3040 198 3103 Augusti
223 3040 305 3103 ipsius
332 3042 359 3088 et
386 3040 473 3088 livine
498 3040 612 3089 amicitie
650 3035 1172 3103 oonsilioentcmudomumpostadeo.

87 3115 227 3173 uteretur,
247 3126 300 3163 non
312 3113 420 3175 Augusti
432 3113 613 3176 privignorum
651 3111 753 3161 editum
764 3123 825 3161 esse
837 3114 1013 3173 contendunt,
1034 3115 1107 3178 quod
1119 3118 1176 3179 qui—

87 3187 128 3238 rel
161 3190 292 3251 nepotum
324 3188 415 3236 nescio
444 3188 485 3237 cui
515 3186 612 3237 tutelae
650 3185 714 3234 dem
730 3196 827 3248 perum
844 3188 887 3234 est
903 3186 960 3234 veri
976 3186 1081 3248 simile.)

87 3274 147 3313 sese
166 3260 336 3324 applicasset.
363 3261 464 3311 Deinde
477 3260 613 3323 quomodo
684 3260 725 3307 l·
736 3256 760 3309 i.
778 3258 845 3307 neris
853 3258 961 3322 comites]
979 3260 1038 3309 Non
1054 3260 1174 3324 zephyri,

88 3336 128 3387 vel
150 3334 316 3387 ludibundus
339 3336 448 3385 studium
470 3336 534 3385 lueri
551 3339 615 3397 poe·
651 3335 680 3383 ut
696 3331 806 3396 quidam
822 3332 978 3393 voluerunt,
1003 3334 1053 3383 sed
1076 3334 1176 3397 aquilo-

35 3402 37 3407 ’
88 3414 129 3460 tee
148 3408 270 3459 tribuere
288 3410 414 3472 poteret?
442 3408 613 3472 quiquidem
652 3420 708 3457 nes.
748 3406 936 3457 Pseuderistot.
963 3406 997 3456 de
1019 3408 1118 3458 Mundo
1141 3407 1173 3458 l:

87 3485 182 3544 iocus,
201 3484 231 3531 ut
241 3483 329 3532 iocum
341 3495 402 3533 esse
414 3482 569 3545 largiemur.
588 3483 614 3531 in
653 3481 683 3529 oi
699 3478 730 3531 δὲ
747 3474 890 3549 Ὀρνιυίοι
907 3477 1083 3545 καλούμενοι
1097 3481 1176 3553 ἐαρι-

88 3556 169 3608 telem
190 3557 278 3607 virum
300 3557 384 3607 iectus
405 3570 487 3608 sensu
504 3569 615 3621 prorsus
653 3556 699 3605 vot
726 3569 801 3617 τινες
834 3549 916 3618 ὄντες
940 3548 1045 3620 ἄνεμοι
1074 3555 1177 3627 βορέαι

89 3632 223 3680 caruisset
251 3644 339 3693 neque
372 3631 497 3695 cuiquem
531 3630 615 3681 risum
653 3630 709 3679 etot
725 3624 766 3695 τῷ
783 3630 865 3695 γένει.
902 3629 1004 3681 Colum.
1025 3631 1112 3693 tos,
1126 3633 1175 3681 it:

89 3706 227 3755 movisset.
259 3704 346 3754 «Nihil
363 3704 479 3768 denique
497 3705 541 3754 hic
558 3706 614 3753 esto
651 3705 719 3754 uenti
729 3706 1178 3768 eponmouaos,0mo1aoper

89 3780 173 3841 trente
191 3779 278 3842 inquit
294 3780 452 3841 Gesnerus),
474 3778 560 3841 uquod
578 3781 616 3827 te-
653 3781 704 3829 dies
719 3780 794 3830 XXX.
813 3792 863 3830 osse
878 3780 973 3839 solem
991 3780 1178 3830 ιοσσυσίσίσυσσσ-

89 3852 142 3903 lem
161 3854 246 3917 spiret
269 3854 428 3914 amicitiem,
456 3851 526 3917 quali
550 3865 617 3903 con·
653 3856 684 3905 do
701 3856 810 3904 adserit
826 3883 854 3890 -
872 3856 1019 3917 ίυσσσρυνοσσσ]
1038 3853 1179 3917 «tranquil-

90 3928 196 3977 innctus
221 3940 283 3976 cum
301 3928 409 3979 itarono
428 3927 537 3978 Flaccus
559 3928 614 3987 tuit,
653 3928 735 3979 lunt.»
761 3930 846 3980 Coun.
865 3930 963 3987 (ἴσους
994 3928 1120 3989 «iaciunt,
1149 3931 1179 3978 nt

90 4002 197 4063 quodve
216 4002 299 4064 megis
316 4002 350 4051 ed
368 4004 477 4065 politam
488 4014 569 4066 quem
582 4001 617 4051 ad
653 4002 784 4067 placidius
801 4004 835 4053 sit
851 4016 926 4053 mure
943 4014 1026 4064 quum
1041 4015 1092 4066 per
1108 4003 1178 4052 wm-

91 4076 214 4137 qnemvis
226 4075 306 4125 elium
315 4076 414 4127 lloretii
426 4074 546 4126 sodalem
558 4088 617 4139 per·
654 4091 704 4142 pus
716 4076 859 4128 hibernum
871 4077 893 4136 ii·
915 4090 984 4140 quse
996 4077 1178 4140 interpretatio

90 4150 199 4199 tinent.»
220 4174 246 4185 —
278 4150 411 4200 Ridiculae
430 4151 538 4214 quidem
555 4154 617 4201 sunt
655 4153 805 4216 optior-est,
824 4153 965 4215 propterea
984 4151 1057 4214 quod
1068 4151 1096 4201 hi
1106 4152 1178 4202 venti

92 4223 177 4274 Codd.
198 4226 225 4275 et
246 4224 332 4275 Schol.
355 4226 559 4290 inscriptiones:
584 4226 617 4275 ad
654 4225 839 4290 navigantibus
850 4224 961 4277 secundi
973 4227 1048 4289 sunt,
1066 4227 1096 4277 ut
1105 4228 1180 4291 petet
