2934 4884
665 376 794 429 nouerit
812 376 981 429 CARMINIJM

619 534 764 601 Dedecet
786 532 831 598 uti

449 693 603 767 Vocibus,
628 713 764 778 regnum
786 701 818 757 et
840 690 991 756 diadema
1013 698 1116 754 tutum

448 814 604 880 Deierens
625 813 681 878 uni
703 812 934 899 propriamque
957 809 1099 883 laurum,

446 936 601 1021 Quisquis
623 934 770 1021 ingentes
795 932 891 999 oculo
915 933 1068 998 inretorto

616 1055 747 1142 Spectat
770 1073 915 1121 acervos.

340 1238 381 1287 23.
401 1237 507 1300 inperitia
523 1236 568 1285 Bc.
591 1262 618 1270 —
638 1236 758 1283 inretorto
776 1232 860 1283 Codd.
881 1235 948 1293 mei,
969 1234 1048 1283 etiem
1067 1233 1096 1282 d:
1117 1235 1234 1283 irretorto
1253 1236 1299 1285 itt.

274 1396 369 1455 docet,
395 1394 477 1457 idque
499 1394 628 1443 iudicium
649 1392 800 1443 attendem
836 1404 885 1442 vos
903 1393 1074 1455 respecturos
1091 1391 1160 1441 toret
1177 1404 1277 1455 eosque
1297 1392 1366 1456 iegi-

274 1470 387 1520 missum
407 1468 499 1528 faciet,
524 1466 644 1517 suadet.»
681 1466 799 1529 (Etenim
837 1467 901 1515 timo
918 1466 1068 1531 possessori
1086 1466 1241 1516 invideret.»
1265 1470 1366 1519 «Grae-

273 1542 317 1593 hic
348 1555 455 1606 quoque
484 1542 583 1591 meoet
606 1552 683 1591 suam
699 1540 800 1603 signifi-
837 1552 931 1589 eorum
957 1542 998 1589 est
1019 1532 1238 1610 ἀμεταστρεπτί.
1275 1540 1365 1604 (Plato

273 1618 407 1667 cntionem
421 1618 519 1666 retinet
531 1628 581 1665 nec
592 1613 747 1679 simpliciter
758 1618 800 1667 est
836 1612 871 1663 de
899 1614 977 1677 Legg.
1008 1613 1037 1675 9,
1067 1613 1124 1666 ost.
1152 1616 1196 1665 C.:
1226 1610 1278 1679 τὰς
1305 1614 1365 1667 τῶν

273 1690 364 1752 docet.)
404 1689 555 1739 Recordare
584 1689 628 1738 hie
652 1686 715 1738 iilud
742 1692 799 1740 tte-
836 1686 933 1739 κακῶν
957 1684 1113 1751 ξυνουσίας
1137 1686 1227 1756 φεῦγε
1254 1684 1365 1755 ἀμετα-

273 1762 368 1815 nandri
392 1763 464 1827 apud
488 1762 554 1813 Piut.
579 1762 613 1811 de
638 1762 700 1812 aud.
724 1767 796 1827 poet.
835 1762 973 1833 στρεπτί.)
991 1762 1129 1813 Efficacior
1150 1766 1240 1815 autem
1257 1769 1285 1815 et
1304 1768 1365 1817 evi-

272 1852 299 1902 p.
327 1838 367 1887 93.
389 1838 488 1900 wyte:
510 1830 607 1896 Ἒχων
632 1835 663 1887 di
688 1834 798 1903 πολλὴν
835 1838 940 1888 dentinr
960 1838 1122 1900 estimatio,
1147 1852 1228 1902 σοαπ]
1249 1840 1365 1903 praebet

273 1905 378 1963 οὐσίαν
389 1912 440 1960 καλ
450 1907 591 1973 πλούσιος
601 1909 730 1975 Καλοῦμ’
740 1907 797 1963 ὑπὸ
834 1913 920 1963 mulin
930 1912 1073 1973 inretortns,
1087 1926 1180 1975 quem:
1196 1928 1264 1963 «non
1277 1916 1365 1965 trans-

272 1982 399 2047 πάντων,
417 1982 561 2055 μακάριος
572 1984 596 2035 d'
608 1981 656 2037 ὑπ’
668 1982 795 2049 οὐδενός.
834 1999 941 2049 versus,
955 2000 1009 2037 non
1020 1985 1125 2036 limus.»
1146 1987 1261 2049 (ioculo,
1278 2001 1363 2051 quem

305 2061 347 2111 et.
369 2062 479 2126 Vneibin]
496 2062 616 2124 Thucyd.
630 2063 659 2121 ³,
677 2062 724 2113 82:
744 2058 798 2128 τὴν
835 2074 888 2110 non
905 2062 1063 2124 retorquent
1080 2060 1107 2111 in
1124 2073 1154 2111 se
1173 2060 1285 2125 (Quintil.
1306 2064 1363 2113 De—

272 2136 408 2187 etodntav
431 2130 553 2199 ἀξίωσιν
569 2134 626 2186 τῶν
644 2131 798 2202 ὀνομάτων
835 2134 912 2185 clam.
931 2134 960 2196 8,
979 2134 1024 2197 8.),
1044 2148 1098 2185 non
1116 2138 1223 2199 captum
1235 2138 1311 2199 quasi
1328 2150 1361 2187 ae

271 2208 303 2273 ἐς
317 2206 355 2260 τὰ
365 2204 435 2281 ἔργα
445 2204 628 2275 ἀπήλλαξαν
637 2208 673 2282 τῇ
685 2209 799 2262 δικαιώ-
836 2208 919 2259 fixum
936 2210 1028 2259 tenent
1044 2210 1159 2259 acervi.»
1178 2210 1281 2271 necet.)
1310 2212 1362 2271 Qui

272 2298 326 2335 σει.
346 2284 397 2335 Sel,
412 2284 487 2336 Catil.
500 2287 547 2335 52:
566 2286 799 2347 iampridem-nos
835 2284 874 2333 sic
903 2280 1045 2345 explicant:
1080 2284 1213 2348 inretorto]
1244 2284 1360 2346 «drino,

270 2372 333 2408 vera
348 2372 435 2408 rernm
450 2359 573 2409 voeabula
592 2360 729 2410 emisimus.
834 2358 922 2417 recto,
941 2350 1038 2419 ἀτενὲς
1050 2355 1211 2419 βλέποντι»,
1231 2360 1362 2409 nonsatis

304 2434 346 2483 22.
363 2434 546 2495 propriorque
562 2435 672 2499 tannen]
696 2437 726 2484 ut
743 2436 795 2485 Sat.
834 2432 982 2494 cogitarunt
993 2432 1139 2483 admodum
1148 2432 1286 2483 ridiculam
1297 2447 1361 2485 esse

270 2508 296 2566 λ,
309 2506 337 2568 6,
356 2509 385 2557 tt:
400 2509 511 2569 propria
520 2522 634 2558 munere.
659 2508 798 2559 Declama-
833 2507 959 2569 sapientis
985 2508 1116 2557 eiusmodi
1142 2507 1224 2558 oeulis
1251 2509 1362 2558 thesau-

271 2582 314 2629 tnr
329 2582 392 2643 post
408 2580 466 2630 red.
478 2582 575 2632 insen.
590 2582 614 2645 5.
626 2583 683 2633 io:
701 2584 797 2633 aiittnd
833 2592 878 2631 ros
896 2581 953 2631 sine
971 2579 1023 2631 ulla
1041 2583 1131 2632 tamen
1144 2582 1287 2645 cupiditate
1298 2596 1363 2647 spe-

270 2667 428 2717 --perenne
445 2669 476 2705 σα
490 2657 624 2718 propritim
639 2670 797 2719 nraneropo-
833 2655 927 2705 cientis
944 2656 1096 2719 imaginem.
1132 2655 1363 2707 SimiliterntHo-

269 2728 362 2777 maaet.
381 2729 451 2791 virg.
471 2731 536 2780 Aen.
556 2730 584 2790 3,
603 2732 650 2780 st:
674 2732 718 2781 Da
730 2745 796 2793 pro—
832 2730 915 2779 ratius
940 2730 1067 2791 synesius
1093 2730 1126 2781 de
1152 2732 1241 2794 Regno
1265 2745 1291 2795 p.
1315 2731 1358 2783 tt.

266 2802 369 2864 nrtnn,
398 2804 561 2865 λλιυαυνσυα,
588 2806 689 2854 dominn
705 2832 719 2843 -
737 2832 751 2843 -
773 2810 797 2855 et
832 2802 1361 2868 Krebing.,uterqueioitasseenGraeeo

268 2889 419 2925 mensnram
433 2878 528 2928 orbem.
564 2880 611 2929 Est
625 2892 701 2941 ergo:
722 2879 796 2931 «iau-
833 2875 904 2926 toute
917 2878 1073 2941 antiquiore,
1094 2880 1127 2929 de
1140 2880 1247 2931 homine
1260 2882 1360 2933 iniusto

269 2963 329 3000 rum
347 2953 732 3014 manentematquocertsmn3
753 2968 797 3004 eo-
832 2950 912 3013 atque
929 2964 1022 3002 avere:
1050 2948 1105 3003 οὐκ
1121 2950 1200 3017 εἰκός
1216 2969 1249 3021 γε
1266 2949 1360 3005 αὐτὸν

269 3036 351 3073 ronne
372 3027 461 3075 autem
485 3023 591 3075 laureae
616 3040 710 3089 regum
729 3028 795 3079 insi·
831 3020 1174 3099 διαράμενονβλοσυροῖς
1186 3024 1361 3095 ὀφθαλμοῖς

269 3098 337 3159 guia.
372 3100 428 3149 iam
445 3100 595 3150 Stoicorum
616 3103 672 3151 erat
688 3105 796 3153 senten·
831 3093 1007 3165 ἀντιβλέψαι
1033 3106 1157 3173 χρυσίῳ·
1186 3100 1360 3157 τούναντίον

269 3172 305 3221 tia
331 3185 425 3235 regem
450 3186 510 3225 esse
536 3188 620 3225 unum
645 3177 795 3239 sapientem
831 3175 886 3241 μὲν
908 3174 1079 3242 αἰδεσθῆναι
1101 3194 1133 3229 τε
1155 3180 1205 3229 καλ
1223 3178 1361 3232 ἐνδοῦναι

269 3244 343 3296 ilium
359 3247 518 3310 perfeetum,
537 3262 619 3312 quem
636 3251 725 3301 animo
744 3251 794 3301 sibi
831 3250 882 3300 καὶ
914 3250 1087 3303 τελευτῶντα
1115 3250 1356 3325 περιπτυξασθαι.

268 3319 449 3372 intermarant.
832 3324 885 3375 Cir.
905 3326 984 3377 etiem
997 3328 1102 3377 Lucien.
1116 3330 1209 3380 Piscat.
1224 3328 1270 3381 id:
1289 3342 1362 3400 τρο-

300 3395 342 3445 23.
361 3395 490 3461 inretorto]
511 3398 635 3461 «Sapiens
647 3398 716 3449 odeo
728 3412 796 3451 eon·
832 3398 1032 3471 regeneror
1049 3398 1205 3467 καὶδόξαν
1221 3404 1271 3454 καλ
1289 3400 1359 3469 ἡδο-

267 3470 363 3519 temnit
387 3470 543 3531 theseuros,
569 3485 657 3535 aequo
674 3476 703 3523 et
721 3476 795 3525 trau
831 3470 894 3540 νήν,
913 3470 947 3525 ὂν
958 3474 1012 3540 μὲν
1023 3469 1062 3526 ein
1073 3470 1168 3528 αὐτῶν
1180 3473 1360 3551 ἴδῃςῦαερο-

267 3541 349 3606 quilio
376 3544 465 3594 animo
494 3558 541 3595 eos
572 3548 738 3609 praeteriens
767 3552 795 3599 et
830 3546 925 3619 ρῶντα
951 3552 1001 3601 not
1027 3548 1171 3617 μηδαμῶς
1195 3550 1358 3618 ἑλκόμενον

267 3616 375 3678 ridens,
401 3620 432 3666 ut
452 3631 486 3669 ne
508 3621 667 3682 retorquere
683 3622 793 3685 quidem
831 3620 903 3695 πρὸς
926 3622 981 3691 τὴν
1007 3620 1093 3689 ὄψιν,
1120 3617 1208 3691 οὗτος
1232 3622 1309 3678 ἔστω
1336 3624 1356 3679 ὁ

268 3689 360 3740 oeulos
377 3691 414 3740 ed
429 3689 486 3742 illos
503 3695 583 3757 etque
602 3694 645 3744 vei
661 3710 712 3759 per
721 3699 793 3747 tam-
830 3697 869 3765 τῷ
886 3698 984 3767 θαλλῷ
1001 3697 1196 3767 στεφόμενος·
1223 3696 1258 3753 ὃν
1274 3701 1298 3751 d'
1317 3698 1358 3753 ἂν

267 3763 340 3823 poris
362 3767 492 3825 punctum
515 3780 563 3817 eos
585 3769 681 3821 intueri
698 3770 793 3834 digne-
828 3766 926 3837 ἀτενὲς
942 3768 1147 3835 ἀποβλέποντα
1163 3776 1213 3827 καὶ
1229 3772 1282 3843 τὴν
1293 3785 1359 3838 χει·-

268 3836 326 3894 tur‚
345 3848 408 3887 eum
424 3839 550 3892 incensus
567 3844 711 3907 eupiditate
727 3858 792 3895 eve·
829 3862 867 3918 pa
883 3842 1021 3920 ὀρέγοντα
1032 3850 1080 3901 dni
1090 3848 1125 3902 τὸ
1135 3853 1267 3923 χρυσίον,
1279 3849 1359 3905 ἀντά-

268 3921 314 3959 rus
331 3909 475 3964 identidem
492 3928 525 3967 ae
541 3917 586 3967 diu
604 3919 638 3969 nd
649 3921 707 3969 auri
718 3934 793 3971 acen-
829 3938 888 3988 γειν
898 3921 955 3995 χρὴ
973 3922 1020 3975 dni
1031 3922 1065 3975 τὸ
1077 3926 1243 3997 καυτήριον.

699 4132 921 4145 ⁸—-

699 4146 921 4157 ————
