2934 4884
562 362 622 410 tiu.
642 363 660 409 l.
697 365 725 408 tl.
747 363 796 411 XV.

493 629 861 689 Excllltslls

585 761 762 819 auc.xv.

196 893 252 941 llac
269 891 321 940 ode
339 891 529 954 Bacchylidem
544 893 677 950 imitatum
701 905 764 942 uam
789 893 819 943 ut
839 891 880 942 illa
899 893 1077 944 Cassandram
1095 894 1156 944 iacit
1172 909 1219 944 va-

129 975 235 1024 ticinari
256 975 343 1024 lutura
366 973 428 1025 balli
451 977 570 1038 Troiani,
595 977 629 1025 ita
652 977 695 1026 hic
719 979 844 1025 Nereum.
880 977 1004 1028 Punrurn.
1039 977 1106 1028 Nihil
1129 983 1219 1028 autem

128 1061 240 1121 praeter
256 1060 371 1109 vaticinii
389 1059 503 1110 formam
520 1073 664 1110 commune
682 1059 763 1110 fuisse
781 1061 890 1110 carmini
902 1059 1080 1122 Bacchylideo
1092 1073 1154 1112 cum
1165 1062 1220 1112 llo-

129 1143 234 1191 ratiauo
252 1142 435 1192 confitendum
452 1146 507 1203 est,
531 1145 554 1194 si
576 1146 667 1193 nmen
690 1141 759 1194 illius
781 1157 890 1208 parare
910 1157 974 1194 vera
992 1145 1039 1194 luit
1055 1145 1158 1206 Fragm.
1177 1145 1217 1194 τί).

128 1226 215 1288 Bergk
233 1241 260 1290 p.
279 1218 400 1276 8282'12
417 1224 512 1297 Τρῶες
526 1221 693 1298 Ἀρηίφιλοι,
712 1222 783 1288 Ζεδς
801 1221 965 1292 ὑψιμέδων,
985 1221 1019 1289 ὃς
1030 1217 1144 1276 ἅπαντα
1160 1226 1220 1298 δέρ

127 1323 226 1370 κεται,
245 1303 306 1360 Oria
323 1307 414 1372 αἴτιος
431 1309 550 1372 θνατοῖς
565 1307 698 1377 μεγάλων
715 1305 822 1371 ἀχέων·
842 1305 902 1360 ἀλλ’
921 1311 952 1363 ἐν
968 1313 1049 1378 μέσῳ
1066 1317 1157 1362 κεῖται
1174 1329 1218 1364 κι-

126 1399 191 1451 χεῖν
208 1390 308 1443 Πᾶσιν
324 1389 507 1464 ἀνθρώποισι
522 1393 613 1445 Δίκαν
630 1390 730 1458 ὁσίαν,
755 1391 861 1462 ἁγνὰν,
886 1390 1035 1461 Εὐνομίας
1055 1391 1219 1448 ἀκόλουθον

126 1478 175 1526 καλ
194 1474 319 1540 πινοτᾶς
336 1475 468 1542 Θέμιδος·
484 1471 607 1538 Ὀλβίων
624 1477 723 1542 παῖδές
739 1496 783 1530 νιν
801 1474 933 1550 εὑρόντες
951 1475 1097 1531 σύνοικον.
1119 1507 1146 1516 ·—
1167 1483 1219 1533 Ce-

126 1565 217 1612 terum
234 1563 323 1610 Nereo
342 1562 425 1625 (cuius
443 1575 543 1613 nomeu
561 1562 672 1613 ductum
690 1563 724 1612 ab
738 1564 789 1613 adi.
804 1561 907 1633 νηρός,
926 1561 1027 1634 ναρός,
1045 1565 1151 1630 (laidas,
1169 1565 1219 1615 ltu-

125 1648 221 1707 mimo,
239 1645 348 1709 proprie
365 1645 496 1708 significat
514 1647 704 1712 Worrannona)
721 1649 883 1698 vaticinandi
904 1651 995 1712 parles
1012 1663 1028 1700 a
1044 1651 1123 1713 po'cta
1141 1648 1218 1700 datae

126 1733 203 1790 sunt,
235 1731 368 1792 qnatenus
396 1730 596 1793 antiquissimus
623 1730 729 1782 habitus
759 1733 892 1782 estiatur
914 1730 979 1782 deos
1002 1733 1096 1792 maris,
1121 1731 1218 1795 quibus

126 1814 238 1864 omnino
260 1811 422 1862 vaticinandi
442 1813 564 1877 peritiam
586 1816 681 1877 poetae
703 1815 897 1877 attribuebant,
920 1815 1000 1866 veluti
1022 1817 1117 1866 Proteo
1140 1817 1215 1866 llom.

126 1897 175 1947 0d.
192 1895 226 1956 δ,
244 1895 302 1946 384.
322 1899 349 1946 et
369 1896 440 1960 virg.
459 1899 506 1946 Ge.
524 1896 553 1957 l,
571 1897 646 1957 ³87„
670 1896 768 1948 Glauco
792 1899 880 1962 Eurip.
906 1901 990 1950 Orest.
1014 1898 1077 1949 36l:
1101 1899 1218 1968 Νηρέως

126 1976 284 2052 προφήτης
299 1976 440 2042 Γλαῦκος.
459 1983 487 2029 et
503 1979 585 2043 apoll.
603 1982 664 2043 Arg.
683 1983 712 2041 t,
732 1982 809 2031 tuto:
832 1983 930 2033 Τοῖσιν
947 1980 978 2032 δὲ
1000 1980 1130 2045 Γλαῦκος
1147 1983 1217 2054 βρο-

126 2068 193 2130 χίης
219 2058 292 2126 ἁλὸς
316 2060 501 2128 ἐξεφαάνθη,
518 2060 637 2133 Νηρῆος
652 2064 746 2115 θείοιο
764 2062 979 2136 πολυφράδμων
991 2061 1153 2132 ὑποφήτης,
1174 2064 1217 2130 (ὃς

125 2145 301 2212 μαντεύεται
312 2144 407 2197 πάντα
418 2145 519 2210 φαῦλα
534 2147 605 2212 apud
622 2147 710 2198 Schol.
727 2147 792 2198 Plat.
804 2163 831 2213 p.
845 2149 902 2199 938.
938 2149 985 2200 Εδ.
999 2152 1118 2210 nostrae,
1140 2165 1218 2214 pror-

126 2247 172 2284 sus
188 2235 220 2282 ut
235 2233 281 2282 hic
298 2231 421 2295 Nereus.)
454 2231 529 2281 Adde
547 2231 581 2281 de
598 2233 651 2282 hoc
668 2232 720 2282 deo
733 2232 840 2282 Hesiod.
855 2231 952 2294 Theog.
966 2232 1023 2282 233.
1059 2231 1141 2296 Apoll.
1156 2235 1216 2297 Arg.

125 2316 149 2378 l,
162 2319 227 2366 itt:
247 2315 292 2367 ἑνί
308 2312 404 2382 πόντῳ
416 2313 533 2382 Αἰγαίῳ,
550 2313 617 2368 τόθι
635 2317 687 2387 πέρ
704 2329 735 2364 ιτ
752 2312 838 2380 δόμοι
851 2312 967 2386 Νηρῆος
986 2309 1076 2366 ἔασιν.
1112 2317 1218 2368 Dictum

126 2403 206 2451 huius
230 2395 330 2450 ἁλίοιο
346 2401 490 2470 γέροντος,
509 2414 541 2450 ex
559 2399 682 2463 Cyclico,
700 2401 731 2449 ut
747 2399 875 2460 arbitror,
894 2398 982 2466 aliquo
999 2403 1078 2464 poeta
1095 2401 1216 2464 petitum,

126 2487 262 2535 memorat
278 2483 351 2533 Piud.
369 2485 447 2546 tnta.
465 2484 493 2546 9,
512 2483 552 2534 at.
573 2512 601 2521 -
619 2485 839 2534 Vaticinationern
856 2487 947 2534 autem
964 2483 1025 2534 idco
1043 2484 1092 2534 diis
1110 2486 1217 2536 marinis

125 2569 252 2618 tribuisse
268 2569 394 2618 ridentur
413 2568 495 2631 prisci
515 2567 652 2630 homiues,
677 2569 758 2618 etiam
780 2569 903 2618 Germani
928 2568 1079 2632 (recordare
1098 2569 1217 2632 Virgines

126 2651 182 2702 illas
199 2651 342 2702 fluuiatiles
359 2652 385 2700 ia
401 2649 615 2714 Nibelungiada),
642 2653 703 2715 quia
721 2653 816 2701 nautae
835 2651 972 2703 cotidianis
989 2650 1115 2716 periculis
1132 2667 1217 2716 expo-

127 2737 181 2795 siti,
209 2733 313 2798 singula
337 2735 526 2798 tempestatum
551 2736 625 2798 signa
646 2737 745 2785 attente
769 2735 956 2796 observantes,
983 2735 1061 2786 undis
1082 2749 1114 2785 ac
1131 2737 1216 2787 ventis

127 2832 209 2870 voces
231 2819 335 2868 divinas
358 2821 385 2867 et
405 2818 481 2881 quasi
503 2817 610 2869 oracula
632 2819 793 2870 tribuebant.
819 2847 846 2856 -
867 2818 1030 2883 Singularem
1048 2822 1125 2870 Nerei
1146 2833 1216 2883 equo

128 2904 231 2952 amrino
248 2902 320 2951 vecti
336 2902 480 2966 imaginem
496 2901 608 2966 praebet
619 2904 738 2953 Gerhard
758 2907 898 2968 l'asenpem.
913 2906 941 2953 T.
955 2905 978 2954 8.
1009 2904 1083 2954 idem
1096 2902 1216 2962 Pelcum,

127 2985 269 3036 Thetidem
279 2985 346 3036 dum
357 2986 438 3050 rapit,
457 2987 576 3047 intuens,
598 3000 680 3036 senex
691 2985 796 3049 calvus,
814 2987 957 3048 barbatus,
976 2989 1123 3054 scipionem
1135 3001 1215 3037 mauu

129 3073 237 3131 wreus,
259 3071 300 3119 est
316 3068 388 3132 apud
405 3068 628 3119 Raoul-ltochette
645 3072 714 3120 Mon.
733 3072 799 3120 laad.
819 3072 837 3120 1.
851 3073 878 3122 T.
892 3073 917 3120 2.
940 3099 966 3106 -
986 3072 1057 3122 blera
1073 3075 1114 3121 cst
1125 3074 1215 3121 autem

129 3154 195 3204 baec
206 3154 359 3215 φαντασία
369 3151 466 3215 lyrica,
486 3167 518 3202 ex
530 3156 631 3204 Graeco
643 3153 731 3217 aliquo
744 3154 861 3204 carmine
875 3153 966 3214 ducla3
985 3155 1140 3217 neutiquam
1151 3167 1216 3203 vero

129 3236 253 3299 allegoria
273 3237 309 3286 de
330 3239 443 3287 Antonio
465 3239 492 3288 et
515 3237 668 3302 Cleopatra,
695 3243 725 3289 ut
750 3237 892 3288 arbitratus
916 3239 957 3287 est
979 3235 1123 3287 Scholiasta
1145 3236 1215 3299 apud

129 3320 322 3382 vanderbourg
344 3321 362 3370 l.
380 3335 406 3384 p.
426 3320 483 3371 334.
508 3321 642 3372 bandinus
663 3325 690 3372 et
709 3321 812 3372 Weber
832 3321 919 3370 Horas
939 3334 965 3384 p.
988 3320 1043 3368 iit.
1063 3331 1151 3381 neque
1167 3331 1216 3382 per

129 3403 208 3454 ullam
225 3403 352 3467 dilogiam
368 3405 395 3454 tu
412 3407 593 3456 transversum
606 3408 682 3456 actus
694 3405 830 3468 egregium
842 3404 894 3453 boc
907 3399 1046 3451 τῖδύλλιον
1057 3403 1214 3465 composuit.

129 3488 210 3548 Quid,
229 3487 304 3551 quod
323 3487 433 3538 amabat
452 3489 617 3551 huiusmodi,
645 3491 674 3538 ut
689 3490 726 3538 lta
743 3488 845 3548 dicam,
869 3487 985 3550 picturas
1007 3484 1214 3548 mytliologicas,

130 3575 157 3620 ut
172 3575 236 3622 sunt
253 3573 463 3636 llypermnestra
482 3573 513 3636 (3,
533 3573 583 3636 tl.)
603 3576 630 3623 et
646 3575 751 3637 Europa
770 3570 802 3636 (3,
821 3571 891 3633 ΗΥ)
912 3569 1051 3633 inquibus
1070 3569 1137 3620 nulla
1150 3585 1213 3620 sanc

130 3658 170 3705 est
185 3655 320 3719 allegoria.
336 3684 364 3692 -
384 3657 588 3722 compositionis
603 3659 709 3721 tempus
721 3655 824 3706 definiri
837 3669 890 3706 nou
901 3656 997 3718 potest.
1023 3654 1142 3706 Nonnulli
1154 3654 1216 3706 alle-

130 3740 230 3802 goriam
248 3738 319 3790 illam
336 3739 450 3804 amplexi
467 3740 586 3791 reiciunt
602 3741 638 3790 ad
653 3755 677 3790 a.
696 3754 723 3790 u.
743 3754 766 3790 c.
789 3739 845 3791 723.

556 3969 786 3993 π
