2934 4884
527 378 584 427 lna.
606 380 646 427 ΙΙΙ.
684 380 713 427 C.
735 380 775 428 vl.

462 886 851 949 timu*

256 1055 380 1122 Delicta
403 1054 564 1120 maiorum'
584 1055 763 1121 immeritus
785 1055 876 1129 lues,

255 1180 411 1250 Romane,
436 1176 541 1241 donec
566 1174 683 1262 templa
707 1177 860 1243 refeceris

154 1376 192 1423 l'l.
213 1376 298 1423 lusor.
317 1370 385 1435 volg.
420 1373 458 1421 Ad
475 1374 606 1421 dminunos.
630 1401 655 1407 -
674 1374 712 1423 Ad
725 1375 847 1435 popum
864 1376 1005 1425 Romanum
1022 1378 1089 1427 BST.
1113 1406 1138 1415 -

121 1448 156 1495 Ad
170 1448 310 1511 Asculum
328 1449 466 1497 llornonann
484 1446 510 1496 b.
533 1474 559 1483 -
579 1448 648 1497 lledit
665 1448 699 1496 od
715 1450 854 1511 Auqastmn
871 1464 895 1498 c.

122 1623 161 1672 v1.
191 1624 338 1685 Corruptos
356 1622 450 1671 aetatis
468 1634 532 1671 suae
551 1635 611 1671 mo·
649 1622 683 1672 ad
700 1636 807 1674 urorum
820 1626 998 1676 innocentiam
1010 1630 1037 1676 et
1047 1628 1174 1691 pietatem

92 1711 131 1746 res
148 1699 311 1759 conquestus
331 1698 420 1757 cives,
447 1696 527 1745 ulad
545 1697 610 1746 sim·
649 1698 766 1747 redituro
791 1700 838 1759 sit,
863 1698 937 1749 luere
964 1700 1071 1751 debeat.
1106 1701 1174 1752 Nihil

91 1770 179 1834 plicem
196 1785 228 1821 ac
246 1784 369 1821 severam
387 1772 517 1822 maiorum
530 1772 610 1823 disci·
649 1774 739 1821 nutem
756 1771 885 1824 infelicius
897 1788 1014 1838 unquam
1027 1775 1081 1825 vidi
1093 1789 1174 1840 quarn

90 1845 181 1907 pliuam
199 1844 326 1904 redeant,
346 1846 516 1905 exhortatum
541 1849 610 1897 tecle
648 1846 699 1894 ΗΡ.
719 1848 831 1897 coniect.
849 1849 970 1907 melitam
989 1851 1089 1899 etenim
1106 1850 1175 1900 inter

90 1920 234 1982 significans
260 1932 370 1970 omnem
393 1922 514 1970 Caesaris
532 1924 610 1971 Octa·
650 1920 1078 1983 Delictaetinenen'tuscallidem,
1091 1925 1174 1974 immo

91 1996 152 2043 siaul
170 2008 264 2044 curam
282 1995 309 2043 et
326 2006 435 2057 operam
454 1996 479 2044 iu
498 2008 530 2044 eo
553 1996 610 2060 ipso
648 1994 798 2056 egregiam,
817 2008 832 2043 a
849 1999 929 2058 poeta
946 1998 1095 2058 quaesitam
1112 2010 1174 2046 esse

91 2067 197 2117 defluam
224 2080 303 2127 esse,
340 2070 369 2117 ut
394 2068 491 2117 civium
520 2082 610 2119 mores
647 2060 795 2117 ἀντίθεσιν
811 2071 885 2118 recte
897 2070 1079 2131 significarunt
1089 2072 1175 2120 heh-

91 2142 270 2191 emendentur.
306 2142 374 2191 Cum
391 2142 434 2191 hic
452 2144 609 2192 Parthorum
649 2153 698 2189 uer
715 2143 742 2190 et
758 2139 944 2204 Dillenborger
960 2156 1020 2206 pag.
1038 2144 1079 2193 88.

90 2222 221 2279 nmquam
247 2216 379 2265 victorum
401 2213 609 2281 (νικησάντων)
680 2214 705 2263 2.
723 2214 841 2278 Bonane]
859 2216 944 2278 Saepe
960 2216 999 2265 sic
1017 2218 1105 2266 Livius
1124 2228 1174 2279 pro

91 2292 182 2341 alentio
195 2291 255 2349 liat,
274 2288 447 2354 probabiliter
459 2296 531 2341 certe
548 2296 609 2342 ante
648 2298 761 2337 numero
782 2286 884 2352 plurali.
922 2289 974 2338 Cir.
1002 2290 1083 2339 etiam
1101 2290 1171 2352 Virg.

90 2378 111 2411 a.
128 2379 152 2414 u.
172 2378 197 2415 c.
217 2364 274 2415 734.
298 2378 406 2415 carmen
431 2367 609 2429 compositum
647 2365 713 2411 Aen.
728 2362 752 2424 li,
771 2363 833 2412 852:
859 2362 894 2411 Ta
910 2376 997 2427 reqere
1010 2364 1116 2425 imperio
1128 2377 1175 2425 ρο-

90 2441 133 2487 est.
159 2440 191 2489 El
210 2452 273 2489 cum
290 2438 520 2489 iamsubinitium
537 2440 611 2503 prin-
644 2436 729 2499 polos,
748 2438 870 2498 Bonane,
886 2437 1171 2502 incruento-tempto]

90 2514 184 2575 cipalus
204 2514 362 2563 Octavianus
381 2514 503 2563 Caesaris
527 2514 609 2577 ipsius
650 2512 776 2573 renatam
792 2513 899 2577 proprie
911 2514 997 2563 omnis
1009 2512 1084 2562 locus
1095 2513 1174 2561 antea

90 2588 224 2637 consilium
242 2590 351 2637 secutus
370 2588 513 2649 cogitasset
536 2587 609 2649 leges
647 2586 791 2651 profanus,
810 2589 903 2650 postea
920 2588 1111 2649 nungardum
1129 2600 1174 2635 oe-

91 2662 165 2723 lene,
193 2662 293 2724 quibus
313 2660 432 2711 licentiae
454 2676 485 2711 ac
507 2661 608 2713 libidini
648 2662 701 2722 des,
737 2661 824 2711 omnis
855 2660 968 2710 deorum
996 2660 1102 2711 domus.
1138 2662 1171 2710 Μ.

91 2735 189 2786 ebriam
208 2736 303 2794 iretur,
334 2736 530 2799 sapientissimo
548 2736 610 2785 huic
647 2735 731 2784 Varro
750 2734 821 2799 apud
839 2733 902 2785 Geli.
922 2734 967 2795 ll,
981 2736 1011 2785 l:
1030 2748 1176 2784 nonomnes

91 2810 205 2869 consilio,
233 2810 307 2872 quod
325 2807 366 2859 ille
384 2809 483 2861 multos
500 2810 610 2861 demum
648 2810 720 2859 aedes
736 2823 824 2858 sacros
840 2810 1175 2871 tenptoesseoeneoedem

90 2887 143 2946 post
162 2898 248 2935 annos
268 2885 378 2946 exsequi
399 2886 501 2948 potuit,
530 2888 609 2949 poeta
648 2883 747 2943 quidm
768 2884 852 2932 Vestae
868 2884 987 2945 tenplum
1003 2897 1061 2933 esse.
1105 2884 1136 2933 ll.
1155 2882 1172 2931 l.

91 2960 158 3018 quasi
173 2956 303 3023 praelusit
324 2958 395 3008 circs
419 2971 443 3006 a.
461 2971 486 3008 u.
508 2972 531 3007 c.
551 2958 608 3008 726.
647 2956 812 3020 homonyma
824 2960 894 3007 sunt.
930 2959 980 3007 Per
997 2956 1066 3007 bella
1083 2960 1175 3007 autem

91 3032 156 3091 [lide
183 3033 285 3081 Franke
308 3032 377 3081 Fast.
405 3032 468 3081 lior.
497 3046 522 3095 p.
552 3032 608 3082 ⁴93.
647 3030 732 3080 civilia
750 3033 778 3081 et
794 3033 903 3095 propter
920 3030 1010 3081 clades
1033 3032 1174 3082 hominum

90 3108 113 3153 et
128 3105 314 3168 Dillenhurger
330 3118 357 3167 p.
371 3105 421 3168 88.)
449 3107 502 3155 Lex
519 3108 610 3156 aulem
648 3107 675 3154 et
700 3106 810 3167 propter
833 3106 964 3167 pecuniae
989 3104 1126 3177 deiectum
1148 3106 1174 3154 in

90 3178 145 3229 lulla
162 3181 197 3230 de
217 3178 355 3229 adulteriis
373 3176 425 3228 lata
446 3182 487 3229 est
503 3192 526 3229 a.
544 3193 571 3229 u.
585 3193 608 3229 c.
648 3180 704 3241 ipsa
730 3177 798 3227 urhe
821 3179 959 3239 magisque
983 3178 1063 3226 eliam
1081 3180 1107 3227 in
1124 3192 1174 3242 op-

90 3252 155 3312 lai..
175 3256 229 3304 Lex
248 3254 328 3316 Papia
341 3254 464 3317 Poppaea
476 3253 510 3302 de
529 3254 611 3303 mari-
647 3250 716 3315 pidis
728 3249 847 3313 neglecta
865 3250 969 3299 fueraut
981 3250 1088 3314 temple.
1112 3254 1175 3301 Pro

90 3328 168 3377 tundis
178 3326 318 3378 ordinibus
328 3326 438 3376 demum
447 3340 472 3376 a.
481 3340 507 3375 u.
516 3339 540 3375 e.
552 3328 608 3376 762.
647 3328 715 3390 pert.
726 3328 752 3387 2,
762 3326 787 3386 6,
796 3325 840 3375 35:
859 3326 908 3374 Sed
919 3339 969 3374 non
979 3325 1056 3387 (nanae
1066 3326 1172 3375 llerlzb.

118 3402 140 3450 l.
152 3402 252 3451 Delicta
261 3400 325 3463 cet]
339 3400 376 3449 Ex
388 3401 571 3463 antiquissima
584 3403 611 3450 et
648 3400 725 3462 conl.)
740 3401 864 3449 inmerito
874 3399 966 3447 oelomt
977 3412 1076 3448 maneo
1084 3400 1175 3461 fanum

90 3472 255 3525 Orientalium
277 3475 305 3523 et
322 3476 484 3523 Graecorum
506 3476 611 3537 opinio·
647 3476 680 3524 lit
695 3476 766 3523 moto
782 3476 889 3523 desetos
905 3477 1010 3534 ocmspot
1019 3472 1097 3521 nebo
1107 3474 1171 3522 deos.

89 3560 126 3596 ue.
154 3548 482 3612 Euriprrgmdnclae.
502 3548 608 3597 licita:
650 3575 678 3584 -
696 3548 825 3611 refereris]
844 3548 954 3610 augusti
971 3560 1003 3596 ea
1020 3545 1087 3596 laus.
1117 3546 1172 3597 Cir.

90 3618 126 3669 Τὰ
149 3622 210 3673 τῶν
236 3618 379 3671 πνεόντων
404 3620 552 3687 vedimur
570 3624 611 3685 aig
648 3622 734 3683 oda,
749 3623 863 3682 tetro,
881 3622 954 3672 unde
972 3634 1035 3671 eum
1052 3621 1091 3671 sic
1108 3620 1175 3670 allo-

89 3695 151 3759 τούς
175 3693 318 3763 ἐκγόνους
344 3696 379 3745 Οἱ
402 3696 465 3747 θεοὶ
488 3699 611 3767 τρέπου·
648 3697 738 3759 quitur
754 3696 828 3746 Ovid.
848 3698 916 3747 Fast.
935 3698 964 3758 i,
983 3697 1031 3747 63:
1063 3696 1175 3759 Teurpto-

89 3772 329 3835 σιω-πιαίνων]
342 3770 610 3835 indentemporihus
647 3782 706 3819 reme
727 3770 836 3831 posito,
863 3770 1012 3832 tenatorum
1032 3776 1116 3820 sancte
1131 3784 1175 3820 re-

88 3844 208 3907 Sullauis,
240 3846 355 3896 duarum
380 3858 464 3909 prope
492 3846 610 3895 aetatum
644 3848 741 3905 postor.
766 3844 956 3906 Virg.Aeu.8,
970 3844 1174 3906 ll6.Augustus

88 3922 143 3968 ante
167 3921 219 3969 hoc
244 3932 354 3969 carmen
372 3918 559 3982 compositum.
581 3946 609 3955 -
648 3919 764 3968 sacrarit
788 3919 906 3967 Medma
932 3922 1069 3967 emmeles
1097 3922 1175 3966 totum

87 3991 229 4057 inmeritas]
249 3994 315 4043 «etsi
332 3992 520 4057 uullapropria
533 3991 610 4057 culpa
648 3992 753 4042 delubra
765 4004 814 4053 per
831 3992 927 4040 Urbem.
963 3992 1034 4040 Suet.
1053 3991 1110 4039 Oct,
1123 3988 1172 4038 30:

88 4064 225 4126 pollutus.»
261 4068 365 4117 Etenim
381 4066 499 4129 loquitur
515 4066 548 4115 de
567 4078 611 4116 ae·
647 4066 723 4116 Aedes
739 4078 828 4115 sacrm
842 4068 964 4114 uetustate
987 4064 1111 4126 endenses
1130 4070 1176 4114 aet

88 4140 152 4200 tate,
172 4140 280 4190 iamiam
298 4140 415 4201 oriente¹
435 4152 505 4203 quae
519 4140 610 4204 proxi·
647 4140 760 4190 incendio
786 4138 929 4200 &senatos
954 4138 1047 4200 referit.
1090 4137 1174 4188 Etiam

88 4222 128 4260 me
144 4214 333 4277 praecedentis
350 4214 456 4278 culpas,
480 4213 530 4264 uisi
552 4214 609 4278 ipsa
648 4212 769 4263 Tiberius
792 4214 861 4262 teste
877 4212 967 4262 Tacito
984 4212 1052 4263 Anu.
1074 4212 1107 4274 2,
1125 4211 1172 4262 lt:
