2934 4884
669 363 798 413 llOltltTll
816 362 985 414 candiduli

644 594 1007 653 Excutiens

699 735 922 784 anwed-20.

351 884 461 947 Egregie
482 886 567 933 totum
587 881 677 933 locum
700 881 818 932 defendit
839 882 960 931 Iahnius:
990 882 1042 931 alli
1059 884 1184 945 quaturor
1199 893 1297 932 versus
1313 880 1369 945 pln-

286 968 360 1018 ribus
377 965 574 1017 diitieultatibus
592 964 714 1016 laborare
732 966 781 1015 visi
799 968 868 1016 sunt.
896 966 1014 1016 Primum
1025 965 1097 1014 enim
1115 963 1215 1027 longior
1230 964 1300 1013 baec
1311 966 1371 1015 Cor-

286 1052 344 1101 beri
361 1051 504 1114 descriptio
522 1050 647 1101 orationis
664 1062 779 1111 nexum,
804 1062 868 1101 oum
884 1052 963 1113 po‘eta
980 1046 1096 1111 reliquas
1113 1060 1158 1098 res
1173 1046 1295 1097 breviter
1314 1049 1371 1097 atti-

286 1136 367 1198 gerit,
393 1134 562 1197 interrumpit
578 1135 605 1183 44
621 1131 695 1183 salvo
712 1146 794 1184 sensu
812 1132 908 1183 abesse
925 1134 1022 1196 potest.
1057 1131 1110 1181 Sed
1127 1133 1233 1195 saepius
1250 1132 1370 1181 Horatius

287 1231 386 1269 nexum
410 1218 602 1269 sententiarum
628 1218 666 1266 sic
691 1216 873 1279 interrumpit,
900 1218 930 1264 nt
950 1216 977 1265 in
997 1212 1155 1279 ampliorem
1176 1216 1216 1264 rei
1232 1215 1371 1265 cuiusdam

288 1302 495 1365 descriptionem
511 1301 673 1364 exspatietm
690 1302 717 1349 et
733 1300 795 1363 post
810 1297 900 1363 plures
916 1311 1011 1349 versus
1029 1298 1139 1349 demum
1156 1298 1281 1348 orationis
1300 1296 1371 1348 filum

287 1390 415 1437 resumat.
434 1385 465 1435 V.
479 1384 506 1445 4,
525 1385 570 1444 tt,
589 1383 706 1443 tlt-323
731 1382 776 1446 32,
795 1384 899 1440 5-tt;
924 1382 968 1444 37,
989 1383 1106 1440 47-40,
1130 1381 1158 1441 3,
1176 1380 1205 1442 4,
1223 1380 1331 1432 itt-te
1348 1384 1373 1430 44

288 1467 401 1528 64-64;
421 1468 465 1528 47,
478 1468 552 1517 2-3.
567 1464 620 1530 (ubi
638 1464 769 1516 Sunadoo.
783 1468 811 1515 ot
827 1466 895 1515 Edit.
908 1464 1008 1515 Bodon.
1021 1479 1065 1514 vv.
1078 1466 1152 1515 2-5.
1165 1463 1234 1514 male
1246 1465 1371 1525 eliciunt);

287 1552 333 1613 44,
359 1549 464 1602 47-44,
489 1549 518 1611 4,
543 1548 570 1609 4,
595 1548 673 1609 4-4ς
701 1550 728 1609 6,
753 1548 843 1600 9-44.
863 1550 951 1600 carm.
971 1562 1025 1599 soc.
1043 1547 1150 1599 44-44.
1177 1548 1259 1611 Epist.
1279 1548 1309 1609 4,
1329 1549 1371 1608 45,

288 1635 369 1688 4-43
387 1637 414 1685 et
431 1634 536 1683 46-44.
555 1633 669 1693 Deering
680 1631 715 1681 ad
732 1634 785 1683 Sat.
800 1634 827 1693 4,
846 1634 875 1693 7,
895 1634 935 1682 40.
954 1633 1009 1682 Hoc
1019 1630 1079 1681 loeo
1091 1635 1181 1682 autem
1191 1634 1271 1695 poeta
1281 1630 1373 1681 latiore

289 1718 400 1769 Cerberi
423 1717 601 1780 descriptione
625 1716 680 1766 vim
701 1713 776 1777 lyrae
794 1729 846 1766 non
868 1717 958 1780 inepta
976 1714 1128 1765 celebravit.
1162 1716 1268 1765 Etenim
1282 1715 1375 1778 swioio

288 1808 376 1865 4444444,
403 1815 510 1865 coptos,
536 1801 638 1862 spiritua
658 1804 684 1849 et
700 1800 782 1849 444444
798 1812 932 1849 summam
950 1801 1007 1849 eius
1024 1800 1215 1849 immanitatem
1232 1801 1314 1862 atque
1333 1798 1375 1848 iu·

289 1899 379 1937 rorem
396 1886 554 1949 depingunt;
572 1879 741 1934 nibilominus
759 1882 833 1946 lyrae
849 1881 996 1934 blandienti
1013 1883 1101 1933 cessit.
1136 1883 1202 1932 Turn
1213 1895 1280 1932 vero
1292 1883 1375 1945 magu

290 1972 370 2021 etiam
396 1968 506 2019 offendit
527 1981 586 2018 voe.
605 1969 665 2017 44444.
700 1969 851 2018 Pronomen
872 1967 894 2015 44
917 1967 1000 2026 enim,
1027 1966 1101 2029 quod
1126 1959 1376 2036 ὀρθοτονούμενον

291 2054 404 2117 (notione
422 2053 505 2103 nostri
523 2053 580 2115 der,
599 2053 650 2113 dte,
675 2049 730 2115 dds)
748 2050 821 2114 apud
836 2052 930 2113 poetas
948 2049 1073 2112 irequens
1092 2050 1145 2109 est,
1169 2044 1332 2113 iyxbrcxdr
1350 2051 1377 2098 et

290 2131 472 2209 προκλιτικὸν
499 2134 582 2199 (quod
605 2138 725 2187 nostrum
748 2148 791 2194 cr,
814 2134 861 2194 sio,
885 2146 910 2182 os
926 2132 1077 2196 significans
1093 2132 1120 2181 in
1137 2131 1244 2182 casibus
1262 2131 1377 2196 obliquis

290 2224 392 2272 4444444444
416 2219 586 2283 usurpetur),
614 2230 676 2268 cum
700 2216 814 2280 logicam
839 2217 943 2266 tantum
967 2214 1124 2266 relationem
1149 2215 1260 2277 indicet,
1286 2229 1377 2279 neque

290 2304 371 2356 ullam
391 2302 516 2368 pingendi
537 2304 591 2353 vim
611 2301 721 2362 habeat,
749 2300 783 2351 ab
800 2302 832 2350 iis
849 2300 959 2349 devitari
976 2297 1051 2349 solet.
1085 2299 1126 2349 Ad
1142 2298 1299 2363 pedestrem
1317 2312 1378 2349 ora·

291 2390 389 2439 tionem
407 2388 484 2450 igitur
505 2386 627 2436 Horatius
644 2382 770 2449 delapsus
788 2387 837 2434 est.
867 2384 1035 2447 Quamquam
1052 2386 1143 2434 autem
1161 2382 1235 2434 lecile
1253 2384 1380 2443 oiuiotquc

290 2471 333 2523 vel
350 2472 471 2531 eiulelque
487 2468 569 2519 scribi
585 2472 686 2534 potest,
713 2480 811 2517 vereor
832 2468 934 2527 tamen,
961 2480 995 2516 ne
1017 2467 1068 2516 hac
1084 2466 1127 2517 vel
1144 2466 1194 2517 alia
1211 2469 1378 2517 correctione

292 2556 430 2606 Horatium
447 2554 534 2617 potius
552 2564 633 2614 quarn
650 2550 772 2601 librarios
789 2549 974 2600 emendemus.
992 2550 1145 2601 inciderunt
1156 2552 1227 2601 enim
1243 2551 1380 2601 interdum

291 2640 387 2703 po'etae
405 2638 431 2687 in
448 2637 519 2685 hunc
536 2636 690 2700 pedestrem
703 2648 857 2687 sermonem
882 2635 921 2697 (V.
936 2634 1010 2684 Ovid.
1024 2635 1100 2684 Trist.
1114 2635 1144 2697 3,
1161 2634 1190 2695 4,
1209 2634 1250 2685 tl.
1269 2636 1378 2685 lietam.

292 2722 320 2783 8,
341 2721 380 2770 46.
399 2718 570 2782 Virgilian.
591 2719 618 2779 4,
637 2718 685 2769 lte
702 2719 775 2782 oet),
794 2718 820 2767 in
841 2717 939 2781 qiribns
955 2717 1171 2782 reprehendendi
1191 2718 1381 2781 potiusquam

293 2802 454 2855 emendandi
470 2804 540 2853 sunt.
559 2802 665 2853 llinime
683 2804 774 2850 44444444
791 2815 817 2851 v.
830 2806 906 2863 atquc
921 2802 948 2851 in
965 2801 1018 2851 fine
1034 2814 1130 2851 versus
1146 2804 1256 2865 propter
1272 2798 1382 2852 πλατύ-

292 2900 377 2952 τητα,
396 2898 478 2948 quam
495 2885 600 2946 dicunt,
619 2884 737 2935 offendit.
772 2886 815 2936 Sic
831 2898 875 2935 w.
894 2890 931 2947 et,
949 2898 992 2947 oc,
1010 2890 1053 2947 ot,
1069 2890 1155 2946 etque,
1172 2898 1268 2947 oeque,
1291 2898 1337 2935 nee
1353 2887 1381 2936 in

293 2971 346 3020 fine
368 2981 464 3019 versus
483 2967 607 3031 leguntur
628 2969 709 3030 atque
726 2967 778 3017 boc
795 2968 883 3031 ipsum
899 2980 925 3017 v.
944 2968 995 3018 bac
1011 2968 1077 3018 sede
1094 2968 1209 3018 recurrit
1224 2969 1254 3030 2,
1273 2969 1318 3030 44),
1336 2970 1379 3018 24.

293 3054 413 3116 Denique
431 3054 504 3103 recte
523 3053 603 3101 etiam
620 3054 698 3116 potita
715 3053 832 3114 spiritum
849 3052 988 3103 atrociam
1004 3052 1146 3102 coniunxit.
1164 3050 1238 3102 Alter
1255 3052 1327 3101 enirn
1348 3066 1382 3101 ex

295 3149 341 3186 ore
359 3137 386 3186 in
402 3142 493 3186 aerem
511 3136 642 3197 ascendit,
662 3135 745 3187 altera
763 3138 789 3187 in
806 3138 907 3186 terram
923 3135 1024 3186 defluit.
1059 3137 1206 3198 Utrumque
1221 3136 1248 3184 in
1260 3134 1382 3185 Cerbero

295 3219 516 3284 conspiciebatur.
551 3221 638 3280 Quare
656 3232 708 3269 non
726 3224 798 3270 recte
817 3220 938 3270 lecerunt
954 3219 999 3283 qui
1019 3222 1131 3283 propter
1146 3218 1195 3269 bas
1212 3218 1383 3269 difficultates

295 3306 364 3356 banc
381 3304 507 3368 stropben
525 3305 643 3367 spuriam
660 3318 720 3355 esse
739 3303 886 3354 dixerunt.»

358 3388 420 3438 Eius
435 3386 484 3450 illi,
508 3387 542 3437 de
560 3400 614 3451 quo
632 3390 671 3437 tot
687 3388 826 3449 mutasque
843 3386 993 3449 tragoedias
1010 3386 1159 3437 excitarunt
1175 3386 1279 3447 critici,
1303 3400 1383 3451 pror-

295 3485 341 3523 sus
358 3470 442 3523 simile
460 3474 502 3523 est
518 3470 631 3523 alterum
648 3469 741 3521 Tibulli
754 3472 782 3531 4,
801 3472 829 3533 6,
848 3472 892 3521 aa:
911 3472 990 3533 Saepe
1004 3472 1072 3521 velut
1087 3484 1198 3535 pontonos
1208 3473 1262 3522 cius
1271 3472 1384 3536 449444444-

295 3556 510 3617 promotorem,
540 3555 613 3620 quod
634 3553 706 3605 nullo
729 3554 839 3605 artilicio
862 3552 998 3605 eliminare
1021 3557 1160 3620 poterunt;
1187 3556 1292 3605 tantum
1311 3556 1384 3605 enim

296 3637 374 3689 abest
393 3640 423 3687 ut
444 3637 555 3689 dubium
577 3638 623 3688 liat
638 3640 750 3703 propter
766 3639 839 3689 Ovid.
859 3638 934 3688 Triet.
954 3640 983 3699 2,
1007 3638 1052 3689 itt
1072 3641 1100 3689 et
1115 3637 1173 3689 lot.
1195 3639 1385 3702 (quemadmo-

296 3721 361 3772 dum
379 3724 452 3771 ratua
470 3723 512 3771 est
527 3719 669 3771 Paldamue
680 3722 768 3771 Erotilc
784 3734 811 3785 p.
824 3720 886 3784 684,
904 3722 934 3771 ut
950 3720 1046 3772 eadem
1063 3721 1214 3773 firmissima
1225 3726 1384 3775 auctoritate

296 3804 401 3856 nitatur.
420 3803 559 3854 Accedunt
574 3803 648 3853 Ovid.
662 3806 739 3855 Trist.
752 3804 776 3866 3,
788 3802 818 3865 4,
828 3804 875 3854 27:
893 3806 950 3855 Noa
966 3806 1163 3868 soretliusncdca
1174 3805 1261 3868 ordros,
1280 3807 1303 3856 si
1317 3809 1385 3871 4444444

263 3876 267 3879 ’
296 3889 349 3938 etos
367 3887 667 3939 attenuationem
680 3889 822 3937 mamaea
834 3900 917 3948 quos.
952 3890 1072 3953 propert
1088 3888 1113 3950 4,
1131 3890 1161 3949 a,
1180 3889 1225 3940 aa:
1250 3890 1298 3940 asi
1309 3893 1385 3941 444444

296 3974 403 4036 aurigae
419 3972 509 4035 specics
527 3972 685 4033 Vortsmmus,
705 3976 728 4021 44
745 3972 810 4032 eius,
836 3972 939 4022 Traiicit
954 3972 1051 4023 44444444
1068 3974 1110 4035 qui
1126 3974 1179 4023 4444
1194 3976 1296 4035 pondus
1312 3989 1383 4037 equo.

297 4055 384 4106 Manli.
403 4057 431 4117 4,
444 4055 505 4106 908:
523 4056 652 4119 fortunam
668 4053 807 4104 4444444444
823 4056 875 4127 cius
885 4056 1041 4118 0444444444
1063 4058 1097 4106 at
1113 4056 1218 4119 quidni,
1236 4055 1305 4108 dum
1316 4058 1384 4110 ultro

299 4140 467 4199 agnoscimus
484 4139 518 4189 ab
537 4140 644 4204 optimis
662 4136 812 4202 quibusque
830 4140 915 4203 poetis
931 4140 1002 4189 banc
1018 4138 1204 4203 negligentiam
1221 4141 1314 4203 quoad
1329 4146 1384 4193 eius

299 4220 356 4271 lieri
372 4225 477 4285 poterat
492 4222 635 4273 devitatum
652 4234 724 4283 esse,
744 4222 824 4273 baisse
842 4225 931 4274 4444444
943 4222 1057 4275 subinde
1071 4223 1158 4285 locos,
1175 4222 1223 4273 ubi
1233 4225 1294 4276 sino
1306 4225 1383 4291 longe
