2934 4884
639 333 768 383 HORthl
787 334 955 387 catalauni

420 487 513 551 Sensi
539 487 649 553 relicta
671 509 736 553 non
759 490 843 556 bene
865 492 1028 576 parmula,

463 610 542 675 Cum
564 608 663 674 fracta
684 610 787 676 virtus
810 621 844 677 et
865 612 1007 677 minaces

502 732 608 817 Turpe
629 728 735 795 solum
757 732 890 819 tetigere
913 743 1029 798 mento.

315 911 353 959 lt.
375 910 469 971 Tarpei
486 908 566 958 satana
585 920 648 958 cum
666 910 712 959 Ge.
731 908 852 959 Fabricio
870 910 902 959 Ct
919 913 947 959 et
962 909 1047 960 Bentl.

247 1066 325 1115 κίονι.
362 1068 400 1115 lta
423 1067 495 1116 enim
516 1067 543 1115 in
560 1065 773 1129 contemplandis
809 1066 919 1117 minime
957 1066 1145 1118 dissimularet.
1193 1070 1335 1136 Exempla,

246 1141 326 1191 variis
344 1141 491 1191 eamndem
508 1153 600 1191 rerum
613 1140 773 1203 imaginibus
810 1153 879 1203 quae
897 1144 1005 1192 secutus
1023 1144 1075 1201 est,
1094 1143 1162 1193 hacc
1180 1147 1257 1195 sunt:
1288 1148 1336 1195 An

246 1213 353 1265 lactoris
363 1218 482 1265 mentem
490 1216 606 1265 retinere
617 1215 770 1265 studebant.
810 1214 947 1266 chilochus
959 1215 1030 1279 Eleg.
1042 1218 1082 1267 Fr.
1094 1218 1134 1267 nt.
1150 1217 1223 1267 Lieh.
1237 1220 1333 1282 Bergk.

281 1290 321 1339 lii.
340 1290 419 1354 Sensi]
438 1291 535 1339 Sentias
546 1304 628 1354 saepe
641 1290 675 1339 de
689 1290 772 1341 rebus
808 1304 835 1354 p.
854 1290 914 1340 i68:
931 1284 1038 1340 Ἀσιτίόι
1054 1290 1109 1355 μὲν
1126 1290 1221 1341 Σαΐων
1239 1292 1337 1355 (Thra-

247 1362 379 1423 molestis,
398 1365 565 1415 aerumnosis
582 1378 614 1415 ac
629 1364 773 1415 detrimen·
809 1365 866 1414 ciae
890 1363 1003 1429 populus
1026 1366 1078 1427 esti
1104 1380 1146 1428 τις
1169 1358 1333 1431 ἀγάλλεται,

247 1440 306 1487 tum
323 1438 496 1489 afferentibus
508 1439 611 1489 dicitur.
631 1440 704 1490 Ovid.
723 1442 774 1491 lle-
809 1432 846 1503 ἣν
857 1434 934 1509 παρὰ
949 1434 1051 1505 θάμνῳ
1061 1433 1163 1503 “Enoc
1174 1434 1337 1507 ἀμώμητον

248 1512 315 1562 roid.
329 1512 353 1574 9,
372 1512 420 1563 id:
437 1513 536 1563 Arbiter
548 1515 702 1575 Eurystheus
717 1516 773 1564 irae
809 1509 947 1563 κάλλιπον
972 1508 1026 1564 οὔκ
1051 1512 1172 1575 ἐθέλων,
1198 1510 1294 1579 Αὐτὸς
1311 1515 1336 1566 δ’

246 1588 349 1638 lunonis
364 1590 467 1651 iniquae
477 1590 589 1639 Sentitur
602 1590 774 1652 nehisirnpae
808 1585 948 1654 ἐξέφυγον
970 1585 1101 1640 θανάτου
1123 1588 1217 1653 τέλος·
1244 1585 1336 1654 ἀσπὶς

247 1661 323 1725 tonpa
345 1664 413 1712 deae.
439 1663 499 1711 Tac.
518 1665 579 1726 Agr.
598 1664 623 1712 6.
647 1668 714 1713 extr.
742 1692 770 1701 -
808 1661 903 1727 ἐκείνη
911 1656 1039 1733 'Eppium
1058 1660 1171 1726 ἐξαῦτις
1182 1660 1333 1729 κτήσομαι

246 1748 297 1783 non
313 1736 380 1798 bene]
405 1750 477 1786 «uon
499 1736 642 1788 honeste.»
663 1767 690 1776 -
705 1754 773 1801 par-
808 1731 843 1787 ori
860 1738 961 1787 κακίω.
982 1738 1091 1801 ‚Critias
1109 1739 1180 1801 apud
1192 1738 1331 1790 helianum

245 1810 317 1858 mate
332 1811 439 1874 proprie
461 1810 635 1873 gladiatorum
658 1827 772 1878 parvum
807 1812 838 1860 V.
853 1812 883 1861 il.
897 1812 941 1871 iil,
961 1812 1000 1861 43.
1014 1809 1096 1861 multa
1108 1812 1258 1863 Archilochi
1270 1815 1334 1865 vitia

246 1886 362 1933 scutum.
397 1884 453 1933 lloc
475 1898 583 1949 quaque
604 1901 675 1947 voc,
699 1889 772 1951 quod
809 1898 841 1933 ex
858 1885 941 1949 ipsius
958 1884 1095 1935 dumtaxat
1111 1888 1241 1949 poematis
1258 1888 1336 1937 inna-

246 1960 330 2007 totam
347 1972 405 2009 rem
423 1962 562 2021 extenuat,
585 1962 620 2011 de
640 1962 771 2012 industria
808 1960 890 2009 tuisse
908 1960 1032 2019 mirmur,
1051 1960 1078 2008 in
1090 1960 1143 2019 his,
1163 1953 1208 2010 ὅτι
1225 1955 1333 2025 λάγνος

247 2030 382 2083 delectum
407 2034 520 2084 videtur.
558 2037 614 2085 lam
640 2051 672 2086 ex
695 2050 772 2087 com·
808 2034 858 2081 καὶ
880 2026 1018 2103 ὑβριστὴς
1039 2033 1089 2083 καὶ
1111 2028 1146 2084 τὸ
1163 2027 1205 2083 ἔτι
1222 2032 1334 2085 τούτων

249 2108 322 2156 muni
339 2108 449 2169 quidem
466 2110 636 2172 antiquorum
648 2112 771 2175 opinione
808 2104 975 2168 αἴσχιστον,
1002 2100 1047 2159 ὅτι
1064 2105 1116 2175 τὴν
1134 2103 1244 2159 ἀσπίδα
1260 2104 1334 2161 ἀπέ-

247 2182 314 2231 scuti
338 2181 452 2232 abiectio
475 2196 598 2234 summae
621 2189 679 2236 erat
696 2188 772 2250 igno-
807 2180 904 2244 βαλεν.
923 2182 989 2233 ltem
997 2185 1136 2235 Anacreon
1146 2183 1180 2233 de
1189 2198 1219 2235 se
1229 2186 1333 2247 Fragm.

247 2256 344 2305 minine
373 2270 488 2321 eamque
519 2259 589 2308 inter
615 2261 656 2310 sui
688 2259 772 2311 seculi
808 2259 848 2307 th.
869 2256 967 2319 Bergk:
983 2250 1099 2309 Ἀσπίδα
1115 2250 1178 2327 ῥῖψ’
1194 2258 1224 2320 ἐς
1242 2272 1335 2307 τοτα-

249 2343 337 2381 mares
363 2335 503 2396 corruptos
532 2338 664 2384 memorat
691 2336 772 2384 etiam
807 2328 866 2397 μοῦ
883 2326 1038 2401 καλλιρόοο
1050 2328 1189 2401 προχοάς.
1217 2331 1333 2383 Alcaeus

247 2402 354 2454 Plautus
367 2407 437 2455 Trin.
451 2406 476 2468 i,
495 2406 519 2467 l,
538 2408 583 2457 27:
602 2409 774 2459 Scntaiucere
808 2408 893 2470 Bergk
910 2420 970 2470 pag.
989 2407 1050 2456 577:
1069 2400 1181 2477 Κᾶρυξ,
1199 2398 1337 2471 ἄγγειλον

246 2478 381 2541 [asperaque
402 2482 477 2529 hostis
498 2494 568 2532 mors
583 2484 673 2533 hahent
694 2486 773 2533 λίσσο-
807 2480 861 2548 μὲν
877 2474 961 2545 ipotg
972 2476 1118 2550 senipetam
1129 2480 1159 2530 ἐν
1171 2476 1251 2529 otta.
1271 2478 1336 2543 Σῶς

246 2553 317 2601 tiam.
353 2554 453 2605 Verum
468 2568 530 2605 cum
547 2558 615 2605 inter
631 2559 772 2622 primarios
805 2550 932 2617 Ἀλκαῖος
941 2550 1025 2623 Ἄρῃ,
1038 2548 1139 2604 Ἔντεσι
1155 2551 1179 2602 ‹l'
1198 2546 1253 2605 οὐκ
1265 2548 1334 2605 ἀνέ-

248 2627 411 2676 Graccorum
436 2632 529 2692 politas
554 2633 621 2691 tres,
650 2632 772 2682 Archilo—
808 2644 915 2689 νεικον,
933 2624 1000 2693 aidi
1012 2630 1113 2698 κτέρας
1125 2628 1154 2690 ἐς
1165 2626 1333 2679 Γλσυκώιτω

247 2699 328 2758 chus,
346 2698 468 2761 Alcaeus,
487 2703 635 2762 Anacreon,
653 2705 724 2755 idem
737 2707 771 2755 da
802 2695 876 2774 Ἶρον
898 2698 1096 2773 ὀνεκρέμασαν
1110 2698 1242 2752 Ἀττικοι
1279 2704 1335 2752 He·

247 2786 277 2823 se
303 2772 345 2823 vel
372 2776 485 2826 confessi
511 2780 602 2827 essent
623 2776 665 2828 vel
690 2781 772 2830 etiam
807 2780 865 2829 rod.
885 2780 913 2838 a,
941 2778 984 2827 95:
1011 2772 1139 2838 Ἀλκαῖος
1165 2770 1183 2825 ὁ
1210 2774 1335 2842 ποιητὴς

246 2846 463 2911 praedicassent,
491 2849 564 2900 idem
585 2852 708 2902 lloratius
725 2868 772 2903 re·
808 2848 1121 2917 συμβολῆςγενομένης
1130 2852 1179 2899 καὶ
1188 2848 1336 2902 νικώντων

247 2921 432 2984 prehensionis
449 2936 560 2986 prorsus
571 2938 683 2976 securus
695 2927 729 2976 de
741 2941 770 2977 se
808 2925 865 2976 τῶν
879 2920 1036 2990 Ἀθηναίων
1053 2921 1143 2988 αὐτὸς
1153 2924 1207 2989 μὲν
1218 2922 1336 2990 φεύγων

247 2993 338 3043 dicere
356 2998 469 3058 poterat,
488 2999 636 3061 etquidem
649 3014 702 3049 non
713 3002 771 3051 sine
808 2996 955 3067 ἐκφεύγει,
974 2995 1010 3049 τὰ
1027 2997 1058 3051 δέ
1070 3000 1102 3049 οἱ
1117 2992 1193 3049 ὅττλσι
1214 2997 1337 3059 ἴσχουσι

248 3067 416 3119 festivissima
437 3072 463 3119 in
481 3074 568 3121 semet
585 3074 672 3136 ipsum
690 3076 772 3145 εἰρω-
806 3071 951 3141 Ἀθηναῖοι
968 3077 1018 3125 καί
1035 3089 1113 3135 σφεα
1130 3068 1336 3145 ἀνεκρέμασαν

247 3142 324 3208 neta,
343 3155 411 3205 quae
429 3148 501 3207 grata
514 3148 638 3198 accidere
655 3148 773 3199 debebat
808 3146 880 3220 πρὸς
897 3146 931 3199 τὸ
944 3144 1096 3213 Ἀθήναιον
1117 3144 1151 3197 τὸ
1170 3148 1200 3198 ἐν
1221 3148 1334 3215 Σιγείῳ·

247 3216 378 3280 imprimis
395 3220 536 3284 Pompelo,
564 3223 609 3284 qui
631 3223 728 3274 diutius
747 3226 772 3274 in
808 3220 899 3274 ταῦτα
916 3222 947 3273 δὲ
960 3218 1089 3285 Ἀλκαῖος
1107 3222 1138 3273 ἐν
1152 3221 1234 3287 μέλει·
1248 3221 1337 3289 ποιή-

246 3290 367 3354 partibus
387 3294 554 3357 Pompeianis
575 3300 770 3360 perseverarat,
809 3314 864 3360 σας
876 3298 999 3348 ἐπιτιθεῖ
1007 3298 1047 3359 εἰς
1060 3294 1233 3362 Μυτιλήνην,
1249 3294 1336 3363 ἐξαγ-

247 3366 303 3415 sive
321 3380 351 3415 re
369 3380 433 3416 vcra
452 3372 531 3431 poeta
548 3384 670 3433 parmam
686 3374 774 3434 proie—
807 3369 980 3439 γελλόμενος
995 3366 1029 3420 τὸ
1042 3368 1152 3421 ἑωυτοῦ
1171 3367 1267 3433 πάθος
1281 3371 1338 3422 Με-

248 3440 299 3498 cit,
318 3441 389 3500 siva,
416 3445 445 3490 ut
466 3445 555 3507 potius
572 3458 634 3493 reor
650 3460 712 3495 cum
729 3448 772 3495 la·
807 3444 937 3511 ναλλτπῳ
949 3437 1032 3515 ἀνδρὶ
1044 3444 1157 3513 ἑταίρῳ.
1175 3444 1253 3508 Apud
1265 3446 1337 3495 Lub-

248 3514 340 3564 cobsio
369 3516 451 3564 Lecti.
480 3517 546 3566 Ven.
577 3519 617 3568 lit.
647 3533 674 3582 p.
701 3521 770 3585 326,
808 3521 902 3570 kerum
911 3520 1030 3582 reperies
1040 3532 1217 3581 quaecunque
1227 3519 1261 3567 de
1272 3532 1337 3569 con-

246 3588 333 3649 imago
343 3588 480 3639 dumtaxat
489 3592 592 3653 poetica
600 3590 695 3645 celeris
703 3593 771 3645 illius
808 3596 929 3644 traverso
941 3595 992 3643 hoc
1008 3592 1067 3643 loco
1079 3593 1167 3643 adhuc
1179 3593 1248 3643 dicte
1261 3594 1335 3655 sunt,

248 3660 325 3723 fugae
343 3664 385 3711 est
402 3676 487 3726 aeque
505 3678 537 3713 ac
554 3666 676 3717 Mercurii
696 3670 771 3719 auxi·
808 3668 872 3718 satis
895 3666 965 3718 bene
983 3668 1102 3733 exposita
1126 3681 1158 3716 ac
1181 3664 1334 3716 diiudicata.

245 3732 319 3783 lium.
350 3737 518 3789 Nemoenim
533 3743 773 3803 praesertiminter
842 3742 881 3791 ii.
904 3742 990 3803 fracte
1011 3740 1100 3805 virttis]
1126 3742 1180 3791 Cic.
1203 3740 1238 3789 ad
1260 3742 1334 3790 Fam.

247 3822 307 3870 eos,
331 3810 376 3872 qui
397 3812 505 3873 potitam
528 3815 633 3875 penitus
650 3819 770 3877 nossent,
808 3816 836 3875 7,
861 3814 890 3875 3,
914 3815 943 3865 3;
970 3830 1014 3865 nec
1035 3816 1138 3877 putaui,
1164 3828 1222 3864 cum
1242 3814 1337 3877 intepn'

247 3880 346 3931 idcirco
375 3896 438 3933 eum
466 3886 663 3949 vituperaturus
697 3892 783 3949 erat,·
803 3902 881 3951 pares
904 3903 954 3939 noa
975 3890 1120 3951 [σιἐεοσιιιε,
1145 3890 1240 3951 fractos
1259 3900 1337 3949 mpe-

247 3954 318 4017 quod
331 3970 364 4005 eo
376 3959 507 4021 tempore,
521 3973 575 4023 quo
587 3962 702 4012 Caesare
717 3965 770 4013 iam
805 3964 885 4011 riores
900 3962 965 4025 sora.
1002 3964 1138 4014 llemorne
1156 3963 1206 4013 luit
1223 3961 1335 4012 ultimae

247 4028 379 4092 principe,
404 4044 515 4095 prorsus
532 4046 677 4097 oppressae
695 4038 772 4085 erant
806 4036 879 4085 Bruti
890 4037 978 4086 vocis:
994 4026 1029 4085 iu
1040 4034 1151 4101 τλῆμον
1161 4030 1264 4121 ἀρετή,
1284 4032 1337 4086 λό-

247 4103 337 4161 partes
347 4102 448 4154 liberae
460 4108 499 4155 rei
511 4106 643 4171 publicae,
662 4121 692 4158 sc
705 4121 772 4170 quo-
806 4124 857 4174 γσς
874 4098 919 4179 ἆρ’
933 4104 1011 4175 ἦσθ’·
1029 4106 1084 4177 ἐγώ
1096 4108 1128 4161 ‹le'
1139 4126 1173 4161 σε
1191 4110 1237 4172 Ως
1248 4104 1337 4181 ἔργον

248 4186 301 4235 que
330 4190 392 4228 cum
421 4182 518 4230 ceteris
546 4180 681 4232 delictum
709 4195 769 4232 esse
807 4178 927 4247 ἤσκουν.
955 4188 1013 4233 -‘l
1037 4186 1098 4247 (itio
1120 4186 1196 4235 Cass.
1216 4183 1261 4240 ii,
1282 4184 1335 4246 is.)
