2934 4884
537 369 596 417 tle.
616 370 658 419 ΙΙΙ,
694 370 724 417 C.
744 369 775 417 V.

322 523 354 587 Si
380 532 502 609 pugnat
523 522 675 589 extricata
699 522 810 590 densis

359 643 464 710 Cerva
486 642 606 747 plagis,
630 644 691 710 erit
712 644 765 710 iiie
788 645 897 716 fortis.

274 803 336 881 Qui
358 800 490 888 perfidis
515 823 551 867 se
574 800 711 868 eredidit
736 802 901 877 hostibuS‚

276 926 313 989 Et
334 924 433 989 Marte
455 926 583 990 Poenos
605 933 750 1010 proteret
771 923 887 998 altero,

320 1045 382 1123 Qui
404 1043 473 1111 lora
495 1045 653 1111 restrictis
676 1044 806 1111 lacertis

359 1166 466 1232 Sensit
488 1166 575 1233 iners
598 1166 768 1253 timuitque
793 1176 939 1231 mortem.

276 1324 350 1396 Hic,
374 1322 460 1389 unde
482 1323 580 1389 vitam
603 1333 749 1390 sumeret
771 1324 909 1400 iasciuS,

170 1521 215 1569 Vv.
236 1520 265 1569 et
279 1520 353 1570 -34,
373 1522 398 1569 in
415 1522 434 1570 B
454 1520 559 1570 desunt.
575 1547 601 1556 -
616 1520 656 1570 33.
671 1519 764 1569 dedidit
779 1518 912 1571 Bentleiue
924 1522 992 1571 coni.
1010 1548 1036 1558 -
1050 1520 1090 1571 et.
1101 1535 1162 1584 pro-

138 1596 194 1643 terit
210 1595 238 1645 T.
262 1622 288 1630 -
308 1594 348 1643 36.
368 1593 408 1643 37.
428 1600 532 1645 mortem
552 1594 632 1656 Hinc,
658 1596 723 1645 uude
742 1596 822 1645 uilem
842 1602 949 1646 suamet
973 1599 1056 1659 optior
1079 1598 1160 1647 Bent-

137 1667 216 1726 leins;
243 1668 307 1717 Hine
330 1670 412 1728 eonii.¹
439 1670 524 1731 aptius
544 1681 606 1718 eum
626 1666 724 1733 βκλμχ
747 1672 775 1719 el
790 1684 847 1719 ver.
865 1668 927 1720 lect.
945 1686 980 1720 ιω
1005 1672 1076 1734 (ilem
1099 1672 1162 1721 Pot-

138 1743 204 1791 tierii
223 1744 251 1803 l,
274 1742 305 1804 t,
324 1745 354 1803 6,
373 1742 402 1805 6,
422 1743 465 1801 43,
486 1744 531 1804 46,
552 1744 611 1805 tu).
631 1745 680 1795 Mei
697 1744 826 1794 ubsrcd:
846 1746 892 1794 Hie
907 1772 922 1782 -
938 1773 953 1783 -
969 1748 1078 1804 ΜΨ
1099 1747 1161 1796 ins

136 1816 318 1881 adscriptum:
338 1816 386 1867 «ai.
405 1819 520 1880 optimu
540 1815 603 1867 nihil
619 1817 654 1868 de
672 1818 723 1868 hoc
741 1818 823 1868 dubio
840 1817 899 1869 ioco
917 1820 1058 1883 cmquius

107 1998 148 2058 qni
168 1996 282 2059 propter
302 1996 434 2057 ignaviam
451 1993 534 2045 semel
553 1994 630 2045 dete-
666 1994 693 2044 id
711 1998 767 2054 est,
795 1994 909 2046 «nullam
926 1997 1035 2047 omnino
1057 1997 1193 2047 condicio·

107 2072 186 2121 riores
204 2073 269 2119 sunt
286 2069 373 2119 lecti.»
394 2096 421 2105 -
445 2069 537 2133 Curet]
557 2082 629 2119 «non
667 2066 729 2119 nen
763 2070 848 2132 pecti,
886 2069 996 2119 arbitrio
1025 2084 1055 2120 sa
1084 2072 1192 2120 victoris
1236 2101 1239 2107 Δ

107 2144 171 2203 volt,
197 2156 288 2206 neque
305 2145 404 2207 polest,
427 2144 488 2206 urite
506 2144 630 2207 pristinas
667 2143 889 2198 commiseram„
919 2156 973 2206 quo
1000 2144 1059 2207 ipso
1080 2158 1105 2194 v.
1128 2158 1192 2195 usus

107 2232 166 2269 sues
182 2221 256 2269 vires
274 2218 388 2267 emistis
425 2216 510 2281 virgil.
532 2220 577 2269 Ge.
598 2220 627 2277 4,
667 2220 709 2267 est
726 2218 826 2267 Caesar
843 2218 916 2266 B.C.
936 2219 966 2275 l,
986 2217 1034 2267 rt:
1053 2220 1193 2279 imperoto-

106 2294 151 2343 39:
169 2296 221 2343 Nec
231 2293 415 2355 repetitumque·
426 2299 496 2343 cieret
506 2295 632 2355 Proserpi-
666 2293 703 2341 ris
722 2293 798 2355 fldem
820 2296 962 2352 quaeruut,
990 2298 1087 2342 rectene
1107 2306 1133 2343 ee
1156 2295 1193 2342 illi

106 2382 138 2417 ne
152 2374 271 2417 mm.
292 2393 318 2402 -
332 2367 502 2431 deterioribus]
515 2368 628 2418 dativus.
667 2366 716 2415 siut
742 2365 907 2415 commissuri.
960 2364 1070 2416 Bentleii
1102 2368 1193 2417 dedidit

108 2444 264 2491 «Deleriores
280 2441 347 2490 fiunt
367 2454 400 2489 ex
418 2441 511 2501 bonis,
534 2444 632 2503 peiores
667 2454 765 2504 prosae
783 2440 851 2489 torel
868 2441 1003 2491 orationis.

107 2530 135 2565 er
153 2516 258 2568 matis.»
276 2518 368 2565 Senon.
404 2518 484 2566 Recte
502 2518 628 2567 Vossius:
699 2514 788 2566 36-36.
801 2515 1020 2578 Maru-ultera]
1034 2516 1082 2565 «Et
1092 2516 1118 2565 in
1130 2515 1194 2567 elle-

107 2594 136 2640 So
151 2593 240 2641 wedre
254 2591 365 2653 luoend,
382 2591 457 2639 word
468 2591 503 2639 tie
513 2592 631 2654 pepulerat
667 2602 725 2639 rem
739 2589 935 2652 expeditionem
945 2589 1056 2653 proiecti
1073 2594 1194 2654 proster-

106 2667 205 2725 umnt,
237 2666 285 2714 Nie
303 2664 372 2713 uult
392 2666 427 2713 sie
442 2664 573 2715 Heiudrehr
597 2678 632 2715 zu
668 2666 742 2722 nent,
754 2662 928 2714 debellabunt
938 2666 1069 2716 Poenos.»
1086 2692 1113 2701 -
1127 2664 1192 2727 loru]

107 2742 148 2789 dea
161 2742 318 2790 Enlurleleu.
338 2738 509 2788 Delerimibtu
524 2752 573 2802 pro
585 2738 632 2787 eb-
668 2739 740 2789 llied.
753 2754 790 2799 φ,
809 2739 855 2787 36ε
874 2735 952 2803 Aaou
966 2736 990 2787 δ’
1003 2733 1116 2789 ὀπίσσω
1134 2745 1194 2799 χεῖ-

107 2812 181 2863 letivo
198 2828 262 2878 gen.
281 2814 368 2863 neutr.
387 2813 491 2875 (edurclt
509 2814 632 2875 Geriupe-
668 2828 721 2883 ρας
737 2809 923 2878 ἐϋτμήτοισιν
940 2812 1050 2878 ἱμᾶσιν.
1072 2842 1098 2851 -
1117 2816 1192 2877 iners]

105 2886 630 2953 mulerplioerr'nullopaclopotestoum
668 2886 763 2937 salust.
783 2889 836 2951 lug.
857 2887 901 2939 tt:
928 2890 1192 2941 sauciam-iners.

108 2963 235 3013 ltiihkero.
264 2963 356 3023 Reponi
374 2964 464 3011 autem
482 2962 629 3022 «renovari,
668 2962 778 3011 ineolis.
798 2963 853 3011 lom
865 2962 1191 3013 Naeviusssell.Punie.l.

107 3038 223 3097 pensari,
244 3037 380 3096 restitui»,
398 3037 428 3085 ut
439 3034 515 3086 Silius
526 3038 550 3095 6,
564 3034 629 3084 533:
668 3035 739 3101 apud
757 3034 874 3087 Macrob.
893 3038 947 3085 Sal.
966 3038 995 3094 6,
1014 3038 1043 3086 6;
1063 3038 1194 3086 silvicolae

106 3116 197 3161 meula
225 3124 346 3173 reponere
373 3110 480 3159 eeebeut
510 3110 632 3171 Tempore
667 3110 781 3159 homenes
797 3110 920 3171 duellique
935 3111 1034 3159 inertes.

107 3188 177 3235 coede
187 3187 275 3235 vie-tim
287 3198 317 3233 ue
327 3186 406 3234 raude
415 3196 522 3246 pensare
532 3196 629 3233 eruere.
701 3184 742 3233 37.
761 3182 802 3232 38.
822 3182 880 3247 llic]
899 3196 960 3233 cum
975 3182 1154 3247 indignatione
1168 3190 1194 3233 et

135 3258 631 3321 ltili.aNonmagisoervaielieioesu
668 3257 822 3319 contemptu
845 3256 878 3305 de
902 3255 1027 3306 omnibus
1051 3258 1191 3317 militibus,

107 3334 235 3384 eretibus
253 3334 376 3396 expedita
397 3334 511 3396 fugaque
526 3334 631 3382 servata
669 3332 713 3396 qui
726 3333 761 3381 ite
773 3345 802 3381 se
815 3330 885 3381 hosti
901 3330 1080 3380 tradiderunt:
1100 3334 1193 3393 «lgna-

107 3411 195 3468 peslee
208 3407 364 3469 aggreditur
372 3410 537 3467 venatorem,
550 3417 631 3468 quam
668 3420 718 3455 vus
736 3406 808 3455 idem
825 3405 874 3454 iste
892 3405 970 3454 nimis
988 3404 1094 3467 ignarus
1111 3406 1193 3455 rilem

106 3482 175 3533 lortis
192 3494 314 3544 unquam
332 3480 454 3539 eritius,
485 3482 529 3542 qui
547 3478 632 3529 semei
669 3482 772 3530 tuntum
793 3478 894 3529 lortiler
915 3478 1059 3542 pugnaudo
1076 3480 1191 3535 servari,

106 3556 226 3607 hostibus
244 3568 304 3605 sese
317 3556 447 3615 dediditpi
465 3554 507 3604 vel
521 3554 632 3603 inversis
669 3556 726 3617 ipse
743 3566 792 3616 pro
809 3566 838 3603 se
855 3554 880 3602 in
897 3553 966 3602 iusto
982 3551 1053 3603 bello
1067 3567 1082 3601 a
1096 3552 1193 3617 populo

107 3631 249 3681 membris:
268 3629 426 3692 «quisemel
439 3632 534 3692 ceptus
546 3630 596 3688 est,
610 3628 632 3677 is
669 3629 788 3677 Romano
814 3631 941 3691 suscepto
964 3640 1060 3692 pacem
1082 3640 1194 3690 compo-

107 3702 632 3767 nonmagisbellicosuseritquamcerva
669 3702 738 3761 suit,
761 3714 830 3765 quae
848 3700 998 3752 tamenim
1016 3702 1063 3751 luit
1079 3702 1194 3751 servitu-

107 3780 171 3828 σοι.»
190 3806 219 3815 -
237 3778 330 3842 plagis]
347 3780 471 3842 «Proprie
486 3780 578 3841 plepee
595 3776 633 3826 iu-
670 3776 729 3825 tis.»
753 3777 850 3826 Pacem
861 3779 951 3827 aulem
964 3790 1026 3827 cum
1037 3776 1114 3827 hoste
1127 3776 1193 3823 inire

107 3852 630 3916 nes,quibusretietenduntur.»Senon.
671 3864 722 3900 non
743 3863 812 3900 unus
832 3849 927 3913 uliquis
945 3853 1051 3915 poterat
1066 3850 1192 3913 privatus.

136 3928 175 3977 33.
194 3927 349 3990 mumulo]
369 3928 478 3990 Egregie
490 3928 633 3991 opponitur
669 3925 717 3975 sed
742 3924 880 3974 dumtaxat
896 3927 922 3973 S.
945 3928 972 3974 P.
996 3927 1025 3984 Q.
1048 3924 1096 3977 R.;
1126 3935 1194 3984 qua·

107 4012 128 4047 u.
145 4002 267 4067 perfidie,
286 4003 316 4051 ut
332 4000 379 4049 od.
400 4002 427 4061 3,
446 4002 492 4063 el,
506 4002 551 4051 eu:
578 4002 633 4051 Eu-
669 4001 780 4063 propter
796 3998 852 4057 ille,
872 3999 1044 4061 quantumin
1062 3998 1119 4059 ipso
1137 3996 1193 4055 init,

106 4088 163 4136 repe
186 4076 290 4125 niem
311 4076 394 4124 doloso
421 4076 530 4125 Credidit
557 4080 633 4124 lauru
670 4074 759 4137 populi
781 4074 890 4123 llomeni
911 4073 1079 4122 maiestatem
1101 4071 1195 4121 minuit

107 4148 178 4198 lum.
199 4148 431 4209 Cic.adFem.i,
450 4150 526 4210 7,3;
546 4163 632 4211 quem-
670 4162 701 4197 ac
719 4148 785 4211 perd
823 4146 863 4197 liis
881 4160 978 4195 nomeu
995 4147 1052 4195 iure
1064 4148 1192 4195 meretur.

108 4224 313 4283 ndntodumnos,
326 4224 631 4282 uirloriuoredldemut,
673 4223 774 4271 -iueei
847 4221 1194 4284 smeraiguoreutieveree
