2934 4884
657 365 786 416 llORA‘l'll
805 365 974 417 crastiuum

524 521 645 586 Litibus
668 520 793 586 orbum.

399 684 477 746 Turn
499 700 608 754 meae,
632 680 659 744 sl
681 679 761 766 quid
781 679 897 766 loquar
920 678 1134 757 audiendum,
1318 681 1358 744 ts

397 801 490 867 Vocis
513 798 647 866 accedet
668 798 755 865 bona
776 821 867 887 para,
891 810 938 876 et,
962 800 992 867 Ο
1015 800 1069 867 801

398 920 550 988 Pulcher!
574 943 593 986 0
615 919 796 986 laudande!
820 941 949 997 canam,
973 933 1105 1010 recepto

526 1043 667 1108 Caesare
690 1040 773 1108 telin.

337 1268 377 1320 itt.
396 1269 491 1406 ἱῖᾳιιαν]
503 1266 676 1391 Bsciddcti':
703 1267 793 1328 loquor
813 1264 933 1328 bstxvx,
952 1269 1018 1318 Pott.
1038 1268 1067 1329 t,
1086 1269 1115 1327 9,
1141 1269 1200 1332 l3.‚
1223 1269 1326 1333 Bentl,

305 1345 339 1394 ti.
361 1367 388 1378 -
425 1344 482 1392 7.o
509 1347 532 1392 ct
570 1379 575 1390 .

273 1537 372 1600 (solute)
392 1549 426 1586 nr
446 1539 508 1588 Rau.
532 1537 593 1587 Aac.
611 1536 660 1586 Dio
678 1534 725 1592 tt,
746 1536 794 1583 te:
834 1537 933 1586 simum
957 1549 1002 1586 me
1027 1540 1154 1602 reputans
1174 1543 1288 1604 propter
1307 1543 1360 1592 pu.

274 1606 364 1672 εὐχὰς
389 1605 460 1681 ὑπὲρ
491 1607 544 1674 τῆς
571 1605 715 1660 ἐπανόδου
745 1607 797 1659 τοῦ
835 1612 942 1672 gustum
957 1611 1114 1662 reducem.»
1141 1613 1230 1676 conge
1244 1617 1361 1666 macrior

272 1680 442 1752 Αὐγούστου
460 1680 646 1750 ἐποιήσαντο.
666 1683 730 1734 Ludi
748 1697 798 1733 au·
834 1684 879 1732 liic
893 1686 935 1734 eet
951 1698 1060 1746 sensus,
1079 1699 1161 1750 quam
1177 1689 1201 1737 si
1216 1703 1283 1740 cum
1294 1691 1360 1741 vos-

273 1766 328 1812 tem
345 1761 387 1810 isti
404 1761 497 1821 votivi,
517 1773 584 1823 quos
602 1761 681 1823 poeta
696 1758 797 1808 editum
835 1758 874 1808 sio
900 1760 927 1808 et
952 1757 1071 1822 Gargallo
1096 1774 1122 1810 v.
1139 1761 1203 1824 (elic
1227 1764 1264 1813 ad
1287 1766 1361 1814 sdan

273 1837 304 1886 iri
322 1835 398 1896 dicit,
417 1835 480 1885 editi
497 1837 559 1886 sunt
576 1833 724 1884 demuma.
738 1833 795 1883 itt.
834 1831 949 1891 reterns,
967 1835 997 1882 ut
1015 1835 1050 1884 sit
1068 1833 1268 1888 exclamationis
1288 1852 1358 1902 pars.

273 1911 330 1973 (Diu
348 1909 395 1969 st,
413 1909 464 1972 at.)
483 1911 511 1959 et
534 1909 636 1958 nummi
659 1908 714 1957 cusi
735 1921 797 1957 cum
867 1905 908 1955 ta.
929 1906 1019 1968 Teque,
1036 1910 1098 1957 dte»
1109 1911 1236 1975 procedit]
1254 1913 1361 1963 itiam-

274 1985 445 2049 inscriptione
471 1985 611 2034 torrium.
638 1984 743 2034 Rsnrcr.
768 2009 795 2018 —
834 1979 942 2042 phush.
956 1978 972 2029 l.
986 1980 1059 2031 velut
1074 1985 1189 2034 numinis
1205 1985 1290 2036 divini
1308 1987 1361 2037 tor-

273 2060 369 2123 orbum]
389 2071 532 2117 «vacuum,
548 2058 797 2120 propteriustitium
835 2066 908 2103 mam
934 2054 1034 2115 induit,
1061 2057 1134 2120 quod
1159 2057 1287 2109 invocent
1309 2062 1360 2110 lio-

272 2135 432 2186 indictum.»
471 2131 545 2182 Pind.
572 2132 663 2181 isthm.
689 2131 717 2192 3,
745 2131 795 2181 26:
835 2129 907 2177 mani
934 2130 1057 2192 (prorsus
1083 2132 1115 2180 ut
1140 2131 1224 2195 Epod.
1251 2134 1283 2195 9,
1310 2136 1358 2184 at:

274 2199 607 2276 xsluda'vvag-dpcpauol
619 2198 739 2275 Ὕβριος,
833 2203 860 2251 Io
891 2203 1038 2265 Trtmtplte,
1075 2210 1103 2254 tu
1125 2208 1239 2256 moraris
1271 2223 1362 2259 marcos

306 2283 347 2334 ts.
374 2281 415 2333 ts.
441 2281 540 2342 siquid
556 2279 660 2343 lupam]
678 2277 796 2344 supple:
834 2276 931 2326 &tntu
947 2278 1024 2340 cet),
1041 2279 1194 2342 etquidem
1212 2296 1247 2331 ex
1264 2283 1360 2334 eadem

274 2361 382 2416 «lunen
410 2369 463 2420 quo
486 2357 593 2406 nomine
616 2357 735 2418 praestat
755 2354 797 2403 tu·
834 2349 877 2400 illa
888 2351 1071 2415 antiquissima
1084 2353 1211 2415 termula,
1229 2369 1303 2418 quae
1319 2361 1360 2407 ter

206 2435 211 2448 ¹
274 2436 380 2483 turum:
405 2444 466 2480 nam
483 2443 613 2494 praesens
631 2432 738 2493 tempus
754 2429 797 2477 ni·
834 2426 958 2475 continuo
974 2427 1087 2490 repetita
1103 2429 1234 2491 reperitur
1250 2431 1277 2480 in
1295 2433 1362 2482 Car-

273 2508 324 2558 mls
336 2506 446 2556 demissi
458 2505 538 2554 animi
551 2506 639 2554 esset:
661 2503 702 2553 asi
714 2505 798 2554 omni-
834 2501 906 2550 mine
919 2502 1040 2551 tranum
1049 2503 1198 2553 Arvalium:
1210 2506 1239 2554 Io
1249 2507 1362 2557 Tarraca

273 2595 307 2631 no
333 2582 356 2631 is
386 2593 459 2639 sum,
497 2579 573 2628 cuius
599 2579 717 2627 carmina
745 2577 796 2640 legi
834 2575 900 2638 (sie).
927 2576 966 2624 lta
982 2576 1008 2625 in
1024 2578 1142 2628 nummis
1159 2580 1246 2640 gentis
1263 2583 1359 2645 Papiae

273 2657 453 2703 mereantur.»
477 2653 575 2701 Verum
591 2652 642 2700 hoc
658 2653 734 2701 dicit:
755 2653 796 2702 αεὶ
835 2650 914 2712 caput
939 2648 1054 2699 iuvenile
1079 2649 1229 2702 laureatum
1256 2658 1361 2720 conspi-

273 2742 350 2779 meae
364 2727 479 2778 laetitiae
490 2740 542 2775 vox
554 2726 632 2788 digna
644 2728 706 2787 erit¹
726 2741 796 2789 quae
833 2723 916 2783 citur,
944 2725 1112 2787 prominente
1147 2739 1218 2790 pone
1249 2731 1361 2794 tropaeo

274 2801 317 2853 illo
344 2802 386 2852 die
419 2802 486 2851 lesio
512 2799 661 2850 audiatur.»
706 2801 796 2864 Longe
834 2811 894 2847 cum
924 2798 1112 2861 inscriptione:
1145 2801 1270 2853 aarum
1287 2806 1359 2868 (sic).

273 2875 348 2926 aliter
359 2874 402 2924 alii
412 2871 554 2936 explicant:
575 2873 797 2924 «accedetaccla-
833 2871 931 2922 Eckhel
947 2871 979 2922 D.
997 2875 1028 2922 N.
1047 2873 1078 2922 V.
1096 2886 1123 2937 p.
1143 2875 1200 2924 267.
1219 2877 1312 2929 Riccio
1324 2882 1359 2930 it.

273 2949 402 3000 manlium
419 2947 513 2998 turbae
531 2961 626 3010 magna
643 2961 707 3012 pars
718 2963 796 3000 meae
832 2949 861 2997 F.
880 2949 908 2996 a.
926 2961 953 3011 p.
974 2948 1031 2997 tta.
1057 2949 1236 3012 Interpretare
1263 2952 1358 3014 igitur:

272 3025 361 3082 vocis;
388 3022 488 3085 idest,
515 3022 670 3074 acclamabo
688 3026 713 3074 ei
730 3038 797 3075 con·
835 3022 919 3070 «pum
949 3023 1072 3085 procedit
1097 3025 1231 3086 Augustus
1266 3029 1361 3078 trium

274 3100 345 3148 tenta
362 3110 457 3147 voce.»
481 3098 534 3148 Sed
555 3099 616 3148 huic
637 3099 797 3163 interpreta—
833 3096 919 3158 phane
944 3109 959 3145 a
985 3099 1062 3160 porta
1088 3098 1242 3162 triumphali
1275 3114 1360 3166 usque

273 3173 336 3222 ttoni
354 3173 462 3222 omnino
478 3175 679 3236 repugnantvv.
698 3173 727 3223 st
738 3174 798 3235 paud
833 3170 867 3219 ad
885 3171 1058 3234 Capitolium,'
1075 3185 1124 3223 nos
1141 3177 1179 3235 te,
1202 3175 1359 3241 Triumphe,

273 3249 365 3310 lupum
385 3248 553 3308 audiendum,
581 3261 664 3311 quae,
691 3247 739 3298 ubi
761 3248 795 3299 dc
834 3258 888 3295 uon
904 3245 1002 3307 semel,
1027 3245 1076 3297 sed
1094 3249 1219 3298 continuo
1237 3250 1360 3302 dicemus

273 3321 398 3373 altissima
422 3334 453 3370 ac
473 3334 557 3386 prope
575 3323 713 3372 Stentorea
729 3336 796 3373 voce
834 3331 910 3368 sacra
937 3321 975 3382 (ut
995 3321 1032 3370 ait
1047 3323 1150 3385 Senon.)
1173 3324 1201 3371 et
1221 3321 1294 3374 laeta
1315 3337 1361 3375 ac·

274 3395 427 3461 explicans,
455 3396 544 3446 nescio
562 3396 627 3458 quid
644 3396 744 3447 habeut
760 3399 798 3447 ri·
834 3392 993 3444 clamatione
1010 3407 1108 3445 nomen
1126 3398 1201 3446 tuum
1221 3398 1259 3448 ita
1284 3398 1360 3450 idan-

275 3469 363 3520 diculi.
393 3469 462 3519 Vocis
481 3472 572 3520 autem
583 3469 649 3519 bono
665 3483 730 3532 pars
746 3471 798 3520 hoc
835 3468 917 3518 tidem
934 3472 1099 3533 repetentes:
1123 3472 1150 3520 lo
1168 3471 1317 3536 multuplo,
1335 3476 1359 3525 lu

273 3544 419 3608 significat:
434 3543 578 3593 «Omnibus
589 3543 690 3594 viribus
703 3545 796 3607 enitar,
836 3543 991 3606 Tritenpte.»
1025 3545 1091 3594 inde
1114 3549 1238 3597 autema
1264 3563 1292 3598 v.
1318 3549 1356 3600 49.

274 3623 303 3670 ut
319 3619 437 3669 carmine
458 3615 617 3668 laetissimos
641 3631 716 3669 meos
734 3633 798 3670 sen·
834 3619 975 3669 manifesto
1007 3632 1060 3669 nou
1094 3620 1147 3669 iam
1172 3618 1293 3684 loquitur
1326 3623 1358 3674 dc

274 3707 320 3744 sus
342 3693 376 3741 de
399 3693 522 3742 Caesaris
544 3693 630 3742 reditu
653 3694 731 3757 digno
750 3708 798 3744 ex·
835 3692 998 3744 carminibus
1022 3692 1065 3743 vel
1091 3707 1107 3742 a
1132 3699 1303 3761 semetipso
1318 3696 1359 3748 vel

273 3768 406 3831 primam,
425 3765 490 3815 dum
508 3767 549 3825 tu,
575 3763 643 3828 lule,
668 3766 737 3818 illius
753 3781 798 3819 res
834 3768 869 3818 ab
886 3770 999 3818 Antonio
1015 3768 1058 3819 vel
1075 3768 1110 3818 ab
1127 3771 1244 3834 utroque
1261 3774 1289 3823 in
1307 3778 1359 3824 Au·

273 3842 362 3902 gestas
394 3841 474 3902 atque
500 3840 609 3890 virtutes
638 3841 796 3901 celebrasm
835 3843 903 3906 gusti
920 3843 1049 3893 honorem
1066 3842 1228 3907 pangendis,
1252 3847 1304 3896 sed
1327 3846 1358 3896 dc

273 3927 342 3976 quae
355 3915 504 3964 carminum
520 3918 674 3978 argumenta
687 3929 797 3979 prorsus
835 3918 892 3981 ipso
909 3918 1036 3981 principis
1052 3916 1243 3982 gloriosissimo
1265 3921 1359 3971 trium-

274 3991 336 4038 sunt
361 3989 475 4040 diversa.
505 4015 532 4026 -·
560 3991 662 4040 «Solem
686 4004 736 4054 pro
754 3991 797 4041 die
834 3995 888 4057 pho
913 3992 947 4042 ab
972 3995 1086 4056 utroque
1114 3995 1172 4045 eius
1197 3994 1359 4046 ainamma

274 4064 379 4124 posuit,
407 4075 460 4126 quo
483 4063 567 4114 victor
584 4065 684 4115 Caesar
701 4064 797 4115 urbem
835 4079 940 4118 summa
958 4079 1020 4117 cum
1038 4065 1136 4117 laedtla
1153 4070 1181 4118 et
1197 4067 1258 4119 altis
1275 4068 1359 4120 accla-

275 4135 409 4198 ingressus
427 4141 494 4189 est.»
512 4141 607 4190 Aaron.
834 4142 996 4193 mationibus
1009 4141 1165 4207 spectando.
1180 4167 1208 4178 -
1223 4144 1252 4192 ln
1265 4145 1359 4194 consti

308 4209 349 4260 ts.
376 4212 483 4264 Caesare
496 4215 573 4278 setta]
604 4215 677 4277 «ago
699 4212 797 4264 felicis·
833 4216 934 4266 tuendo
942 4217 1034 4268 autem
1042 4217 1094 4268 hoc
1102 4216 1257 4268 locosecuti
1265 4230 1358 4268 summ
