2934 4884
491 358 549 407 cm.
567 359 608 407 lll.
645 358 673 407 C.
693 358 757 409 lllll.

256 513 362 579 Nescit
385 522 529 599 tangere,
558 522 590 579 tu
614 514 712 601 frigus
735 512 871 579 amabile

302 634 410 701 Fossis
433 654 563 701 vomere
586 634 685 701 tauris

339 754 481 823 Praebes
503 766 536 822 et
556 756 666 843 pecori
689 776 780 843 vago.

255 916 326 981 Fies
348 912 501 980 nobilium
523 924 559 979 tu
581 934 712 1003 quoquc
733 916 881 990 lotitiam,

256 1036 305 1103 lle
327 1036 454 1103 dicente
477 1036 565 1103 cavis
588 1036 769 1123 impositam
795 1036 899 1103 ilicem

273 1176 275 1183 ’
296 1156 403 1232 Saxis,
427 1155 513 1225 unde
535 1156 689 1244 loquaces

341 1276 506 1367 Lymphae
530 1278 680 1345 desiliunt
701 1289 785 1345 tuae.

155 1496 194 1546 to.
219 1494 337 1559 (Habent
356 1494 482 1557 lymphas
499 1493 582 1545 Codd.
604 1494 656 1543 mei
674 1496 701 1544 et
721 1493 888 1553 Pottieriaui,
918 1507 970 1544 nou
992 1495 1133 1557 upapam,

123 1570 192 1633 quod
210 1570 342 1635 praebent
357 1564 420 1633 βλξ,
438 1582 493 1619 vor.
512 1567 572 1618 lect.
591 1570 619 1629 ι.)
641 1596 668 1603 -
686 1568 810 1618 duditant
825 1568 851 1618 d.

94 1757 200 1819 quoda.
220 1757 277 1806 7⁴7.
295 1768 475 1820 praepropere
492 1754 608 1805 iecisset.
646 1755 755 1817 idest,
793 1754 967 1821 «loquaciter,
1005 1759 1080 1820 grato
1105 1770 1167 1807 cum

96 1857 119 1865 —
144 1830 236 1895 iliceto]
264 1830 400 1881 collective
425 1843 474 1895 pro
497 1829 608 1894 plurali,
647 1844 816 1892 murmure»,
834 1834 864 1881 ut
879 1832 954 1881 Ouid.
968 1834 1035 1883 Fast.
1054 1834 1084 1893 Ξ,
1100 1831 1165 1881 cto:

96 1908 122 1954 ut
136 1905 255 1969 plerique
273 1906 307 1955 de
324 1904 388 1956 silva
405 1906 611 1969 interpretantur
647 1906 773 1957 Gmaadm
787 1908 815 1956 io
826 1908 912 1969 priato
928 1908 1012 1956 Mac
1021 1908 1092 1955 riom
1101 1911 1166 1955 erut.

96 1980 207 2044 Propert.
226 1979 255 2039 3,
274 1979 302 2039 3,
321 1980 368 2029 ⁴3:
388 1980 450 2030 Caco
465 1992 505 2029 me
521 1979 610 2029 cmto-
646 1981 730 2032 Minus
748 1982 809 2045 apte
826 1981 883 2031 alii:
902 1982 1017 2041 aquom
1032 1986 1091 2031 tuuc
1106 1981 1169 2042 tvos·

96 2052 127 2101 liu
149 2054 279 2116 speculam
303 2066 335 2104 om
367 2053 481 2104 arcora
504 2052 611 2104 Phoebos
642 2056 709 2117 phua
725 2054 848 2105 uicatim
867 2056 957 2105 Lectio
974 2058 1065 2105 autem
1083 2053 1166 2105 Codd.

96 2128 132 2176 Sic
147 2131 183 2179 ott
200 2132 252 2179 cet.
646 2128 708 2193 aliq,
730 2131 791 2192 (non
808 2131 938 2192 meorum)
956 2130 1085 2191 Nmauptuo
1105 2142 1169 2193 pro·

647 2218 680 2267 pe
709 2201 847 2254 ridiculam
882 2201 995 2268 praebet
1026 2204 1168 2265 imaginem

126 2280 162 2327 ts.
190 2279 231 2329 lo.
257 2278 345 2342 Souis]
373 2282 478 2338 «antro,
507 2292 540 2327 ex
556 2288 610 2341 quo
647 2278 831 2341 Nympharum
852 2278 908 2327 siue
926 2276 978 2328 ulla
995 2289 1105 2340 prorsus
1127 2276 1168 2325 iu·

98 2352 254 2413 inmoritur,
267 2352 370 2402 ilicibus
382 2356 478 2403 tectum
493 2380 520 2389 -—
537 2350 609 2415 uode]
648 2352 814 2401 termissioue
832 2365 881 2415 per
897 2364 959 2402 saxa
972 2348 1166 2406 desilientium;

99 2440 140 2475 εει
156 2427 279 2491 quibus.»
298 2428 336 2478 Cl.
356 2427 390 2476 ad
407 2427 494 2487 oct,
510 2428 555 2487 ta,
569 2427 608 2475 Π.
648 2428 675 2475 ct
700 2428 789 2475 tamen
814 2427 913 2475 inventi
938 2428 1014 2484 suut,
1041 2425 1086 2489 qui
1108 2437 1168 2475 eam

99 2503 126 2559 4,
142 2502 186 2563 ⁴28,
204 2504 246 2553 28.
265 2504 294 2561 ἢ,
314 2504 359 2564 li,
378 2503 402 2551 7.
430 2529 458 2538 -
488 2502 610 2565 loquaces]
648 2500 801 2565 probarent,
814 2499 893 2550 veluti
905 2502 1048 2550 Gesnerus.
1067 2500 1168 2549 Festive

100 2575 170 2626 lecte
195 2576 329 2628 Bentleius
354 2577 515 2629 construxit:
546 2578 612 2627 unde
647 2574 796 2626 Bentleius:
824 2576 979 2639 «Nymphae
1001 2588 1063 2625 cum
1084 2571 1168 2624 semel

99 2648 204 2713 tmpore
228 2656 287 2701 tuoe
316 2652 445 2712 micat,
479 2652 609 2714 monaca,
649 2664 681 2701 ex
699 2651 775 2699 antro
792 2649 959 2711 desilucrinl,
977 2649 1042 2713 quid
1058 2650 1152 2699 tum‘l·
