2934 4884
695 352 823 403 storiati!
843 351 1011 403 illultlsu'ti

524 511 681 575 Mercator
701 509 845 575 exsiccet
866 506 992 574 culullis

564 632 643 696 Vina
665 631 749 719 Syra
772 639 921 715 reparata
944 648 1066 699 merce.

481 790 536 855 Dis
558 810 655 854 carus
676 788 772 875 ipsis,
802 787 924 875 quippe
947 798 996 852 ter
1017 796 1049 851 et
1071 794 1187 872 quater

482 914 572 976 Anno
596 911 742 976 revisens
765 930 890 996 aequor
911 906 1101 973 Atlanticum

524 1033 668 1117 impune.
713 1031 764 1096 lle
787 1040 924 1116 pascunt
944 1027 1064 1097 olivae.
1366 1027 1404 1091 lb'

379 1221 416 1268 ll.
436 1220 476 1266 eui
498 1218 547 1267 illis
567 1220 600 1278 B,
623 1219 712 1267 cultum
733 1220 760 1269 T.
787 1246 814 1254 —
841 1221 879 1268 lb.
899 1222 1008 1280 pascant
1028 1228 1089 1265 cum
1114 1214 1129 1264 λ
1153 1218 1179 1265 et
1196 1218 1259 1265 Tan.
1280 1216 1369 1266 Fabro

345 1292 428 1343 ilenti.
449 1294 564 1355 (pascunt
580 1306 675 1343 omnes
692 1294 746 1343 mei
764 1295 791 1343 et
808 1291 941 1353 Pettierii.)

311 1460 425 1510 alterum
443 1462 522 1510 dedit:
548 1462 687 1525 «premunt
703 1462 786 1510 vitem
805 1462 835 1520 li,
873 1462 931 1509 erat
958 1462 1067 1523 propter
1094 1459 1209 1509 Lllblieri
1238 1460 1403 1509 contrariam

312 1534 410 1597 quibus
422 1536 535 1584 Fortuna
554 1534 627 1584 dedit
642 1536 751 1585 uitem.»
775 1536 837 1584 Dn-
873 1534 1039 1583 sententium.
1071 1534 1187 1593 Etenim,
1206 1535 1235 1581 ut
1252 1534 1304 1582 Sat.
1319 1534 1351 1592 ἓ,
1373 1533 1402 1588 3,

313 1621 463 1668 ressuscita,
478 1610 520 1657 rui
533 1608 601 1658 ultro
610 1608 756 1658 obsecutus
765 1622 835 1659 sum.
874 1608 933 1656 ⁴29:
961 1621 1043 1657 samos
1059 1634 1072 1643 -
1084 1634 1098 1643 -
1112 1621 1172 1667 quos
1197 1620 1257 1656 aere
1278 1610 1403 1669 poro-ris,

312 1684 422 1745 Saepius
440 1684 521 1738 enim.
541 1696 622 1745 quarn
637 1682 726 1731 adbuc
738 1684 836 1732 iactum
873 1682 911 1731 sic
929 1682 955 1731 b.
974 1679 991 1731 l.
1009 1694 1133 1742 reparare
1151 1684 1191 1729 est
1210 1682 1325 1731 «mercis
1343 1680 1404 1730 loco

312 1757 367 1814 est,
403 1754 501 1819 duplici
532 1756 683 1807 huiusmodi
714 1760 838 1807 constru-
874 1756 1093 1819 (permutatione)
1121 1768 1248 1815 parare.»
1289 1756 1404 1805 Bentleii

312 1829 400 1878 ctione
412 1828 572 1881 difficiliores
583 1834 723 1894 poetarum
737 1832 839 1881 Latino-
873 1830 1055 1891 interpretatio
1095 1830 1226 1889 scandito,
1266 1829 1404 1878 medicata

312 1916 372 1951 rum
380 1902 453 1953 locos
462 1905 604 1954 commode
614 1905 748 1968 explanari
757 1919 837 1968 posse
874 1905 983 1962 nardo»,
1005 1906 1135 1967 repugnat
1152 1903 1338 1953 consuetudini
1358 1906 1406 1952 La-

313 1977 377 2025 mibi
388 1990 548 2040 persuasum
560 1982 609 2028 est.
625 1981 747 2039 —Catem
761 1982 838 2029 Cam·
874 1981 952 2028 tinae.
980 1976 1067 2027 Altera
1085 1977 1164 2028 leutio
1181 1984 1209 2027 ut
1226 1980 1323 2037 aures,
1345 1982 1403 2027 orta

312 2052 406 2115 paniae
430 2052 558 2115 oppidum
581 2055 607 2102 iu
630 2068 694 2116 agro
712 2054 835 2115 Sidicino,
874 2054 1209 2112 exconiunctivoeasicret‚
1225 2051 1318 2102 salsam
1333 2052 1404 2101 banc

311 2124 393 2174 bodie
412 2126 491 2175 Calui.
527 2128 555 2175 in
572 2141 652 2191 prosa
670 2131 748 2179 orat:
773 2149 784 2174 a
792 2129 838 2177 Vi·
873 2128 950 2177 inient
967 2128 1137 2177 sententiam:
1159 2126 1220 2176 milii
1239 2124 1349 2176 Calibus
1365 2126 1404 2173 ri-

312 2212 378 2249 ueas
396 2199 499 2249 leraces
514 2200 621 2251 Calibus
633 2202 762 2262 habeant,
782 2204 840 2265 qui·
873 2204 934 2250 neta
952 2200 986 2250 ad
1004 2214 1066 2250 eum
1086 2202 1167 2249 linem
1185 2198 1279 2259 colant,
1299 2202 1330 2247 ut
1345 2213 1405 2263 pre-

311 2272 363 2323 bus
380 2274 407 2323 id
424 2277 557 2325 concessit
573 2278 716 2326 Fortuna.»
744 2278 791 2327 Od.
812 2279 835 2337 t,
873 2277 940 2325 tiosa
969 2276 1028 2324 vina
1058 2274 1175 2324 habeant
1205 2276 1403 2323 mercatores.»

311 2349 353 2409 20,
371 2350 401 2397 9:
421 2350 512 2399 Caleno
524 2352 596 2411 preto
614 2352 734 2401 domitam
750 2366 836 2413 uvam,
874 2349 1010 2399 Manifesto
1028 2348 1081 2398 duo
1094 2347 1162 2412 volgi
1180 2361 1278 2411 genera
1290 2344 1403 2417 παρολ-

311 2424 381 2472 inter
398 2423 458 2472 vina
475 2426 654 2485 generosiora.
873 2420 966 2488 λη’λως
993 2426 1142 2487 ponuntur,
1172 2423 1233 2471 hinc
1261 2423 1404 2471 vinearum

346 2497 385 2544 lt.
404 2497 517 2559 ersiccet]
537 2501 681 2560 repetet»¹
704 2512 766 2548 cum
789 2499 838 2550 ali·
873 2510 1059 2561 possessores,
1086 2494 1156 2545 illinc
1180 2494 1274 2546 divites
1294 2508 1404 2545 merca-

312 2583 365 2631 qua
389 2570 520 2620 aviditatis
546 2572 744 2633 significatione.
781 2576 834 2623 Cic.
874 2574 954 2621 tores.

312 2642 346 2691 ad
360 2642 448 2692 Fautil.
463 2645 503 2702 to,
522 2645 563 2693 26:
583 2647 738 2709 lupence„
749 2649 837 2709 furtim
909 2646 948 2695 13.
975 2647 1022 2695 Dis
1042 2660 1118 2695 corre
1138 2645 1206 2708 ipsis]
1227 2644 1296 2694 Κατ’
1318 2646 1403 2715 εἰρω-

312 2717 459 2765 erst'ceoioe.
488 2717 535 2766 0d.
564 2720 592 2778 t,
620 2719 666 2779 35,
693 2720 738 2768 at:
768 2723 838 2770 codis
874 2722 960 2771 νεὶαν.
990 2718 1149 2770 «Mercatori
1173 2720 1214 2767 isti
1238 2720 1303 2767 deos
1321 2720 1402 2769 valde

312 2790 374 2839 Corn
390 2791 460 2852 faece
476 2793 581 2840 siccatis.
603 2820 631 2829 -
649 2794 756 2858 emaus]
770 2798 835 2845 «Ca-
873 2794 1001 2858 propitios
1018 2807 1093 2854 esse,
1122 2794 1205 2855 magis
1227 2795 1299 2841 certe
1318 2806 1403 2855 quam

311 2862 376 2913 lices
393 2863 500 2924 fictiles,
520 2866 617 2927 quibus
631 2867 770 2930 pontifices
787 2871 839 2918 vir·
873 2868 983 2932 pauperi
995 2870 1100 2931 poetae,
1119 2865 1182 2916 illud
1192 2866 1311 2928 prolecto
1330 2865 1403 2916 clare

311 2938 440 3001 ginesque
466 2939 586 2989 Vestales
614 2942 640 2990 in
668 2942 752 2992 sacris
777 2946 838 2993 uta·
873 2943 1053 3003 demonstrat,
1083 2941 1155 3004 quod
1184 2942 1326 3003 quotannis
1355 2941 1403 2991 ali-

312 3010 435 3061 bantur.»
454 3015 544 3063 Senot.
576 3016 643 3064 Tum
669 3016 703 3065 de
725 3018 836 3069 divitum
874 3018 977 3080 quoties
1008 3017 1034 3065 in
1063 3018 1148 3065 terras
1176 3013 1253 3077 longe
1282 3020 1403 3065 remotas

312 3086 498 3149 grandioribus
525 3088 627 3151 poculis
657 3091 834 3156 (Humpen).
873 3092 931 3141 sine
953 3089 1004 3140 ulla
1020 3085 1126 3140 'iactura
1144 3093 1171 3139 et
1187 3090 1245 3139 siue
1264 3090 1403 3153 naufragio

312 3162 366 3210 Art.
385 3164 457 3225 poet.
477 3162 534 3213 lii.
872 3167 1003 3228 penetrat.
1033 3166 1087 3227 Ego
1111 3178 1174 3213 tero
1198 3162 1311 3224 deliciis,
1341 3166 1403 3227 qui-

346 3237 384 3285 ts.
404 3237 592 3301 spru-merce]
611 3242 738 3290 aromatis
756 3244 835 3303 atque
873 3240 924 3291 bus
952 3238 995 3289 ille
1020 3240 1126 3298 fruitur,
1156 3241 1267 3303 spretiS,
1297 3238 1403 3303 simpli-

312 3312 453 3373 unguentis
478 3325 511 3361 ex
536 3312 611 3362 India
636 3316 662 3363 et
687 3315 782 3364 Arabia
810 3316 835 3365 iu
873 3315 986 3365 cissimis
1004 3314 1155 3377 quibusque
1174 3312 1241 3364 cibis
1259 3316 1346 3363 utor.»

311 3386 403 3446 Syriae
429 3385 630 3451 Phoenicesque
652 3388 749 3451 oppida
772 3403 837 3439 eon·
907 3390 946 3437 ts.
981 3388 1141 3438 ludicativus
1166 3394 1275 3449 poscunt
1299 3389 1327 3436 et
1353 3401 1402 3437 au-

310 3461 394 3511 vectis
412 3462 517 3511 atinde
536 3462 768 3523 Romamdelatis3
788 3478 836 3527 pro
874 3464 993 3512 ctoritate
1019 3462 1102 3511 Codd.
1128 3462 1347 3521 commendatur,
1375 3463 1404 3510 et

311 3535 352 3585 bis
370 3537 447 3598 igitur
464 3539 598 3586 mercator
614 3544 732 3599 reparat,
757 3539 836 3587 vicis·
874 3539 929 3601 ipsa
947 3538 1090 3595 sententia,
1118 3550 1186 3599 quae
1205 3537 1292 3600 potius
1310 3538 1402 3599 requi-

311 3610 362 3659 sim
382 3614 473 3673 parat,
500 3614 635 3675 permutat
655 3614 716 3661 vina
737 3616 835 3663 Graeca
873 3612 906 3660 rit
924 3623 982 3660 rem
1001 3614 1116 3671 certam,
1138 3612 1258 3673 praestat
1273 3612 1401 3673 optativo.

312 3683 339 3731 et
363 3683 460 3734 italica.
496 3686 721 3737 permutationem
747 3690 837 3737 autem
887 3686 947 3733 ·46.
975 3685 1096 3749 moturae]
1120 3686 1200 3744 Quasi
1222 3689 1402 3754 εικιχορεῑον

311 3758 372 3804 ante
398 3758 490 3808 oculos
512 3758 589 3809 nobis
611 3762 686 3823 ponit
707 3764 786 3825 poeta
809 3763 838 3811 ut
874 3773 922 3824 pro
947 3756 1099 3829 κιχώριον,
1126 3758 1224 3822 volgari
1249 3758 1401 3808 Latinonrm

311 3830 444 3880 actionem
469 3834 661 3885 evidentiorem
687 3840 725 3894 et,
752 3848 836 3901 prope
874 3835 1034 3899 pronuntiat.
1064 3834 1209 3883 cichorium.
1249 3831 1343 3883 Celsus
1372 3834 1399 3887 i.

312 3902 438 3963 dixerim,
472 3909 555 3969 magis
586 3910 719 3972 poeticam
756 3922 837 3973 quum
874 3908 920 3959 ii:
944 3909 1069 3958 stomacho
1086 3913 1148 3970 apto
1164 3912 1222 3957 turri
1238 3906 1338 3957 intubi&
1356 3908 1402 3967 (⁰5-

311 3976 448 4027 sordidam
465 3993 497 4030 ao
513 3983 695 4045 quotidianam
711 3986 765 4035 vini
779 3996 838 4034 em·
875 3984 956 4034 chorii
969 3982 1094 4047 species),
1110 3984 1211 4032 tornea
1222 3984 1272 4031 cet.
1288 4008 1315 4016 -
1329 3980 1400 4043 tures]

312 4051 431 4113 ptionern
467 4054 564 4105 iactam
593 4070 625 4105 ex
653 4058 836 4121 quaesticulo,
877 4058 1060 4109 istomacbum
1078 4070 1130 4106 non
1148 4058 1302 4120 gravamas,
1326 4054 1400 4104 lacile

311 4138 393 4187 quem
428 4128 452 4177 ei
485 4132 638 4191 procuravit
664 4134 730 4193 Syra
764 4146 838 4183 mern
875 4132 1115 4197 concoquendae.»
1150 4133 1197 4195 Ep.
1225 4132 1254 4189 Ξ,
1281 4132 1326 4179 58:
1357 4136 1400 4178 out

312 4202 454 4253 commode
471 4202 585 4253 venilia.
613 4206 775 4256 lionendum
788 4206 838 4255 hor
874 4208 949 4271 pravi
965 4208 1066 4259 Malous
1082 4206 1193 4257 salubres
1209 4206 1317 4268 corpori.
1340 4203 1400 4254 Cel-
