2934 4884
678 363 808 413 HOllATll
826 361 997 412 Clamitent

463 519 514 586 sis
538 517 612 584 licet
633 517 722 594 felix,
746 516 933 604 ubicunque
955 515 1072 590 mavis,

461 642 499 706 Et
521 659 645 706 memor
667 638 781 715 nostri,
806 636 952 711 Galatea,
977 636 1082 709 vivas,

462 765 572 850 Teque
595 781 656 827 nec
678 759 791 826 laevus
813 768 899 824 vetet
922 759 969 823 irc
991 757 1085 844 picus

587 884 654 950 Nec
675 900 758 968 vaga
779 879 899 946 cornix.

462 1039 528 1108 Sed
549 1039 659 1114 vides,
683 1045 804 1124 quanto
826 1034 967 1122 trepidet
988 1034 1126 1101 tumultu

461 1163 586 1228 Pronus
609 1159 719 1226 Orion.
765 1159 832 1246 Ego
854 1155 935 1244 quid
955 1156 996 1222 sit
1018 1166 1087 1223 ater

462 1281 603 1349 Hadriae
624 1279 698 1346 novi
723 1278 813 1346 sinus
835 1277 971 1366 etquid
992 1277 1086 1344 albus

360 1465 398 1513 rc.
418 1463 501 1513 tecvm
517 1462 625 1525 antiqua
643 1458 821 1524 scripturali.
841 1483 869 1492 -
886 1462 950 1508 vetet
971 1457 1142 1518 elisraea:
1164 1462 1233 1508 vetet
1248 1471 1265 1507 e
1282 1457 1345 1509 cod.

324 1537 460 1674 meppie
473 1536 549 1674 J(Pctt.
569 1533 619 1596 tt.)
637 1536 670 1597 L,
696 1532 781 1584 Beati.
799 1533 833 1585 il.
865 1530 905 1592 (Ut
927 1547 990 1596 nos,
1015 1532 1049 1595 J.)
1069 1561 1096 1570 -
1115 1533 1156 1582 tr.
1175 1533 1287 1626 ινῳὲααι
1301 1533 1346 1582 BS.

325 1768 365 1819 te.
392 1769 433 1818 Sir
456 1768 519 1832 ticet]
544 1769 705 1820 'tenerrimis
728 1769 817 1820 versi-
852 1768 927 1819 libet.
963 1767 1016 1818 Sed
1032 1763 1377 1822 illudinterimncnvides,

292 1842 356 1904 bus,
383 1841 504 1892 dolorem
522 1843 557 1892 de
574 1844 677 1894 amicae
693 1843 817 1894 discessu
854 1842 928 1906 quod
944 1841 1070 1892 omnibus
1085 1839 1210 1903 auspiciis
1222 1838 1311 1888 maius
1324 1839 1379 1888 est?

291 1930 431 1982 premens,
456 1917 530 1978 huic,
555 1917 704 1968 dummodo
721 1931 817 1968 aman·
854 1918 923 1967 cet.»
949 1943 976 1952 -
995 1913 1094 1978 comta]
1117 1914 1188 1976 Virss·
1208 1910 1262 1962 Ed·
1283 1911 1313 1972 9,
1335 1911 1377 1962 lli

292 1992 324 2040 tis
353 1989 512 2040 memoriam
540 1992 668 2050 retineat,
702 1990 817 2042 liberam
854 1991 926 2052 Ortod
941 1990 990 2039 nist
1005 2002 1045 2038 mc
1058 2015 1074 2025 -
1087 2013 1102 2024 -
1117 1986 1180 2036 Ante
1195 1987 1303 2036 dnum
1318 1999 1381 2036 ceos

291 2063 478 2129 proficiscendi
490 2065 625 2128 optionem
638 2065 696 2127 dat,
716 2065 818 2116 denuo·
852 2064 986 2113 mmssct
1001 2063 1033 2112 ab
1048 2062 1104 2111 ilice
1120 2061 1219 2110 comte.
1236 2087 1264 2095 -
1278 2061 1379 2110 Novem

292 2150 344 2201 que
362 2139 448 2202 optat,
468 2151 501 2188 ne
520 2137 603 2188 ullum
620 2151 701 2189 omen
718 2139 818 2189 adver·
853 2139 903 2188 ista
928 2138 1018 2188 omine
1045 2136 1143 2200 partim
1167 2133 1253 2194 laeta,
1282 2134 1380 2197 partim

292 2223 353 2260 sum
379 2210 488 2261 abeunti
513 2213 632 2274 eveniet,
660 2212 710 2262 sed
735 2212 817 2262 maris
853 2212 983 2273 aduersa,
1002 2206 1378 2266 nimianonnullisuisasunt3

293 2283 474 2347 periculorum
497 2286 573 2336 anxie
596 2299 656 2336 eam
679 2286 814 2337 admonet.
853 2286 903 2336 sed
926 2287 996 2336 hanc
1026 2283 1244 2347 superstitionem
1266 2280 1380 2347 popula-

294 2387 321 2393 —
348 2360 415 2408 Licet
441 2359 468 2408 ir.
492 2357 509 2408 l.
531 2374 583 2410 non
614 2372 815 2424 «quamquam,
852 2372 912 2411 rem
929 2356 1014 2410 semel
1035 2357 1148 2421 poeticis
1174 2355 1313 2406 coloribus
1332 2368 1380 2404 or·

293 2433 374 2492 etsi»,
393 2433 442 2482 sed
460 2435 485 2482 in
503 2435 640 2497 precando
657 2436 814 2498 usurpatur,
853 2449 918 2486 nare
935 2447 985 2484 suo
1001 2434 1059 2482 iure
1079 2429 1163 2481 voluit
1178 2431 1266 2494 poeta.

291 2507 322 2554 ut
346 2506 401 2556 iere
428 2507 501 2556 idem
526 2509 560 2558 sit
584 2511 664 2571 atque
687 2510 713 2558 in
735 2520 814 2573 prosa
886 2505 1381 2569 ti.48.treptdettumultu]pr.«quau-

292 2582 359 2629 orat.
374 2593 442 2643 uper
457 2593 526 2630 me».
545 2581 620 2632 ovid.
633 2583 695 2632 Met.
709 2581 737 2643 3,
751 2581 815 2632 405ε
853 2586 880 2634 to
898 2583 979 2633 Orion
996 2582 1112 2644 agitetur
1128 2577 1270 2636 tumuttu»,
1289 2579 1378 2638 idest,

292 2653 333 2701 Sic
351 2658 417 2702 amet
432 2655 477 2704 iste
493 2655 561 2716 ticet,
587 2655 623 2704 stc
638 2669 689 2704 coc
700 2657 817 2717 paterer
854 2659 983 2722 «quantam
1000 2656 1177 2720 tempestates
1194 2653 1314 2716 inquieta
1331 2665 1380 2703 sua

292 2731 386 2776 macto.
852 2734 880 2782 vi
906 2732 1041 2782 concitans
1063 2743 1161 2793 procus
1180 2728 1215 2778 ad
1251 2741 1380 2778 occasum

325 2802 364 2850 ra.
379 2800 418 2849 tc.
437 2800 632 2866 laeves-picus]
647 2800 724 2864 Apud
737 2800 816 2852 Plau·
853 2807 971 2867 festinet,
989 2807 1075 2855 ruat.»
1095 2832 1123 2840 -
1140 2805 1249 2864 bocru,
1267 2804 1381 2852 utdeca-

291 2874 817 2936 tumlrisin.2‚l,li.)iaustumestau-
851 2895 902 2930 cars
922 2880 970 2930 Od.
991 2880 1020 2940 t,
1038 2879 1084 2938 28,
1101 2878 1143 2926 at.
1161 2878 1191 2926 Α.
1211 2876 1238 2925 d.
1257 2876 1288 2925 V.
1317 2877 1380 2926 idus

291 2949 404 3012 gurium.
432 2948 484 2998 Sed
501 2961 566 2998 num
584 2950 610 2998 in
627 2949 668 2999 his
680 2949 815 3001 ominibus
853 2954 1007 3015 Novemhr,
1020 2953 1089 3003 teste
1098 2949 1179 3001 Plinio
1189 2950 1229 3010 ⁴8,
1240 2949 1293 3011 st,
1307 2951 1380 2999 orio-

291 3022 440 3072 doctrinam
472 3023 627 3085 auguralem
658 3021 726 3074 alter
753 3027 815 3074 uter
852 3029 893 3079 nis
910 3026 1013 3091 gladius
1030 3025 1154 3076 occidere
1165 3023 1264 3088 incipit.
1294 3026 1375 3074 Leon.

290 3098 369 3161 po'eta
394 3099 518 3146 accurate
543 3097 669 3158 servarit,
696 3098 814 3148 dubitari
852 3103 911 3152 Tar.
924 3089 1003 3152 luth.
1017 3099 1071 3150 Pal.
1084 3101 1104 3149 1.
1113 3113 1141 3164 p.
1152 3099 1216 3149 385:
1233 3096 1378 3168 δνοφερῆς

289 3171 387 3234 potest.
425 3171 470 3232 (De
492 3171 542 3219 hac
563 3185 593 3222 re
614 3174 813 3223 accuratissime
851 3171 968 3240 κύματα
979 3166 1379 3242 πανδυσίηςἜβλαψὫρίω

290 3244 545 3309 disputatoriam
555 3246 815 3297 evactunensem»
851 3265 944 3312 νος.-
954 3244 1376 3312 αεον]ιῐιιυοεωε,ρεῑίου105ιιε.ι

289 3319 347 3382 Spr.
366 3331 424 3384 cap.
443 3319 494 3368 XL.
513 3321 586 3370 flecht
609 3322 663 3370 und
680 3321 765 3385 linit.)
784 3348 812 3356 -
884 3325 925 3375 49.
942 3321 1147 3384 liudrico-sinus]
1164 3320 1326 3384 Simpliciter
1337 3321 1379 3369 est

287 3393 359 3458 vetet]
379 3395 506 3444 Tenerior
523 3395 565 3444 hic
583 3407 679 3445 sensus
695 3396 812 3456 videtur,
852 3411 942 3449 «mare
968 3396 1162 3456 Hadriaticum,
1189 3395 1263 3458 quod
1288 3396 1377 3446 sinum

288 3470 318 3518 ut
346 3478 439 3518 rursus
469 3469 581 3519 inlausta
612 3470 684 3533 signa
713 3470 814 3534 depre-
851 3473 932 3523 maris
956 3471 1038 3522 elficit
1060 3471 1129 3520 inter
1150 3467 1251 3519 ltaliam
1270 3472 1300 3518 et
1316 3470 1377 3532 Epi-

289 3543 377 3604 cetur,
405 3544 526 3605 quamsi
544 3543 670 3594 Lambino
688 3545 814 3594 etBent-
850 3561 910 3598 rum
934 3545 1157 3610 illyricumque»,
1184 3558 1251 3594 uon:
1285 3556 1376 3594 «mare

287 3615 339 3667 leio
367 3607 542 3680 probantibus
572 3631 635 3668 cum
664 3630 717 3668 uno
745 3617 810 3668 Cod.
850 3621 1046 3681 Hadriaticum,
1077 3631 1140 3668 cum
1164 3619 1192 3667 in
1213 3623 1285 3669 atros
1309 3619 1377 3667 dnus

287 3691 370 3739 vatic.
389 3688 463 3752 legas
478 3696 552 3740 uetat.
584 3693 621 3742 lta
637 3693 709 3742 enim
725 3693 812 3742 totum
850 3696 991 3756 curvetur,
1004 3691 1130 3743 fluctibus
1140 3693 1333 3742 intumescat.»
1348 3719 1376 3728 -

287 3764 377 3815 locum
394 3765 456 3816 inde
473 3777 487 3814 a
505 3779 530 3813 v.
546 3767 569 3815 7.
584 3768 692 3831 exponit
707 3768 812 3818 Britan·
850 3771 913 3820 Tota
932 3769 1023 3818 autem
1041 3768 1172 3817 sententia
1190 3768 1216 3816 iu
1232 3778 1316 3830 prosa
1335 3778 1374 3814 or.

288 3853 351 3890 nus:
372 3840 454 3889 «Siste
469 3837 626 3904 paullisper,
646 3841 812 3891 dumomina
849 3844 902 3893 hoc
918 3841 1063 3905 significat:
1090 3841 1173 3902 «Ego,
1200 3852 1282 3903 quam
1302 3839 1377 3903 peri-

289 3914 416 3978 cepimus.
436 3913 467 3963 Et
484 3914 604 3977 prolecto
622 3915 706 3965 fausta
724 3917 813 3966 conci-
849 3915 972 3966 culosum
989 3928 1099 3979 semper
1115 3915 1150 3964 sit
1166 3915 1216 3964 iter
1231 3927 1283 3977 per
1300 3925 1375 3964 mare

288 3989 404 4038 nuerunt
415 4001 488 4039 aves.
504 3987 588 4039 Salvis
600 3990 724 4054 auspiciis
736 3989 811 4040 abire
850 3990 1046 4048 Hadriaticum,
1081 3989 1246 4052 experientia
1279 3987 1376 4037 doctus

288 4061 387 4125 poteris
397 4064 437 4122 et,
449 4062 589 4126 suamque
597 4065 687 4125 mavis,
700 4062 812 4114 feliciter
850 4065 941 4124 novi3»
959 4065 1071 4128 propter
1080 4065 1172 4112 cautes
1184 4062 1257 4112 enim
1273 4065 1302 4111 et
1313 4074 1375 4112 saxa

287 4135 369 4185 vitam
386 4148 474 4198 agere.
510 4139 565 4188 Nec
582 4138 667 4188 toartis
680 4139 752 4200 ptus
765 4152 812 4189 ue-
849 4137 984 4200 neutregia
1002 4137 1182 4199 frequentiora
1201 4135 1258 4185 iere
1276 4137 1375 4186 suntin

288 4221 341 4274 que
358 4221 426 4272 vcpc
442 4212 532 4262 corato
547 4217 615 4264 vetat
635 4216 657 4264 te
679 4212 729 4276 tre,
757 4225 810 4276 quo
849 4214 909 4264 sinu
923 4213 1006 4264 maris
1023 4223 1104 4274 quam
1117 4213 1145 4261 in
1161 4208 1286 4275 ipsoalto
1298 4212 1373 4262 meri.
