2934 4884
492 363 551 412 ua.
571 364 588 412 4.
626 364 654 412 c.
675 363 726 412 vn.
1134 361 1175 424 55

136 520 206 597 Quo
229 539 292 583 nos
312 537 441 604 cunque
464 517 545 582 ieret
566 515 680 582 melior
701 516 828 582 fortuna
850 527 1003 602 parente,
1133 519 1174 582 25

212 639 350 716 ibimus,
373 659 394 704 o
415 637 496 704 socii
518 637 728 724 comitesque.

135 758 181 824 hil
203 757 448 846 desperandum
469 759 592 826 Teucro
614 757 699 824 duce
722 767 755 823 et
777 757 909 844 auspice
932 759 1069 836 Touer03

215 881 332 946 Certus
353 879 440 946 enim
462 879 608 965 promisit
631 877 759 965 Apollo,

130 1038 319 1124 Ambiguam
347 1035 462 1103 tellure
484 1055 567 1102 nova
589 1033 751 1102 Salamina
773 1036 920 1102 futuram.

150 1263 188 1312 n.
206 1263 311 1324 aurpice
335 1262 421 1312 Tura-i
442 1260 514 1311 uduo
531 1261 605 1310 mei»
627 1259 734 1316 Bnnrn.;
758 1273 822 1310 cum
841 1259 963 1325 pluribus
980 1261 1038 1312 444444
1056 1263 1145 1324 (ettam

122 1349 163 1386 scr
175 1337 303 1398 Pottierii)
324 1337 350 1386 F.
364 1336 465 1398 auspice
474 1334 568 1385 Phoebo
579 1333 698 1384 metebat
709 1333 804 1394 Benti.,
822 1337 936 1398 caepae:
957 1337 1048 1387 Teucro
1059 1337 1146 1388 Certaa

124 1411 237 1462 Wadina.
278 1413 318 1472 tut
336 1421 398 1470 nos,
418 1410 501 1460 nostri
518 1407 596 1470 libri.)

96 1613 288 1674 migrationibus
319 1613 444 1662 continuo
472 1614 613 1676 susceptio,
653 1613 737 1675 spicia
755 1613 885 1676 (aaupue).
908 1641 935 1648 -
954 1613 1043 1664 Lectio
1060 1616 1178 1664 4444444444

96 1685 210 1749 plurimos
236 1687 349 1738 iabores
375 1684 535 1737 exauctorat.
562 1690 615 1738 Re·
654 1687 705 1736 Tea
723 1689 842 1749 recepta,
861 1689 962 1748 auspice
974 1687 1069 1756 Teucri,
1088 1686 1177 1746 idest,

98 1759 143 1821 get:
165 1763 204 1810 uei
226 1761 392 1812 sacrificavit
412 1763 442 1810 444
458 1761 519 1810 duci
537 1762 616 1810 444444-
655 1759 773 1820 Phoebo,
792 1760 1179 1824 hominisargutuiiinventnm

97 1835 217 1886 mco.
236 1835 363 1899 Xenoph.
386 1834 472 1885 Anah.
492 1836 517 1896 6,
535 1837 561 1895 2,
580 1835 613 1884 9:
654 1834 704 1892 est,
724 1847 775 1883 nec
792 1833 887 1884 melior
904 1835 991 1884 Wadii
1008 1836 1037 1884 et
1051 1836 1178 1898 Lessingii

96 1907 217 1992 θυομένῳ
247 1907 280 1960 at
311 1903 389 1974 αὐτῷ
417 1905 457 1975 τῷ
494 1873 616 1976 riyapoat
654 1909 757 1972 (iterio
772 1909 874 1960 Lachn.
891 1909 946 1960 XV.
964 1922 991 1973 p.
1010 1911 1077 1972 446.)
1095 1911 1179 1960 inter-

96 1975 238 2050 Komaiai.»
290 1984 462 2046 Quamquam
500 1981 616 2032 dubitari
653 1983 774 2046 punctio:
809 1984 901 2031 Teucro
925 1985 988 2032 (44444
1014 1991 1037 2033 ct
1064 1986 1179 2046 acupicc:

97 2059 184 2118 potest,
202 2071 271 2107 num
285 2055 416 2107 Hercules
428 2059 506 2121 optus
517 2058 552 2108 ert
562 2057 617 2106 dux
655 2057 749 2106 Teucro
769 2062 851 2106 certia
872 2059 938 2107 enim
953 2058 1070 2120 ρ4ο4444444
1092 2058 1180 2119 Δρο44ο

99 2133 167 2181 ctiam
193 2133 443 2195 navigationis.-
472 2133 562 2196 fertur]
589 2147 614 2182 v.
655 2133 705 2179 cet.
734 2131 802 2178 Fcae
815 2128 874 2178 lect.
896 2131 982 2178 Teucri
998 2130 1116 2194 probans
1125 2132 1176 2181 ΗΡ

98 2206 210 2256 usitatum
233 2207 269 2257 de
294 2205 378 2258 rohas
400 2207 507 2271 antiqua
530 2206 617 2272 aliqua
654 2204 692 2254 sic
719 2201 845 2266 explicat.
874 2202 1008 2253 «ducibus
1028 2205 1131 2253 Teucro
1153 2207 1180 2253 et

101 2279 245 2350 παραδόσει
267 2281 384 2343 ammte,
408 2283 438 2332 ut
457 2282 527 2346 virg.
550 2285 614 2333 Aen
654 2274 783 2340 Apolline,
794 2289 902 2340 auspice
911 2277 1032 2326 Teucri
1051 2277 1179 2328 Sedhaec

103 2354 121 2412 t,
139 2357 175 2406 45.
655 2348 761 2400 attalia
778 2348 1013 2412 relinquamusns
1032 2351 1180 2415 quiupoe-

125 2428 160 2476 25.
182 2429 302 2492 parm]
326 2410 453 2480 iracundo
475 2443 508 2482 ao
524 2443 615 2492 saevo
653 2424 675 2474 si
706 2425 818 2487 eiusque
849 2438 903 2474 non
928 2423 1016 2476 solum
1042 2438 1176 2486 sermone,

101 2503 137 2563 qui
152 2517 212 2554 eum
229 2504 307 2569 apud
323 2505 499 2554 Pacarium'
479 2518 517 2557 sic
528 2507 617 2556 incre·
653 2499 702 2550 aed
715 2501 769 2548 totu
780 2500 881 2549 ratione
885 2513 1014 2584 ,prorsus
1026 2498 1104 2549 alieni
1116 2504 1178 2550 sunt

101 2579 148 2636 pat:
165 2577 284 2628 Fratrem
296 2591 429 2642 seprepare
439 2579 483 2627 aba
494 2584 516 2628 te
533 2581 619 2629 ausas
654 2575 750 2636 atque,
773 2575 826 2622 ut
819 2587 876 2638 ipse
894 2575 1005 2623 nimium
1022 2574 1126 2623 sincere
1144 2575 1179 2624 de

103 2654 139 2698 aut
153 2651 202 2700 riae
219 2653 263 2701 ttto
283 2651 417 2701 Salamina
434 2653 550 2716 inpredi?
566 2653 617 2702 Ne·
654 2659 683 2696 se
710 2646 784 2708 dixit,
812 2648 956 2696 «interdum
977 2648 1059 2698 dotem
1080 2649 1179 2709 04444444-

103 2735 142 2783 aoc
156 2731 296 2786 pater-nm
316 2731 444 2787 aspectuum
463 2739 490 2776 οι
507 2727 619 2778 amus?
654 2721 752 2770 tunam
767 2720 863 2782 felicem
873 2723 973 2771 Horatii
984 2723 1119 2770 audacem
1129 2735 1183 2771 me·

102 2797 153 2856 [Cic.
170 2799 203 2849 de
220 2800 265 2850 Or.
287 2799 312 2860 2,
331 2797 373 2857 46,
387 2799 442 2849 493.
473 2802 618 2851 Hennanni
654 2797 817 2844 maeatae.»
852 2799 992 2846 Praeterea
1021 2797 1112 2845 Teucro
1133 2797 1180 2844 tir-

103 2871 201 2933 Opusoc.
219 2875 277 2924 vll.
297 2887 324 2937 p.
343 2873 400 2924 384.
436 2874 561 2925 Weicker
580 2877 619 2925 die
655 2873 711 2920 mat
745 2871 842 2922 hiarino
875 2871 1024 2921 Victorinus
1057 2883 1084 2933 ρ,
1121 2871 1177 2920 roa.

103 2947 180 3005 ariani.
201 2948 325 3012 Tropaea.
344 2961 371 3011 p.
391 2947 447 2998 494.
467 2949 505 2999 td.
519 2963 545 3012 p.
559 2951 616 3000 202,
656 2945 733 2995 Gaisi.
765 2944 865 2994 «codd.
884 2945 962 2995 tectio
979 2946 1005 2994 in
1023 2945 1179 3008 repetitione

105 3019 197 3071 44444444
212 3023 336 3072 erachcint
347 3037 407 3073 zum
420 3024 484 3074 Theit
495 3025 533 3074 atr
542 3027 619 3086 svm-
656 3019 779 3069 eiusdem
796 3021 823 3068 et
834 3021 948 3070 nominis
961 3021 996 3083 (et
1007 3022 1093 3080 casus)
1106 3033 1180 3070 aem-

105 3093 137 3142 tot
151 3098 408 3162 anaetpeustnntpm
419 3099 619 3149 &hahenaim
655 3107 705 3157 per
726 3095 790 3144 mihi
812 3096 868 3144 visa
895 3097 936 3144 est
957 3096 1179 3152 venustissima»

103 3167 227 3221 4444444444
244 3171 348 3224 Lebaia.
350 3172 361 3236 )
388 3172 464 3233 Quid,
484 3173 555 3237 quod
568 3174 619 3223 Te·
656 3167 756 3217 addam
781 3181 844 3218 cnm
868 3169 1054 3219 4404444444.-
1085 3169 1179 3231 Catia]

103 3238 179 3293 tamon
196 3259 259 3296 eum
280 3259 355 3296 necte
367 3245 517 3297 fraternae
511 3249 620 3298 4444444444-
655 3235 802 3307 ἅψεοδής,
831 3255 913 3292 verax
938 3257 971 3292 ac
996 3243 1048 3291 tide
1075 3241 1178 3303 dignus.

104 3313 453 3371 eradiciturarausauiat
467 3324 498 3386 (t,
512 3323 553 3384 48,
568 3321 618 3383 tt.)
656 3318 745 3380 Eurip.
765 3314 858 3366 Helen.
878 3317 935 3367 tto.
970 3318 1085 3366 Teucer:
1104 3329 1180 3378 σομ-

129 3391 165 3440 24.
178 3395 216 3443 48.
237 3395 341 3456 aaapicc
353 3395 454 3460 Teucro]
467 3391 505 3445 De
518 3398 618 3446 Graeco
656 3388 855 3480 προξένησον,
884 3384 926 3452 ὥς
951 3386 1029 3449 τύχω
1056 3403 1182 3452 μαντευ-

105 3461 173 3516 hcro'e
192 3471 374 3520 Romanorum
396 3483 471 3520 more
492 3468 617 3534 loquitur,
655 3463 774 3530 μάτων,
801 3457 861 3528 ὅπη
886 3459 958 3526 νεώς
983 3461 1122 3527 στείλαιμ’
1143 3455 1183 3512 ἂν

104 3539 128 3584 ui
141 3543 165 3590 et
180 3543 327 3605 Curtius6,
347 3545 371 3594 3.
397 3544 431 3594 de
454 3543 616 3596 Menandro
656 3534 757 3628 οὔριον
784 3533 888 3606 πτερὸν
924 3538 956 3600 ἐς
984 3534 1039 3605 γῆν
1065 3536 1181 3589 ἐναλίαν

106 3623 197 3670 itteram
213 3619 269 3667 otia
286 3619 362 3668 4444444
376 3631 446 3680 mea,
469 3620 548 3669 otia
539 3633 620 3683 unpe-
653 3611 788 3702 Κύπρον,
811 3607 898 3679 οὖιί
922 3611 1074 3664 ἐθέσπισεν
1091 3615 1181 3663 οἰκεῖν

108 3686 140 3734 rio
164 3693 325 3755 captatoque
348 3694 495 3754 perdomare
525 3697 551 3744 ei
585 3695 619 3744 de
653 3683 813 3749 Ἀπόλλων,
832 3703 928 3754 ονομα
938 3685 1125 3759 νησιωτικὸν
1121 3688 1181 3737 Σα-

105 3761 284 3825 Amphitruone
311 3766 419 3817 Plouius
441 3769 570 3832 Amphitr.
595 3770 618 3829 4,
656 3764 765 3829 λαμῖνα
790 3763 914 3829 θέμενον
939 3761 990 3828 τῆς
1016 3763 1077 3815 ἐκεῖ
1095 3759 1180 3833 χάριν

108 3833 127 3890 i,
149 3835 189 3886 it:
215 3842 289 3903 pessit
315 3855 370 3892 rem
392 3841 520 3904 publicam
545 3807 621 3892 ductii
657 3836 775 3910 πάτρας.

108 3905 197 3968 imperto
214 3915 327 3977 aarptct'o
343 3929 396 3965 suo.
417 3917 489 3966 Suet.
503 3917 557 3966 Oct.
571 3917 617 3966 at:
688 3915 728 3964 49.
748 3914 906 3978 Αιιιὸίροοηι]
921 3912 1031 3963 niteram
1044 3911 1180 3962 conditum

108 3980 189 4034 donau
205 3994 288 4038 44444444
301 3991 399 4051 partim
416 3991 504 4051 ductu,
524 3992 619 4053 partim
656 3989 686 4038 iri
704 3987 865 4039 Salamina
858 4001 884 4036 444
911 3987 995 4037 insuia
1015 3987 1117 4049 Cypro,
1141 3987 1179 4043 ut,

109 4059 212 4118 “imis
232 4063 282 4112 44444
302 4063 474 4114 Cantabriam.
516 4065 619 4115 Consu·
656 4076 718 4112 curn
753 4063 892 4113 Salaminis
925 4063 985 4124 quis
1018 4059 1179 4118 meminerit,

110 4125 141 4176 ies
156 4131 260 4186 humani
278 4135 378 4187 beilum
403 4141 527 4201 gerentes
544 4141 621 4188 erant
656 4137 803 4202 ambtpumn
814 4139 931 4188 futurum
944 4137 986 4196 444,
1005 4134 1039 4184 de
1051 4147 1103 4198 qna
1117 4147 1180 4194 aga·

112 4208 284 4272 tunimpeno
301 4211 397 4276 (duce),
416 4211 554 4262 habebant
570 4225 619 4262 au·
657 4217 707 4262 tur.
744 4211 932 4272 nuntiato.
961 4213 1058 4261 Lucan.
1077 4209 1101 4269 3,
1122 4208 1177 4257 tea.
