2934 4884
677 371 803 421 Hortarii
822 369 990 422 Clamauit

506 530 618 597 Crines
640 527 774 616 pulvere
796 525 939 594 collines.

461 653 530 719 Non
552 649 759 724 Laertiaden,
782 647 914 714 exitium
936 658 1010 713 tuae

459 774 570 850 Genti,
593 793 657 839 non
679 770 806 859 Pylium
827 771 962 836 Nestora
984 768 1144 854 respicis?

459 896 580 983 Urgent
600 893 753 983 impavidi
776 903 807 960 to
830 892 1022 960 Salaminius

501 1020 626 1084 Teucer
647 1025 679 1082 et
700 1013 871 1081 Sthenelus
894 1015 1001 1082 sciens

353 1191 394 1240 ΞΟ.
413 1187 506 1251 θήσω]
519 1188 605 1238 wara
615 1200 639 1247 e,
658 1199 710 1249 mg.
725 1187 751 1235 S.
764 1185 881 1235 Pottierii
893 1185 917 1246 2,
931 1185 955 1246 6,
969 1185 994 1244 7,
1007 1185 1031 1246 8,
1046 1184 1086 1245 ta,
1099 1187 1164 1236 item
1175 1186 1216 1235 FJ.
1252 1186 1339 1236 Canes

321 1277 384 1315 oum
400 1263 533 1327 plerisque
551 1263 640 1312 tirmat
654 1259 745 1311 Bland.
764 1261 901 1322 antiquiss.
938 1259 1106 1321 (Exciderunt
1125 1273 1140 1308 e
1158 1259 1224 1310 Cod.
1243 1260 1272 1309 B.
1292 1274 1335 1309 vv.

321 1339 438 1401 ao-aa.)
457 1366 484 1374 -
503 1339 545 1387 it.
562 1337 660 1386 Νασι-
676 1347 768 1385 -nnm
788 1349 802 1386 e
824 1335 951 1384 Vaticano
974 1335 1087 1398 Reginae
1110 1337 1137 1384 F.
1165 1363 1191 1371 -
1216 1335 1344 1385 hrtiuden

323 1415 377 1478 (sio)
394 1415 424 1464 Τ.
444 1441 472 1450 -
491 1414 617 1463 acidiam
632 1409 679 1471 βκ.
700 1438 727 1446 -
746 1412 787 1461 ti.
807 1411 892 1460 Gentis
913 1409 995 1469 oste,
1014 1411 1081 1460 Pott.
1095 1423 1156 1471 sex,
1175 1412 1236 1470 oct,
1254 1410 1340 1460 Beati.

321 1490 365 1539 rt:
398 1488 482 1551 (Genti
505 1491 560 1537 tres
585 1484 706 1547 Blaudd.,
732 1483 784 1546 βκ,
812 1487 894 1536 ceteri
918 1485 1052 1550 Pottierii.)
1079 1512 1106 1522 -
1130 1486 1169 1536 23.
1191 1487 1243 1548 inp.
1263 1487 1291 1536 Τ.
1313 1513 1342 1523 -

321 1564 362 1615 at.
383 1565 473 1614 Teneor
489 1569 513 1613 et
528 1562 598 1611 bs'i':
620 1561 710 1610 Teneor
733 1565 757 1610 ts
778 1561 895 1622 eicon,
919 1561 1057 1621 tenerque
1077 1566 1101 1610 at
1117 1573 1196 1610 «cum
1213 1560 1277 1612 Ctd.
1298 1575 1344 1611 re-

321 1639 490 1689 centissimo»
514 1635 607 1700 (codd.
626 1635 782 1697 Torrentiii)
816 1635 883 1686 Aldo
904 1636 931 1685 et
948 1635 1075 1686 Glareano
1092 1631 1177 1685 Bentl.

288 1780 361 1840 Sera,
378 1778 551 1839 tomonpietus
563 1775 672 1840 (rediit);
691 1775 813 1838 mamma
852 1773 960 1836 (Paridis
975 1776 1107 1825 venenata
1131 1775 1225 1837 sagitta
1246 1788 1262 1825 a
1285 1774 1380 1826 Philo-

287 1867 358 1905 soro.
393 1850 442 1902 Alii
456 1851 534 1901 uliam
545 1851 676 1900 rationem
687 1850 811 1911 inierunt,
850 1852 919 1900 cteta
936 1851 1057 1915 percussi
1074 1847 1215 1912 lugubrem
1238 1851 1380 1901 interitum

288 1941 370 1992 mam
397 1927 474 1990 sequi
501 1939 550 1976 nos
578 1927 651 1974 vetat
678 1926 758 1974 etiam
784 1938 810 1974 v.
849 1923 910 1973 vida
936 1924 1007 1988 apud
1021 1925 1193 1974 Parthenium
1210 1925 1283 1976 Narr.
1305 1923 1329 1976 l.
1350 1927 1380 1974 et

287 2015 414 2062 caesura,
450 2000 602 2063 iungentes:
637 2004 733 2058 minen,
766 2001 814 2048 teu
850 2000 975 2060 Quintum
1014 2001 1191 2061 Smyrnaeum
1225 2000 1265 2058 to,
1306 2000 1379 2062 223.)

286 2091 366 2137 swas,
394 2075 556 2139 «aliquando
576 2076 666 2124 minen
685 2075 811 2132 moriere,
881 2075 922 2122 at.
949 2074 1062 2139 eanimn]
1088 2075 1130 2124 Sio
1150 2075 1203 2124 mei
1223 2073 1320 2136 codd,
1340 2075 1376 2126 ai.

287 2153 346 2213 sed,
372 2151 445 2215 quod
468 2148 614 2200 dolendum
639 2151 688 2210 est,
711 2161 811 2206 serm»
849 2149 988 2208 medinm,
1006 2149 1079 2211 quod
1099 2150 1126 2198 et
1141 2149 1273 2199 minorem
1293 2149 1381 2200 habet

287 2241 356 2292 quae
373 2227 482 2290 quidem
498 2226 580 2275 nimia
592 2223 724 2274 acerbitas
732 2225 812 2287 atque
850 2221 932 2272 fldem
946 2236 962 2271 a
977 2223 1051 2274 libris
1064 2226 1091 2274 et
1113 2225 1200 2275 minus
1223 2225 1316 2288 aptum
1336 2227 1380 2274 vi-

288 2301 424 2352 iracundia
439 2301 491 2351 deo
508 2311 640 2364 perquam
652 2297 758 2362 indigne
774 2298 813 2346 vi·
850 2297 937 2358 denir,
956 2311 1018 2348 cum
1036 2299 1070 2348 de
1082 2297 1189 2348 urbium
1201 2300 1288 2364 potius
1301 2313 1381 2348 ever·

288 2373 811 2436 detur3neoveroestmiseratio‚quam
849 2373 924 2423 sione
947 2387 1029 2437 wana
1054 2373 1088 2424 de
1108 2372 1269 2437 populorum
1291 2373 1380 2424 inter-

289 2453 361 2501 Paris
383 2463 436 2499 non
455 2449 627 2507 merebatur,
653 2447 701 2497 sed
724 2447 812 2510 potius
850 2449 961 2497 nacione
984 2449 1106 2513 usurpari
1128 2445 1220 2498 soleat.
1244 2473 1271 2484 —
1293 2448 1379 2512 Genti]

288 2525 408 2595 luctuosa
425 2520 597 2579 exclamatio,
615 2520 750 2571 funestum
766 2523 814 2571 Pa·
850 2523 1004 2586 exquisitius
1017 2522 1195 2586 quampontis.
1225 2521 1267 2571 Sio
1283 2522 1377 2585 Eur-ip.

287 2599 336 2649 ridi
354 2598 489 2647 interitum
514 2596 654 2653 mininam
680 2596 708 2645 in
732 2607 812 2660 prosa
849 2597 943 2648 Troad.
955 2599 1017 2648 atr:
1037 2597 1164 2648 Hercules
1175 2592 1260 2666 χερὸς
1271 2591 1380 2646 εὐστο-

287 2687 326 2723 or.
348 2685 418 2721 «vae
434 2671 518 2720 libii»
849 2673 917 2732 xtav
948 2669 1036 2736 ἐξεῖλε
1069 2669 1162 2732 ναῶν,
1195 2669 1380 2736 Λαομέδοντι

319 2747 360 2797 2⁰.
379 2746 472 2810 Crines]
489 2746 562 2795 liano
573 2743 716 2794 lectionem
732 2757 813 2810 prae·
849 2744 953 2810 φόνον.
988 2750 1112 2811 Tragicos
1126 2748 1199 2811 apud
1213 2749 1266 2797 Cic.
1283 2748 1318 2798 de
1334 2749 1381 2797 Di·

287 2823 344 2872 iero
360 2820 435 2870 alteri
451 2821 540 2879 eidus,
557 2823 585 2871 et
601 2822 712 2883 propter
722 2819 812 2869 locum
850 2824 901 2873 vin.
916 2825 940 2882 t,
953 2825 999 2874 at:
1017 2825 1083 2873 Earn
1100 2821 1237 2886 (Paridem)
1255 2837 1306 2874 assa
1323 2824 1380 2872 eei-

288 2895 458 2947 Homericum
478 2894 514 2944 ad
530 2909 555 2945 u.
575 2893 614 2944 ⁴3.
633 2894 811 2958 exscriptum,
849 2899 911 2947 dum
930 2899 1025 2958 Troiae,
1038 2904 1131 2960 pestem
1141 2899 1270 2961 Perpenno.
1290 2897 1376 2947 Plaut.

288 2974 316 3024 et
331 2973 442 3036 propter
458 2969 542 3020 Codd.
562 2970 698 3033 antiquiss.
718 2971 813 3019 aucto-
848 2973 946 3024 Bacch.
962 2972 987 3034 i,
1005 2973 1030 3034 8,
1050 2973 1111 3023 tat:
1134 2974 1189 3035 soro
1207 2985 1247 3022 me
1269 2973 1380 3022 aritium

287 3048 401 3098 ritatem.
428 3043 552 3095 Similiter
579 3043 652 3095 iliad.
684 3059 718 3107 π,
747 3046 809 3095 795:
847 3049 969 3112 Parymne
988 3048 1034 3112 (sio
1050 3060 1144 3098 omnes
1160 3045 1239 3108 libri.)
1255 3045 1332 3096 Sil1us
1349 3049 1377 3110 5,

286 3117 455 3186 μιάνθησαν
471 3118 502 3170 δὲ
518 3113 628 3190 ἔθειραι
644 3118 745 3186 αἵματι
762 3120 812 3170 καὶ
849 3122 911 3173 iao:
938 3124 1053 3174 Emittam
1077 3123 1179 3184 trepidis
1196 3147 1236 3159 --
1256 3122 1380 3171 stonum

287 3199 411 3269 κονίῃσι.
430 3195 504 3246 Pind.
522 3197 598 3246 Nem.
614 3211 642 3255 α,
661 3195 721 3247 toi:
741 3212 812 3258 φαι-
849 3203 912 3247 erat.
945 3199 1049 3248 Tacitus
1071 3199 1137 3248 Anu.
1163 3198 1186 3258 l,
1211 3196 1240 3245 3:
1264 3195 1380 3244 subsidio

287 3271 374 3338 δίμαν
400 3273 469 3340 γαίᾳ
485 3266 686 3342 πεφύρσεσθαι
702 3267 810 3336 ’κόμαν
849 3273 1021 3322 dominationi.
1055 3273 1082 3332 t,
1109 3271 1155 3322 ai:
1181 3277 1264 3321 rector
1280 3271 1375 3320 iwani.

288 3351 327 3400 De
359 3349 438 3398 Niroo
470 3349 582 3408 Quintus
611 3347 665 3396 Sm.
694 3347 719 3407 6,
748 3345 810 3395 376;
848 3347 940 3402 aaa:
962 3346 1148 3408 donaternptis.
1170 3345 1199 3406 2,
1217 3344 1261 3395 ot:
1284 3358 1379 3394 cumas

288 3419 394 3474 Asdara
412 3419 436 3470 δ’
456 3417 566 3490 ἀγλαὸν
591 3418 668 3485 aidog
689 3413 739 3486 ἅμ’
764 3415 812 3470 εὐ-
849 3421 918 3472 belio.
939 3422 977 3473 Cl.
992 3423 1057 3471 lieth
1076 3421 1180 3470 adToo.
1200 3421 1261 3482 Agr.
1274 3432 1301 3482 p.
1317 3419 1376 3469 tat.

288 3497 425 3548 daia'aoot
446 3496 565 3570 κάμῃσι.
600 3499 670 3561 virg.
696 3501 762 3547 Aen.
786 3498 812 3559 i,
849 3495 967 3547 Alteram
983 3495 1125 3546 lectionem
1142 3494 1290 3545 detendunt
1308 3491 1378 3544 loeis

289 3574 347 3622 277.
365 3572 399 3621 de
411 3574 540 3623 Hectore:
557 3579 684 3622 sonoram
692 3575 816 3638 sanquine
850 3573 924 3622 Ovid.
938 3573 999 3624 liet.
1015 3572 1055 3632 te,
1073 3571 1135 3622 500:
1160 3571 1274 3619 Enitimn
1287 3568 1380 3617 notae

290 3647 377 3696 mines.
403 3647 443 3702 tt,
462 3647 508 3695 99:
529 3650 572 3697 Do
588 3653 698 3698 staram
713 3661 813 3710 emptas,
850 3648 977 3708 nostrique
999 3646 1103 3696 mbator
1125 3645 1236 3694 Aeniam.
1277 3645 1376 3693 Senec.

290 3720 407 3770 Sernioiri
426 3721 531 3783 Parnon
553 3727 577 3770 et
594 3723 696 3784 foedare
713 3724 741 3772 in
753 3721 815 3784 pat-
852 3723 929 3772 }lero.
948 3721 997 3771 lur.
1020 3721 1076 3772 358.
1112 3721 1216 3782 Megara
1234 3718 1267 3768 de
1284 3719 1376 3779 Lyco:

289 3807 348 3844 oere
363 3794 451 3842 oriam
476 3797 617 3845 Praeterea
634 3811 765 3861 perquam
778 3797 816 3845 in·
852 3799 977 3859 Quidnam
992 3797 1046 3857 isto,
1062 3795 1142 3844 nostri
1157 3794 1255 3858 pararis
1269 3792 1379 3842 exitium

205 3905 219 3923 ,
291 3871 382 3933 gratus
397 3867 565 3920 teretioribus
589 3869 698 3922 auribus
719 3872 816 3922 accidit
852 3868 1122 3934 actaeanooiparot?
1139 3868 1191 3919 Sed
1203 3866 1287 3919 Codd.
1299 3866 1379 3918 Blan-

292 3941 388 4007 tripleu
411 3941 535 3993 ululantis
558 3941 662 3994 litterae
685 3960 703 3994 ν
721 3960 812 3997 sonus.
852 3947 915 3998 dinii
932 3949 959 3997 et
971 3943 1018 4006 βκ,
1037 3943 1376 4010 quaestionantium,

292 4018 664 4068 Ceteruaniaerelerretur
672 4018 707 4069 ad
715 4019 757 4069 iiia
766 4022 816 4070 Eu·
851 4021 1082 4087 praestantissimis
1099 4017 1291 4069 adnumerandi
1302 4019 1376 4065 sunt.

293 4093 341 4156 rip.
356 4092 436 4156 lphig.
452 4092 479 4142 in
498 4091 556 4142 Aul.
573 4092 620 4142 73:
640 4089 751 4163 (Πάρις)
763 4088 815 4143 ἀν·
850 4095 984 4146 Bentleius
1009 4094 1117 4158 quidem
1140 4092 1263 4158 praetulit
1280 4091 1377 4157 pontin

293 4161 452 4235 θηρὸςμέν
465 4162 590 4231 εἱμάτων
603 4165 702 4240 στολῇ,
715 4166 814 4238 χρυσῷ
853 4173 1053 4235 «praecesserat
1078 4171 1149 4218 enim
1169 4173 1238 4232 penta
1262 4181 1287 4217 v.
1315 4165 1376 4214 ti.-

294 4254 325 4291 ²⁶
340 4238 483 4311 λαμπρός,
496 4239 636 4312 βαρβάρῳ
647 4240 811 4308 χλιδήματι.
854 4271 881 4280 -
900 4245 997 4294 Contra
1014 4244 1180 4294 Latinitatem
1205 4242 1256 4293 Fae
1277 4243 1342 4291 itum
1361 4269 1378 4280 -
