2934 4884
488 361 546 411 Lib.
565 364 583 410 1,
619 366 648 411 ί).
668 364 775 413 XXXVI.

400 444 415 472 Ο

400 832 853 895 (immin-

262 1000 412 1067 arthure
434 1010 467 1066 et
487 1000 604 1067 fidibus
627 1001 713 1067 iuvat

347 1121 478 1188 Plaoare
499 1131 532 1188 et
551 1121 641 1187 vituli
662 1124 817 1209 sanguine
841 1123 948 1190 debito

263 1243 421 1311 Custodes
441 1242 598 1309 Numidae
620 1243 714 1320 deos,

348 1365 409 1443 Qui
430 1386 516 1431 nuno
537 1366 696 1452 Hesperia
718 1385 833 1452 sospes
854 1366 895 1431 ab
916 1366 1025 1433 ultima

261 1523 351 1589 Caris
372 1521 471 1589 multa
491 1522 672 1598 sodalibus,

343 1644 425 1710 Nulli
445 1644 539 1733 plura
559 1654 665 1712 tamen
688 1644 800 1712 dividit
826 1648 935 1714 osenia

262 1768 367 1845 Quam
387 1766 474 1833 dulci
496 1768 641 1843 Lamiae,
665 1789 789 1835 memor

343 1890 440 1955 Notae
460 1909 524 1953 non
546 1888 608 1955 aiio
632 1910 709 1977 rege
731 1892 875 1977 puertiae

153 2060 264 2111 miii.
291 2061 373 2110 inser.
391 2058 516 2123 uolg.·1s
530 2060 648 2109 mon
666 2058 716 2121 (vei
732 2061 848 2123 sedition)
866 2061 937 2111 Plotia·
953 2060 1083 2109 Numidae.
1105 2087 1132 2096 —

125 2137 161 2185 Ad
175 2134 339 2196 Ροηφοπίωη
355 2135 381 2183 S.
401 2160 430 2169 -
447 2134 610 2184 Adimam
621 2135 649 2183 T.
664 2134 746 2197 (idem
759 2136 816 2185 Tin
828 2137 960 2198 margine:
979 2136 1050 2184 Hono
1060 2136 1134 2185 odom

124 2210 206 2259 scribit
222 2211 250 2258 in
265 2209 383 2258 honorem
398 2208 499 2258 uusado
511 2222 561 2271 pro
576 2210 647 2258 atim
663 2209 743 2258 sotum
759 2210 854 2258 raserat
865 2222 897 2257 an
908 2209 1066 2257 mauritonio
1076 2213 1135 2257 uoto

125 2285 241 2335 roim
257 2296 366 2346 mm
381 2296 431 2333 ease
447 2283 527 2346 dicit.)
546 2310 573 2319 -
593 2285 616 2333 i.
635 2288 691 2334 turo
707 2284 736 2333 T.
758 2310 784 2319 -
803 2284 827 2333 8.
844 2284 968 2345 pueritiae
984 2282 1012 2331 Τ.

124 2434 229 2483 mvl.
243 2432 370 2502 conuiuio
380 2432 528 2482 adventicio
537 2432 610 2483 eela·
679 2432 704 2484 i.
717 2433 844 2496 Hesperio]
857 2432 889 2482 ii.
901 2431 918 2483 Ι.
930 2432 1062 2495 Hispania,
1076 2430 1166 2482 ultima

97 2504 150 2555 brat
168 2506 243 2566 Pioiii
265 2506 394 2557 Numidae
412 2506 542 2567 reditum,
565 2507 610 2569 qui
647 2505 818 2557 Occidentem
842 2519 937 2557 versus
962 2507 1047 2571 regio;
1074 2508 1166 2556 eontra

97 2594 151 2630 cnm
165 2582 284 2644 Augusto
301 2594 335 2631 ex
351 2581 486 2645 Hispania,
504 2580 551 2630 ubi
567 2580 610 2631 ille
647 2581 695 2632 Od.
713 2580 743 2641 3,
762 2581 790 2641 6,
808 2581 833 2631 8.
852 2584 893 2632 est
909 2579 989 2631 italia.

9 2707 10 2718 ,
97 2654 187 2705 beilum
199 2654 388 2706 Cantabricum
399 2659 531 2719 gesserat,
544 2670 568 2705 a.
581 2670 608 2705 u.

97 2731 180 2781 aiat.
192 2732 350 2780 reverterat.
370 2730 610 2793 (Augurstusautem
678 2733 703 2781 7.
721 2731 745 2781 8.
764 2730 874 2793 bomine]
892 2732 930 2781 De
948 2731 976 2780 L.
989 2728 1063 2780 Aelio
1076 2730 1166 2781 Lamia

9 2855 10 2860 ,
96 2810 149 2867 post
169 2806 273 2855 triennii
295 2804 445 2855 absentiam
465 2805 492 2854 in
511 2804 610 2856 Urbem
647 2805 692 2855 eir.
711 2805 759 2855 0d.
784 2806 811 2867 i,
834 2806 875 2857 26.
902 2831 929 2840 —
950 2818 1001 2854 noo
1021 2804 1079 2868 otto]
1103 2818 1166 2855 «οο-

97 2878 173 2930 rediit.
191 2880 242 2929 Dio
258 2878 305 2940 53,
324 2880 374 2941 28.)
395 2880 452 2929 Hoc
468 2892 533 2930 sane
549 2892 612 2945 pro-
645 2880 733 2930 dem.»
753 2880 832 2929 Tacit.
852 2882 940 2929 Germ.
959 2880 989 2928 s:
1007 2894 1058 2927 noo
1074 2878 1101 2927 in
1112 2878 1165 2927 otio

97 2951 176 3003 babile
197 2956 254 3014 est,
280 2966 457 3016 quamquam,
482 2954 514 3003 ut
536 2957 611 3005 notat
643 2955 739 3004 uilitate
754 2966 803 3017 pro
821 2956 861 3003 «in
880 2952 975 3003 eadem
992 2951 1115 3003 vilitate.»
1136 2980 1163 2989 -

97 3026 202 3088 iranke,
230 3026 345 3078 Numida
372 3029 452 3078 etiam
475 3026 610 3091 aliquanto
644 3028 711 3092 rape]
730 3031 865 3088 «rectora,
884 3028 1062 3089 moderatore,
1081 3026 1166 3089 magi·

97 3104 150 3152 ante
176 3104 325 3165 augustum
352 3103 449 3152 reverti
476 3104 608 3167 potuerat.
646 3105 727 3153 atro.»
762 3100 885 3151 Similiter
904 3102 1003 3151 Burnus
1021 3104 1048 3151 et
1064 3102 1164 3151 Seneca

98 3176 182 3228 Similis
198 3178 349 3241 argumenti
366 3179 408 3228 eat
424 3176 472 3227 Od.
490 3179 521 3238 2,
539 3178 564 3227 7.
644 3182 753 3227 rectores
775 3176 953 3238 imperatorios
975 3177 1108 3225 immotis
1124 3175 1165 3225 di-

125 3252 146 3301 i.
165 3252 263 3315 fldibasa]
282 3251 426 3302 «Fidicines
444 3252 523 3302 bodie
541 3265 610 3315 quo·
646 3253 742 3301 cuntur
757 3250 836 3300 Tacit.
855 3250 922 3299 Ann.
942 3248 981 3309 43,
994 3250 1019 3299 2.
1043 3248 1098 3298 «Ad
1113 3261 1165 3312 pu-

99 3335 143 3384 que
163 3328 263 3376 itomae
285 3326 321 3375 ad
341 3326 469 3376 sacrificia
488 3326 610 3377 adbiberi
647 3338 753 3377 erorum
770 3323 847 3375 iudos
860 3324 931 3387 (Epp.
946 3324 969 3383 i,
989 3324 1015 3383 i,
1033 3324 1074 3373 59:
1089 3336 1165 3385 puers

99 3399 157 3449 emt
176 3400 299 3451 tibicines
324 3412 406 3451 nemo
430 3403 473 3451 eat
493 3402 539 3463 quii
560 3414 610 3452 ne·
646 3401 765 3459 ludentes,
791 3400 844 3450 iiav
869 3399 930 3458 aris,
957 3398 1035 3446 aiunt.
1071 3398 1162 3447 lustin.

99 3474 179 3525 sciat·
196 3476 289 3525 Senon.
647 3477 676 3535 i,
693 3477 721 3525 s:
742 3475 821 3536 ouran
836 3486 884 3523 reo
899 3473 965 3521 inter
980 3472 1089 3521 indentes
1100 3476 1166 3521 sorta

124 3548 147 3596 2.
169 3549 283 3613 Ptocore]
305 3548 382 3598 Omni
402 3548 533 3598 sacrificio
549 3548 609 3610 pto-
645 3549 754 3613 eiectio.)
770 3547 813 3598 vei
830 3547 938 3598 obeam
951 3558 1165 3610 cauaamparum

99 3628 178 3673 mar
192 3623 243 3685 dii,
265 3614 360 3673 eorum
377 3635 428 3687 pax
444 3622 607 3686 imploratur,
646 3622 787 3674 commode
798 3620 985 3683 haeereieras,
998 3620 1069 3683 quod
1081 3632 1164 3685 quum

99 3696 190 3749 etiamsi
197 3698 261 3747 irati
271 3710 325 3747 non
334 3699 404 3748 sunt.
417 3696 507 3748 Aurei,
520 3697 610 3748 Victor
645 3700 696 3748 boo
707 3696 765 3748 ioco
776 3696 940 3748 hauddubie
952 3696 1075 3747 diuturna
1084 3708 1165 3759 quaa-

99 3768 128 3818 de
141 3772 198 3822 Sem
216 3772 345 3836 Pompeio
362 3772 391 3823 C.
404 3772 450 3824 ai:
470 3772 610 3823 &osmari
645 3772 708 3822 dam
730 3774 806 3822 actae
829 3772 956 3836 pueritiae
978 3769 1092 3821 conditio
1114 3770 1163 3821 de-

98 3843 191 3903 !dioite·
209 3852 335 3907 uterum
361 3847 469 3910 Neptuni
489 3860 515 3897 aa
528 3848 609 3911 maan
645 3845 769 3907 claretur,
796 3847 839 3895 vix
856 3844 981 3895 credibile
999 3848 1040 3895 est
1056 3858 1106 3910 per
1121 3846 1163 3895 to·

9 3981 10 3988 ,
99 3922 209 3983 tantm
229 3928 266 3972 eat
287 3936 391 3984 nanque
412 3923 487 3972 bobus
510 3923 609 3973 miratu
644 3924 700 3972 tam
715 3921 856 3984 pueritiam
872 3932 955 3969 unum
973 3920 1089 3970 Lamiam
1104 3919 1164 3981 (non

100 3999 189 4057 &tow
201 3997 322 4058 placauit.
338 4024 366 4034 -
378 3997 465 4061 debito]
482 3997 551 4048 «Diis
562 3996 609 4045 de-
644 3997 695 4047 ntio
710 3994 779 4059 repe)
795 4006 939 4057 puerorum
960 3992 1105 4045 ludentium
1123 4006 1164 4042 re·

101 4065 169 4118 betur
190 4070 277 4121 hostia
300 4072 370 4122 votis
395 4073 525 4135 susceptis
544 4085 608 4135 pro-
644 4084 775 4135 gemesse
789 4070 894 4129 iactum,
913 4070 1068 4133 praesertim
1080 4078 1162 4129 quum

101 4142 194 4193 mass.»
229 4149 352 4197 Pomm
379 4147 426 4197 0d,
450 4148 478 4207 2,
506 4148 535 4206 i,
563 4148 605 4196 ⁴7:
644 4145 679 4195 iiii
701 4156 847 4210 puerorum
869 4157 945 4208 reges
968 4150 1032 4195 sorte
1048 4138 1163 4193 solerent

103 4214 224 4280 W&
238 4222 315 4272 raddo
329 4222 382 4271 ioui
398 4224 494 4284 dopm
646 4219 729 4283 eligi.»
742 4222 855 4269 Sramnn.
869 4217 1161 4282 -poartioo1synoope,

410 4330 418 4356 t
