2934 4884
668 387 797 437 ll0lithl
816 384 983 436 ClthMttM

453 543 546 623 Quod
569 542 652 608 latus
674 541 785 608 mundi
809 539 946 608 nebulae
968 538 1137 627 malusque

582 665 724 751 luppiter
745 675 854 750 urget;

453 828 540 890 Pone
562 822 623 888 sub
645 843 744 888 curru
766 822 899 887 nimium
921 821 1092 909 propinqui

455 945 537 1010 Solis
560 945 592 1008 in
613 955 700 1009 terra
722 943 872 1010 domibus
894 952 1026 1030 negata:

454 1066 554 1132 Dulce
577 1065 734 1132 ridentem
755 1065 894 1152 Lalagen
916 1063 1047 1138 amabo,

583 1191 684 1257 Dulce
707 1190 900 1276 loquentem.

320 1392 359 1440 to.
378 1391 419 1440 20.
438 1389 512 1452 totus]
524 1388 615 1438 mundi
628 1386 746 1451 plagam,
766 1387 809 1436 oui
846 1380 959 1435 ἁπαλὸν
974 1379 1103 1451 γελάσαι.
1138 1383 1244 1447 Sappho
1263 1383 1373 1446 Fragm.

285 1467 368 1514 motta
384 1465 503 1525 Iuppter,
522 1462 627 1512 caelum
638 1464 713 1510 triste
725 1463 807 1523 atque
845 1463 870 1520 2,
895 1463 924 1510 s:
951 1459 1086 1526 γελαίσας
1103 1455 1225 1528 ἱμερόεν.
1261 1458 1374 1508 Pindar.

288 1538 437 1598 insalubre,
456 1539 571 1600 graviter
587 1535 703 1586 incubat.
846 1535 921 1597 Pyth.
948 1537 973 1596 2,
1000 1535 1044 1586 20:
1074 1531 1199 1604 dporxeio'
1227 1526 1375 1594 ἀσφαλές.

320 1616 360 1678 22.
391 1614 502 1661 domibus
524 1611 625 1674 negato]
647 1609 809 1660 inhabitabili
846 1609 920 1658 hdde
938 1610 1007 1672 Virg.
1026 1613 1090 1659 Aen.
1112 1609 1151 1669 iti,
1176 1609 1237 1658 272:
1259 1609 1379 1658 comino

286 1690 397 1750 propter
414 1699 497 1735 zonae
516 1685 632 1734 torridae
650 1687 764 1734 aestum.
846 1685 983 1746 Sanquinei
999 1683 1208 1746 tupiibrmbent.
1231 1681 1375 1732 Claudian.

319 1761 359 1810 23.
386 1761 465 1810 Dulce
480 1758 609 1821 ridentem]
627 1759 669 1808 Sic
686 1760 740 1808 iam
758 1759 810 1808 Ca·
846 1757 910 1808 Bell.
935 1757 999 1808 Gild.
1024 1758 1083 1808 365:
1110 1758 1197 1806 movile
1215 1770 1322 1820 partum.
1344 1761 1379 1806 ei

289 1833 809 1898 tull.5t,5:Dotceiideotethesbiam),
847 1834 944 1882 mirum
969 1831 1032 1882 illud
1055 1833 1127 1882 Statii
1152 1831 1233 1880 Theb.
1258 1832 1281 1890 4,
1307 1831 1376 1880 330:

290 1911 390 1959 Graeco
416 1909 509 1969 modo,
535 1911 564 1958 ut
584 1909 679 1971 Odyss.
701 1905 726 1971 ξ,
748 1908 809 1959 tos:
846 1909 919 1957 motio
934 1909 1018 1958 sedern
1034 1909 1060 1956 in
1073 1908 1155 1970 ptonu
1171 1907 1312 1958 Cithaeron.

650 2337 1014 2397 EXCURSUS

758 2539 796 2585 An
814 2549 839 2584 v.
859 2535 899 2585 tt.

351 2657 391 2707 hd
408 2657 601 2716 definiendum,
623 2669 705 2720 quam
722 2658 859 2718 regionem
874 2656 950 2705 tuboe
966 2656 1077 2705 tetiam
1093 2657 1170 2719 poeto
1188 2655 1323 2705 vocaverit
1340 2659 1374 2704 et

287 2746 376 2792 utrum
392 2741 487 2791 Iubam
503 2742 607 2804 patrem
618 2753 653 2788 an
669 2738 751 2788 fllium
766 2738 922 2789 intellexerit
933 2741 960 2788 et
975 2751 1027 2802 quo
1039 2753 1108 2790 anno
1120 2753 1228 2790 carmen
1240 2739 1375 2802 scriptum

286 2827 328 2885 sit,
347 2825 452 2888 egregie
469 2823 531 2872 iacit
547 2824 686 2873 Sobroeteri
703 2823 845 2887 disputatio
862 2824 888 2872 in
901 2825 1009 2886 Quaastt.
1022 2824 1120 2874 Horott.
1137 2837 1163 2887 p.
1177 2823 1261 2882 3-8.;
1280 2823 1375 2884 equi-

287 2908 338 2958 bus
355 2910 423 2958 haec
439 2908 568 2970 Excerpta
586 2905 717 2956 debemus
735 2907 836 2956 amicae
855 2906 1011 2956 humanitati
1029 2907 1057 2956 C.
1077 2905 1172 2956 Halmii
1189 2906 1284 2956 nostri:

355 2991 435 3041 dubo
447 2992 522 3054 patre
540 2990 574 3038 ad
590 2990 724 3054 Thapsum
741 2990 845 3040 devicto
862 2993 889 3040 et
905 3005 983 3041 caeso
1001 2991 1058 3041 eius
1075 3003 1187 3053 regnum
1203 2991 1238 3038 ita
1256 2989 1376 3041 divisum

288 3079 341 3135 est,
363 3077 394 3124 ut
409 3073 531 3124 Numidia
551 3075 671 3137 propria,
691 3074 761 3124 inter
778 3075 886 3124 tlumina
903 3075 1016 3124 Tuscum
1034 3075 1061 3123 et
1076 3075 1237 3136 ampsagam
1254 3073 1315 3132 sita,
1344 3073 1375 3123 in

287 3159 450 3226 provinciam
466 3157 575 3207 redacta
592 3158 693 3208 siricae
711 3158 864 3218 adderetur,
883 3158 964 3208 altera
982 3171 1045 3223 pars
1063 3157 1097 3208 ad
1109 3169 1235 3207 oceasum
1246 3159 1374 3221 porrecta

288 3244 394 3295 Boccho
412 3246 438 3293 et
453 3243 553 3308 Bogudi
571 3243 723 3293 Mauromm
740 3241 905 3305 principibus
922 3242 1080 3302 traderetur,
1100 3255 1132 3291 ex
1144 3240 1241 3304 quibus
1252 3240 1376 3291 Bocchus

289 3329 459 3380 Mauritaniae
484 3327 512 3377 in
537 3326 667 3379 orientem
691 3325 811 3387 vergenti
836 3325 996 3389 imperabat,
1029 3325 1119 3388 Bogud
1145 3325 1179 3374 ad
1204 3325 1374 3376 occidentem

290 3412 427 3477 spectanti.
462 3414 604 3474 Utramque
621 3408 722 3459 llumen
737 3407 860 3460 Mulucha
877 3409 985 3472 attingit.

356 3497 386 3544 Α.
406 3509 431 3544 u.
451 3507 473 3542 c.
492 3493 549 3544 729.
584 3492 648 3544 iuba
666 3491 735 3544 fliius
752 3491 786 3542 ab
803 3493 920 3555 Augusto
937 3506 986 3556 pro
997 3495 1081 3557 patrio
1093 3507 1175 3556 regno
1186 3495 1213 3543 et
1223 3493 1313 3556 partes
1325 3491 1376 3542 ali-

292 3578 357 3640 quot
381 3575 513 3626 Gaetuliae
534 3579 637 3640 accepit
653 3577 710 3640 [Dio
727 3578 801 3626 Cass.
821 3576 865 3636 53,
890 3576 940 3639 26.)
958 3579 986 3626 et
1004 3579 1156 3628 universam
1177 3577 1373 3637 Mauritaniam,

292 3671 361 3722 quae
373 3659 470 3708 Bocchi
487 3663 514 3710 et
524 3659 637 3722 Bogudis
649 3659 735 3709 iuerat
748 3659 840 3721 (Strab.
856 3660 899 3719 tr,
918 3660 942 3710 3.
955 3673 982 3724 p.
996 3659 1071 3723 isai,
1090 3661 1161 3711 unde
1177 3661 1280 3710 Tacitus
1293 3659 1373 3722 (nnn.

292 3742 317 3800 4,
336 3741 370 3803 5.)
399 3741 492 3792 iubam
512 3755 604 3803 regem
626 3744 731 3793 Mauros
752 3744 852 3794 donum
873 3745 1008 3808 accepisse
1027 3747 1054 3794 et
1069 3743 1166 3794 Plinius
1185 3743 1223 3806 (il.
1242 3745 1272 3794 N.
1291 3745 1316 3803 o,
1337 3745 1374 3807 4.)

293 3825 409 3888 primum
425 3825 529 3886 utrique
542 3826 711 3876 Mauritaniae
727 3828 900 3890 imperavisse
913 3828 983 3877 dicit.
1005 3827 1056 3877 Sed
1068 3828 1140 3891 quod
1151 3827 1245 3877 Strabo
1256 3827 1373 3890 scripsit,

293 3905 387 3957 iubam
405 3903 476 3975 πρὸς
492 3901 527 3976 τῇ
545 3905 661 3978 πατρῴᾳ
681 3923 777 3974 regum
798 3910 998 3960 demortuorum
1018 3913 1046 3961 B.
1067 3914 1094 3961 et
1109 3913 1171 3974 Bog.
1190 3923 1271 3972 regna
1291 3923 1376 3960 acce-

293 3991 378 4056 pisse,
396 3987 439 4038 illa
456 3986 573 4061 πατρῴα
588 3986 664 4064 ἁρχὴ
677 3993 740 4043 nihil
752 3996 793 4046 est
804 3995 853 4046 nisi
864 4007 926 4059 pars
939 3995 1075 4044 Numidiae
1088 3993 1271 4054 occidentalis,
1290 4007 1376 4057 quam

295 4076 399 4124 mortuo
415 4073 520 4123 Boccho
542 4078 674 4138 Augustus
695 4077 728 4126 de
752 4077 827 4128 bonis
844 4079 961 4142 paternis
978 4079 1099 4129 restituit.
1135 4079 1207 4128 llaec
1223 4091 1285 4141 pars
1303 4078 1376 4128 inter

294 4157 395 4208 tlumen
412 4156 561 4208 Mulucham
578 4161 605 4208 et
620 4162 727 4223 portum
744 4161 924 4225 oppidumque
942 4161 1046 4213 Seldam
1058 4163 1107 4214 sita
1120 4163 1184 4212 erat.
1208 4161 1302 4226 [strab.
1315 4160 1332 4212 l.
1346 4177 1373 4213 c.

293 4254 319 4304 p.
340 4240 395 4293 484.
418 4241 484 4303 ter.)
