2934 4884
673 333 800 383 llOliATll
819 330 986 381 CARMINUM

548 489 736 579 liquimus?
758 488 844 554 unde
868 508 996 553 manum
1018 485 1166 551 iuventus

465 652 548 716 lietu
570 648 706 715 deorum
727 646 904 715 continuit?
926 644 1043 733 quibus

464 771 611 858 Pepereit
632 769 720 835 aris?
743 770 771 835 Ο
794 769 913 833 utinam
935 788 1017 832 nova

508 891 627 959 lneude
649 890 795 977 diffingas
817 899 960 954 retusum
983 888 1013 951 ln

549 1014 743 1099 Massagetas
766 1010 951 1096 Arabasque
973 1009 1106 1075 lerrumi
1329 1008 1371 1070 lo

361 1180 1335 1255 mmmmm-mmmmmmmmmmm,

328 1270 411 1320 nostri
428 1271 456 1318 et
470 1265 568 1328 βκλω.)
588 1292 615 1301 -
634 1264 674 1315 39.
693 1266 805 1328 deltupus
820 1263 864 1321 Bc,
883 1262 936 1311 duo
954 1260 1074 1324 Cruquii,
1094 1262 1148 1310 tres
1165 1262 1243 1321 nott,
1263 1260 1294 1309 ct
1311 1264 1338 1309 et

328 1342 422 1403 Bentl,
441 1343 488 1405 dett
502 1355 561 1405 pus,
581 1355 612 1389 ιιι
627 1352 678 1403 per
694 1336 793 1389 malam
810 1348 919 1387 manum
936 1348 1026 1385 erasa»
1044 1351 1077 1395 κ,
1101 1334 1222 1397 defflupus
1238 1350 1263 1399 y.
1301 1334 1339 1396 (Ut

329 1430 392 1477 nos,
412 1417 493 1466 ceteri
510 1416 606 1471 nostri.
624 1416 706 1463 etiarn
723 1412 760 1477 d.)
781 1440 807 1449 -
824 1426 937 1463 redituum
953 1425 1021 1462 unus
1034 1411 1153 1475 cmpuli,
1173 1408 1268 1473 aldus¹
1287 1410 1336 1471 LC,

327 1497 452 1541 recoctum
469 1488 587 1540 malebat
602 1488 743 1539 Bentleius.

327 1649 367 1697 37.
391 1650 471 1697 ltetus
487 1648 589 1697 deorum
605 1650 647 1698 est
668 1638 814 1705 εὐσέβεια,
852 1646 943 1694 Scuon.
971 1643 1163 1694 «refabricesn.
1194 1642 1277 1694 Gloss.
1305 1643 1373 1694 Cod.

295 1723 375 1772 timor
396 1722 509 1772 deorum
530 1724 620 1771 contra
640 1717 816 1784 δεισιδαιμο
852 1720 946 1781 Turio.)
965 1720 1014 1768 Od.
1033 1718 1063 1779 ³,
1082 1720 1128 1779 29,
1147 1718 1191 1769 tt:
1219 1732 1297 1780 aeque
1313 1718 1375 1780 Dis-

294 1796 350 1846 via.
371 1795 423 1846 Ctr.
442 1796 495 1845 Sat.
514 1796 538 1857 2,
557 1794 581 1855 ³,
600 1796 656 1844 295.
676 1795 742 1844 ilinc
756 1807 817 1858 pro-
850 1794 922 1857 fiuptt
938 1794 1203 1857 insuetumquereddet.
1222 1792 1291 1855 Virg.
1305 1794 1373 1842 Aen.

296 1868 397 1932 selytae
409 1870 530 1920 Iudaicae
543 1869 674 1932 religionis
684 1873 817 1919 metuentes
853 1868 876 1929 l,
896 1866 957 1917 636:
976 1873 1113 1929 recoquunt
1121 1869 1219 1931 patrios
1230 1866 1377 1930 somuoibus

295 1946 343 2005 dei,
362 1958 416 1994 non
432 1945 550 1994 timentes.
572 1972 599 1980 -
617 1944 745 2007 continuit]
759 1944 816 1992 Non
853 1955 927 1991 enses.

293 2031 405 2082 prorsus
430 2031 611 2081 synonymum
632 2018 717 2067 verbo
740 2018 817 2067 obsti-
886 2015 925 2065 iil.
960 2018 1130 2079 liussupetnn,
1160 2016 1282 2078 Scythiae
1308 2028 1377 2079 gens

295 2092 689 2156 uuit,eumsignillcetaliquem
698 2092 816 2157 sapiente
852 2090 920 2139 intra
948 2092 1050 2139 imaum
1078 2092 1205 2139 montem.
1249 2088 1313 2139 Plin.
1341 2090 1375 2139 ll.

295 2167 478 2217 moderatione
491 2167 529 2217 uti
541 2168 568 2217 lu
579 2167 737 2218 abstinendo
750 2180 764 2215 a
776 2180 818 2215 re-
853 2166 883 2213 N.
902 2164 932 2225 6,
951 2165 990 2213 lt.
1004 2164 1038 2215 de
1051 2165 1168 2227 Scythis:
1187 2164 1320 2213 Multitudo
1328 2176 1379 2225 po-

295 2240 346 2291 bus
363 2242 458 2291 velitis.
849 2238 968 2300 putarunt
984 2239 1116 2287 innumera
1139 2244 1161 2289 et
1173 2252 1236 2301 quoe
1246 2252 1303 2287 erun
1313 2238 1379 2287 Par-

328 2316 368 2365 38.
388 2317 408 2365 0
429 2317 534 2380 utinum]
557 2318 696 2373 Precatur,
720 2319 750 2365 ut
767 2313 816 2363 dea
853 2314 899 2362 tiis
928 2327 961 2363 er
987 2326 1066 2373 aequo
1094 2314 1175 2376 depol.
1219 2312 1379 2362 Οιὶιὸονήηιι·

295 2390 395 2440 lenum
415 2389 491 2440 bellis
513 2392 642 2441 intestinis
661 2389 817 2439 hebetatum
853 2401 938 2437 aarum
963 2386 1055 2449 Saeuo,
1082 2388 1287 2451 Masso-petus,
1322 2390 1377 2437 cet.

295 2466 321 2514 in
338 2477 436 2513 novam
454 2464 567 2514 lormam
584 2464 709 2525 reducat,
727 2477 762 2513 ne
779 2461 818 2512 ul·
853 2462 962 2513 Vossius
973 2460 1090 2511 malebat
1100 2464 1302 2526 Mussupetusque
1312 2462 1381 2511 Aru-

294 2538 399 2588 lumin
422 2552 455 2587 eo
472 2539 606 2600 sanguinis
628 2537 710 2588 civilis
727 2550 818 2587 rema·
853 2537 957 2599 busque,
983 2539 1012 2585 ut
1036 2537 1202 2598 Rhoetumque
1226 2536 1379 2597 leluntquo

295 2613 521 2674 ueatvestigium‚
539 2615 619 2676 atque
632 2615 756 2661 utnovos
768 2612 817 2662 hos
854 2610 924 2676 apud
942 2608 1075 2672 Virgilium
1092 2610 1198 2674 (Georg.
1217 2611 1246 2669 2,
1264 2609 1321 2660 ssa.
1338 2612 1376 2661 el.

295 2684 395 2749 gladios
417 2688 444 2735 in
467 2688 627 2751 Massagetas
650 2685 815 2749 Arabasque,
854 2690 917 2736 Aen.
932 2685 961 2745 8,
975 2684 1031 2735 asi.
1048 2686 1088 2747 la,
1103 2684 1180 2749 sill,
1199 2684 1247 2735 sed
1259 2698 1308 2735 cur
1319 2688 1381 2735 tan-

297 2760 395 2809 uiustos
411 2759 529 2820 hostes»
547 2761 665 2823 stringat.
854 2760 934 2809 demi
960 2760 1044 2808 immo
1061 2758 1172 2824 copulae
1189 2758 1309 2809 absentia
1321 2772 1383 2809 me-

328 2834 368 2883 39.
393 2834 530 2897 Difflnpare
553 2836 594 2883 est
613 2832 689 2883 aliter
708 2832 816 2897 aliquid,
853 2832 903 2883 lius
927 2834 1054 2896 significat
1081 2846 1163 2883 unum
1189 2832 1316 2897 populum
1342 2834 1381 2885 ab

297 2921 328 2957 ac
340 2908 413 2971 prius
425 2906 518 2969 luerat,
537 2908 650 2959 formare
664 2906 817 2971 (reformare
855 2906 937 2958 altero
953 2907 1030 2971 longe
1049 2921 1108 2959 esse
1125 2911 1269 2958 remotum.

763 3059 913 3071 ———-

629 3174 657 3230 E
676 3176 712 3232 X
731 3178 758 3235 (2
776 3178 806 3235 ΙΙ
824 3179 855 3236 lt
874 3178 897 3235 S
918 3178 949 3235 U
968 3179 991 3236 S
1031 3182 1057 3237 Ι.

640 3310 683 3357 ΑΙ)
701 3308 730 3357 C.
754 3308 851 3359 llllllll.
870 3324 912 3358 vv.
932 3312 1036 3361 47-28.

364 3430 415 3494 lpsl
436 3432 595 3494 scriptorum
615 3430 680 3490 loci,
702 3442 769 3493 quos
791 3428 969 3493 appellamus,
994 3432 1021 3481 ini
1037 3434 1106 3483 sunt.
1141 3431 1258 3485 llaerob,
1277 3434 1330 3483 Sat.
1354 3437 1382 3495 t,

301 3513 331 3561 ts
356 3512 393 3577 (p.
412 3514 497 3575 illst:
523 3515 702 3577 Arpmneutum
724 3514 826 3563 caducei
849 3515 883 3563 ud
904 3516 1047 3578 partiturum
1070 3530 1166 3578 quoque
1187 3516 1316 3577 δοιιιὶιιιιιιι
1332 3542 1349 3554 -
1369 3545 1386 3555 -

300 3596 415 3659 Aspuptii
440 3599 609 3658 protendunt,
641 3599 698 3647 daos
723 3598 855 3660 praestitas
884 3599 978 3649 lomim
1007 3601 1116 3650 nuscmti
1146 3606 1265 3661 quotuor
1295 3603 1388 3654 adesso

300 3684 478 3741 mmmm,
496 3679 641 3745 Δαίμονα,
661 3676 771 3746 Τύχην,
789 3676 912 3752 Ἔρωτα,
934 3676 1078 3749 Ἀνάγκην.
1097 3710 1112 3723 -
1128 3710 1142 3721 ·
1158 3685 1295 3734 Necessitas
1314 3688 1388 3737 uodo

301 3752 1385 3830 mwmmmmmmmmmm

303 3844 425 3907 Aeschyl.
438 3846 526 3911 suppl.
540 3846 596 3897 att.
610 3846 644 3897 de
661 3846 750 3911 populi
768 3850 847 3899 scito:
874 3848 930 3898 τῶν
946 3848 969 3899 δ’
988 3846 1133 3915 ἐφήλωται
1150 3850 1241 3922 τορῶς
1258 3848 1387 3919 Γόμφος

303 3925 439 3991 διαμπάξ,
457 3924 496 3991 ὥς
511 3932 607 3995 μένειν
624 3924 781 4001 ἀραρότως.
803 3960 829 3967 -
850 3932 922 3982 Pind.
940 3934 1015 3996 Pyth.
1028 3933 1056 3995 l,
1075 3936 1121 3983 ‘llz
1140 3937 1184 3998 τίς
1199 3934 1230 3986 δὲ
1248 3933 1389 4003 κίνδυνος

303 4016 450 4081 κρατεροῖς
466 4006 630 4077 ἀδάμαντος
646 4010 735 4079 δῆσεν
751 4008 849 4079 ἅλοις,·
869 4044 894 4052 -
915 4017 968 4067 Cle.
988 4018 1062 4068 Verr.
1081 4020 1143 4069 Ace.
1162 4020 1191 4081 5,
1217 4022 1262 4070 tl:
1289 4027 1318 4071 ut
1335 4023 1388 4075 hoc

306 4096 454 4159 metetur,
472 4100 677 4157 quenadmoduu
693 4100 798 4161 dicitur,
823 4100 894 4151 clauo
909 4101 1002 4152 truduti
1015 4104 1109 4167 fiperst.
1131 4131 1157 4141 -
1176 4103 1259 4155 Plaut.
1276 4106 1388 4157 asinar.

308 4180 331 4237 t,
351 4178 374 4238 3,
393 4177 422 4228 l:
443 4179 521 4228 Fisus
536 4180 574 4228 lie
591 4184 658 4243 opud
674 4197 719 4232 uos
735 4185 835 4235 uniaris
850 4190 906 4234 tuus
917 4186 987 4235 clauo
998 4191 1033 4237 est
1043 4187 1177 4251 Cupidinis.
1212 4190 1279 4239 Ante
1291 4193 1389 4243 omnia
