2934 4884
499 258 601 350 tmen.
637 301 735 352 CARM.
755 301 820 351 XVI.
879 371 888 383 ἱ

155 455 299 543 iuppiter
321 453 374 519 ilia
396 455 470 540 piae
492 455 632 520 secrevit
653 454 746 521 litora
769 457 872 542 genti,

197 577 237 642 Ut
260 575 437 662 inquinavit
458 595 536 640 aere
558 587 686 662 tempus
708 597 861 654 aureum;

155 699 253 772 Aere,
278 694 395 761 dehino
417 694 502 761 ferro
525 694 653 760 duravit
674 695 799 773 secula,
825 717 963 784 quorum
1160 701 1201 762 65

198 817 262 881 Piis
285 814 432 882 secunda
453 825 526 880 vate
548 837 600 881 me
623 815 718 880 datur
740 816 823 902 iuga.

179 1011 219 1061 63.
237 1007 398 1074 maone,
424 1014 479 1060 tres
496 1012 634 1061 Torrentii.
663 1037 689 1047 -
716 1014 757 1063 65.
775 1013 849 1074 Aere,
877 1015 962 1064 dodino
983 1015 1071 1076 Bch,
1098 1017 1167 1076 LCt,

147 1087 295 1149 Bentleius,
315 1090 348 1137 F:
365 1089 446 1138 Aereo
462 1088 548 1138 detine
559 1089 705 1154 θρκμνω,
723 1088 841 1137 Pottien'i
853 1087 881 1146 2,
894 1087 923 1148 3,
936 1089 968 1138 23
981 1127 986 1148 ,
1001 1089 1065 1138 item
1076 1089 1124 1140 MJ.
1140 1115 1167 1124 -

146 1162 263 1226 quorum]
281 1175 330 1223 qao
345 1175 412 1211 nuno
428 1161 581 1212 dubitanter
597 1162 737 1226 proposuit
752 1160 894 1212 Bentleius.

111 1340 309 1404 warattonem,
337 1339 365 1385 et
385 1338 427 1386 est
450 1334 531 1386 veluti
557 1337 639 1388 tristis
676 1350 730 1400 quo
748 1335 825 1398 longe
843 1335 877 1384 ab
901 1337 942 1386 his
964 1336 1089 1386 sordibus
1107 1339 1202 1386 remoti

113 1411 281 1476 querimonia
298 1423 348 1473 per
363 1403 521 1460 ἀσύνδετον
534 1411 640 1460 interie-
676 1411 758 1458 vitem
784 1409 918 1460 innoxiam
944 1424 976 1459 ao
1001 1424 1065 1460 vere
1094 1409 1202 1460 beatem

114 1489 166 1536 cta.
183 1483 270 1535 Altera
282 1496 358 1532 aereo
369 1483 455 1533 dehinc
468 1481 637 1546 (monosyil.),
676 1483 884 1545 adispisoantur,
904 1486 949 1547 qui
967 1485 992 1535 in
1011 1487 1082 1534 tanta
1095 1497 1201 1534 morum

114 1559 149 1607 ad
173 1570 256 1621 quem
281 1559 407 1620 repetunt
431 1570 463 1606 ex
492 1557 637 1619 preecedd.
676 1559 846 1620 corruptione
864 1559 899 1621 pii
920 1559 1087 1617 manserunt,
1107 1559 1137 1608 iis
1160 1558 1202 1607 oi-

114 1638 155 1693 ut,
181 1643 287 1681 meram
307 1629 415 1679 exhibet
440 1632 637 1690 narrationem,
677 1631 761 1681 tertur
778 1645 821 1681 me
833 1633 941 1681 auctore
954 1635 982 1682 et
993 1644 1117 1693 suasore,
1137 1635 1202 1683 tam-

114 1717 230 1767 eamque
247 1703 394 1754 admodum
417 1703 547 1766 trigidum.
577 1703 640 1765 (ue-
677 1718 759 1768 quam
779 1707 838 1755 vete
865 1706 953 1755 divino
979 1702 1106 1770 (μάντει,
1131 1720 1199 1756 non:

113 1779 199 1828 tendit
214 1777 307 1840 neget:
328 1777 483 1841 «Anaphora
495 1775 550 1838 illa,
569 1791 639 1841 quae
678 1781 807 1841 «potituri,
826 1785 876 1843 per
892 1780 944 1830 hoc
959 1794 1068 1830 carmen
1087 1783 1201 1845 ipsum.»

112 1849 255 1916 perpiecet
278 1849 388 1912 Orellio,
418 1852 527 1901 nimiam
553 1864 640 1914 quen·
676 1849 724 1902 Alii
752 1855 924 1903 construunt:
953 1866 1061 1914 quorum
1082 1855 1147 1915 ptis,
1175 1853 1201 1902 id

113 1929 179 1978 dam
195 1939 220 1976 r.
239 1940 298 1977 aero
319 1927 374 1976 vim
396 1925 497 1976 addere
519 1926 637 1987 videtur,
677 1926 731 1984 est,
754 1925 813 1985 riis,
833 1927 879 1988 qui
896 1927 931 1990 pii
943 1927 1031 1977 adhuc
1043 1929 1105 1976 suut
1122 1929 1148 1977 in
1160 1928 1201 1977 his

114 2015 203 2065 eoque
224 1999 362 2050 molestior
386 2003 442 2059 est,
470 2000 543 2062 quod
565 2001 639 2064 prius
676 1999 770 2049 terreis
798 1999 911 2059 seculis,
941 1999 1000 2063 iuga
1029 2000 1144 2049 detorto
1173 2001 1200 2050 id

113 2089 174 2126 aare
190 2073 226 2124 ab
243 2073 293 2123 ulio
310 2073 395 2124 verbo
412 2075 513 2136 regitur
535 2088 567 2123 ae
589 2087 640 2138 po-
677 2073 855 2135 quodminus
872 2073 973 2137 placet,
992 2087 1054 2124 oum
1072 2075 1114 2123 vix
1135 2076 1203 2124 Lati-

114 2150 224 2200 sterius.
259 2145 344 2197 Facile
361 2149 453 2197 autem
469 2146 527 2197 deri
545 2149 638 2211 potuit,
677 2160 742 2196 num
752 2147 785 2196 sit
793 2147 831 2208 pit
846 2148 919 2196 tutus
933 2149 1016 2208 serati,
1031 2147 1104 2210 quod
1115 2161 1201 2212 prope

112 2225 145 2272 ut
154 2221 265 2281 librarii,
284 2223 330 2284 qui
340 2219 503 2282 bisyltubum
520 2234 581 2271 esse
593 2234 641 2285 pu·
677 2221 856 2271 Christianum
889 2221 971 2270 habet
1006 2220 1134 2271 colorem.
1172 2250 1199 2258 —

113 2298 204 2347 terent
228 2309 253 2345 v.
272 2296 375 2356 dettm,
393 2297 481 2345 metro
498 2295 638 2346 consulere
676 2297 740 2344 Post
756 2295 893 2357 copiosam
910 2297 1001 2344 eutem
1018 2292 1088 2344 illem
1106 2293 1204 2344 insula-

113 2371 167 2421 sibt
182 2368 350 2428 riderentur,
372 2381 434 2419 oum
451 2382 640 2432 praegressum
676 2382 736 2418 rum
749 2369 889 2418 beatarum
901 2368 1077 2418 τοποθεσιαν
1088 2381 1202 2419 eonsen-

113 2459 174 2494 oere
190 2445 235 2493 hie
250 2444 438 2506 repeterent»)
459 2444 573 2493 variatio
591 2457 641 2493 au·
677 2445 785 2491 timeum
798 2443 866 2501 erat,
879 2445 917 2502 ut,
931 2441 1162 2504 quemadmodum
1174 2441 1203 2490 tit

114 2522 172 2570 tem
188 2532 231 2567 vv.
243 2517 385 2578 enemo
401 2530 484 2566 aere-
494 2542 509 2553 -
521 2531 580 2567 aere
591 2519 640 2567 dn-
677 2513 812 2576 inelegiis
823 2515 977 2578 primariam
987 2515 1066 2564 totius
1076 2515 1202 2564 carminis

112 2594 184 2643 ruott
194 2589 257 2641 nihii
268 2592 377 2642 omniuo
387 2590 638 2643 habetotiensionis.
677 2589 838 2639 sententiam
854 2587 930 2638 brevi
954 2590 1090 2652 repeteret
1105 2591 1199 2652 potta3

117 2694 145 2704 -
163 2667 233 2729 ferro
249 2665 359 2729 dmoott]
378 2679 427 2714 «ex
447 2665 519 2714 terro
540 2679 641 2729 procu-
677 2662 750 2726 quod
767 2675 828 2712 oum
846 2675 942 2725 perum
959 2661 1132 2713 intellexisset
1143 2661 1203 2711 Edi-

116 2741 172 2800 dit‚
195 2739 282 2789 terroe
306 2738 448 2789 reddidit.»
473 2767 499 2776 —
523 2743 639 2802 quoram]
677 2741 720 2789 tor
736 2739 885 2798 [sidensis.
905 2751 954 2788 suo
972 2751 1047 2789 more
1059 2738 1128 2789 duos
1145 2736 1203 2787 ulti·

117 2815 215 2865 «Cuius
227 2814 330 2864 terreae
342 2814 435 2864 aetatis
445 2813 517 2878 supa,
531 2814 637 2875 modus,
676 2827 737 2864 mos
753 2828 796 2864 vv.
816 2812 945 2865 delendos
963 2813 1075 2864 censuit.
1135 2871 1137 2876 y
