2934 4884
514 367 616 419 amsa.
651 368 750 419 canu.
769 368 799 418 u.
1126 368 1188 431 059

269 523 461 611 Positosque
483 543 616 598 vernas,
640 522 716 590 ditis
739 539 875 591 examen
898 523 1029 602 doinus,
1147 527 1188 590 65

312 645 441 711 Circum
463 644 649 712 renidentes
670 645 790 712 Lares!

269 768 357 832 Haec
379 765 435 832 ubi
457 765 584 833 locutus
606 767 768 834 fenerator
789 765 903 842 Allius,

312 889 378 952 lam
401 887 465 952 iam
486 887 613 954 iuturus
635 887 785 964 rusticus

271 1011 409 1074 Omnem
430 1007 557 1094 redegit
577 1007 687 1080 Idibus
708 1009 897 1096 pecuniam,

314 1129 448 1207 Quaerit
470 1127 625 1197 Kalendis
647 1149 780 1216 ponere.
1148 1133 1189 1196 70

166 1311 208 1359 tii.
227 1309 329 1371 Atputm
345 1308 472 1368 bcactr.
493 1309 580 1372 (Alfius
596 1309 679 1358 ceteri
695 1308 769 1370 mei.)
791 1335 817 1343 -
843 1308 882 1358 69.
901 1309 989 1372 retepit
1006 1307 1068 1371 bed,
1088 1312 1156 1360 Poll.

134 1385 268 1506 ἓὲιὶῐὲιιὲιὲο,
287 1384 318 1432 Lt
335 1383 397 1445 (non
415 1383 444 1443 S,
462 1381 555 1432 Biuud.
573 1394 685 1442 omnes,
703 1378 796 1446 βγιιν).
819 1408 845 1417 —-
870 1382 910 1432 70.
930 1382 1048 1432 Kotradis
1064 1385 1158 1447 scripsi

102 1616 383 1678 cumcontrovm.
403 1627 498 1665 omnes
509 1613 632 1666 scribunt
667 1613 750 1662 ldibtts
766 1615 861 1665 sentim
896 1616 948 1665 Sat.
972 1618 999 1678 i,
1021 1615 1049 1678 3,
1071 1617 1115 1666 87:
1145 1618 1193 1679 (tut

101 1690 181 1754 Atticis
190 1691 299 1751 mous,
318 1691 364 1753 qul
379 1690 472 1740 rhetor
487 1689 546 1749 iuit;
565 1703 628 1751 non,
666 1688 730 1749 aas,
757 1701 814 1738 cum
831 1689 912 1738 tristes
927 1691 1019 1740 misero
1033 1701 1123 1740 omero
1137 1689 1193 1740 Ka-

101 1767 169 1815 utin
181 1765 290 1815 Horatio
300 1764 431 1830 plerique,
444 1765 563 1827 Atpttur,
581 1765 631 1827 hy·
667 1762 767 1822 undae,
785 1763 924 1814 Mercedem
940 1769 985 1814 aut
1001 1777 1116 1814 nmmos
1128 1765 1194 1814 uude

101 1838 181 1890 britbr
207 1838 301 1889 torma.
331 1867 359 1875 -
384 1839 492 1903 redeptt]
518 1840 631 1902 radipere
666 1838 915 1887 mdaartrs'catcet.
943 1837 1018 1888 Ovid.
1036 1838 1112 1888 Rem.
1131 1840 1191 1888 Am.

98 1914 237 1976 pmmiam
253 1916 295 1963 ast
308 1914 431 1977 recipere
448 1913 483 1962 ad
502 1924 532 1961 se
545 1925 631 1977 pecu·
667 1911 725 1965 biii.
739 1911 849 1962 Martini.
863 1910 951 1972 8,il,
966 1914 1010 1961 ii:
1031 1913 1135 1962 cauum
1145 1927 1193 1962 ar-

101 1989 176 2038 niam
196 1985 376 2050 qualicunque
396 1986 479 2037 modo
498 1985 570 2036 licito
586 1986 630 2036 vei
663 1986 793 2046 pltoeutar
805 1985 918 2048 popinae
930 1985 1111 2037 Kalendarum.
1131 1984 1193 2038 Plu-

102 2077 136 2111 ιι
147 2061 232 2112 renus
249 2061 363 2111 venditis
379 2061 627 2125 resublimatur:
665 2060 751 2109 uren.
766 2060 800 2109 ae
813 2061 858 2110 vu.
872 2073 927 2109 aer.
942 2057 975 2109 n.
988 2060 1019 2108 s:
1038 2055 1068 2125 (ἡ
1082 2047 1191 2130 atrae

102 2137 192 2186 danda
207 2135 272 2184 aona
286 2136 386 2196 erudit,
409 2134 546 2197 pecuniam
560 2133 630 2183 retti-
667 2134 741 2198 κεια)
759 2127 819 2184 οὐδ’
837 2129 1000 2198 ἀναμνήσει
1011 2132 1068 2183 τῶν
1085 2132 1192 2184 καλαν-

101 2207 176 2273 pit),
195 2206 248 2270 vel,
265 2211 296 2258 ut
311 2209 355 2258 bic
373 2211 401 2258 et
417 2209 489 2272 apud
506 2207 561 2258 Cic.
580 2220 630 2271 pro
667 2206 723 2257 δῶν
740 2209 790 2258 καὶ
806 2203 859 2272 τῆς
871 2209 1042 2294 νουμανίας,
1061 2201 1098 2272 ἢν
1111 2207 1193 2278 ἱερω-

103 2284 194 2334 Rabir.
213 2285 284 2333 Post.
300 2284 345 2333 ta:
364 2284 478 2348 pecunia
495 2298 545 2333 uon
561 2281 631 2331 redi-
667 2279 757 2347 τάτην
782 2277 898 2354 ἡμερῶν
927 2296 1019 2332 ουσαν
1036 2274 1207 2354 ἀποφράδα,

102 2363 222 2422 peretur,
257 2371 272 2407 a
299 2356 474 2408 debitoribus.
514 2360 628 2407 Gronov.
668 2353 804 2406 ποιοῦσιν
830 2357 860 2405 οἱ
879 2353 1025 2406 δανεισταὶ
1051 2357 1100 2406 καὶ
1126 2353 1195 2408 στύ-

105 2432 185 2482 Ohss.
209 2433 238 2492 t,
259 2433 300 2482 20.
323 2431 424 2495 Redepit
441 2433 531 2481 autem
548 2429 632 2480 tatum
667 2446 740 2498 γιον.
769 2459 797 2466 —
830 2431 947 2495 Quaerit]
978 2431 1191 2494 acucumspicit,

105 2519 169 2555 cum
182 2505 258 2566 dicit,
276 2504 453 2568 intelligamus
465 2517 578 2555 necesse
591 2509 632 2554 est
668 2506 740 2570 apud
757 2517 840 2568 quem
857 2505 946 2556 denuo
963 2507 1048 2569 possit
1060 2505 1193 2555 collocare

105 2581 182 2644 prius
193 2578 342 2643 appellatos
356 2591 417 2630 esse
430 2579 583 2638 debitores,
602 2581 633 2628 ut
668 2593 821 2631 nummos.»
841 2607 868 2616 -
895 2579 1021 2644 Kalmdir]
1040 2580 1195 2643 «sequenti-

103 2667 166 2704 eam
190 2653 225 2703 ad
245 2653 319 2704 diem
336 2652 472 2704 solverent
487 2654 631 2717 pecuniam
668 2655 747 2706 bus».
761 2656 853 2704 Senon.
869 2679 896 2690 -
910 2655 1011 2720 ponera]
1030 2653 1196 2706 διατιθέναι

103 2730 200 2780 mutuo
211 2729 355 2791 sumptam.
391 2728 428 2776 Er
448 2725 632 2792 compluribus
670 2733 697 2781 et
712 2725 904 2789 καταβάλλειν
920 2725 954 2780 τὸ
972 2725 1148 2792 κεφάλαιον,
1166 2731 1196 2780 ut

103 2816 171 2854 vero
187 2801 252 2852 locis
273 2800 369 2852 merito
393 2799 555 2864 colligimus,
581 2800 632 2850 nisi
668 2808 700 2856 Α,
721 2809 750 2856 Ρ,
772 2805 838 2857 tat:
868 2806 936 2856 uiues
953 2806 1042 2867 postris
1062 2805 1089 2855 in
1110 2806 1197 2869 [mun

103 2878 173 2928 torte
190 2877 217 2925 in
228 2875 405 2939 chirographo
418 2877 490 2925 certa
503 2874 561 2924 dies
577 2873 633 2924 sol·
668 2881 786 2930 ααιιιιιιι.
805 2881 860 2930 Cic.
875 2882 952 2930 verr.
965 2881 995 2942 3,
1009 2882 1057 2930 7οι
1076 2895 1134 2931 cum
1146 2893 1196 2944 po-

102 2950 211 3000 vendae
227 2950 357 3013 pecuniae
378 2951 521 2998 constituta
541 2951 630 3009 esset,
667 2955 717 3002 sita
727 2959 787 3003 amat
795 2955 909 3017 pecunia
921 2956 990 3016 apud
1001 2969 1045 3005 aas
1056 2955 1191 3016 sociantes,

105 3027 133 3076 in
151 3037 203 3073 usu
229 3023 325 3084 inisse,
352 3023 382 3072 ut
403 3035 452 3086 pro
474 3021 632 3072 lenerntoris
668 3027 735 3075 audo
751 3031 807 3075 erat
824 3027 961 3089 attributa,
980 3029 1044 3078 binis
1059 3031 1198 3078 canusima

104 3097 296 3148 commoditate
313 3096 463 3146 secundnm
479 3095 632 3145 debitorum
668 3101 796 3164 feneratus
819 3104 862 3148 ast.
890 3127 917 3135 —
947 3101 1042 3151 Missus
1067 3101 1196 3153 iaciamus

105 3170 315 3236 appellationem
327 3172 458 3234 pecuniae
470 3175 497 3220 et
508 3169 632 3220 Kalendis
669 3177 697 3224 at
723 3171 802 3224 salsas
827 3173 1075 3236 interpretationes,
1105 3174 1194 3225 velut:

105 3251 134 3296 et
145 3245 228 3296 Nonis
243 3248 271 3295 et
281 3245 373 3296 idibus
385 3245 420 3296 ab
432 3259 464 3295 ea
475 3245 634 3307 redigeren-
670 3247 768 3297 «edixit
784 3245 965 3307 debitoribus,
990 3259 1053 3297 curn
1070 3247 1133 3298 idus
1152 3261 1197 3298 es-

104 3326 160 3372 tur.
179 3321 325 3371 Cic.Verr.
340 3321 429 3380 i,tr:
453 3321 533 3370 Nerato
549 3319 634 3368 tiato-
669 3323 745 3381 sent,
777 3321 919 3385 pecuniam
950 3332 971 3369 s.
999 3322 1102 3372 sortem
1133 3333 1196 3372 cum

103 3397 149 3446 uto
160 3395 277 3444 ιιιοὶιιιιιι
291 3399 341 3454 est,
358 3406 438 3454 aequa
451 3394 509 3444 Kal.
525 3394 633 3444 Dwtut-
669 3397 758 3447 usuris
775 3395 903 3459 proximis
915 3392 1038 3446 Kalendis
1049 3407 1196 3458 pernume-

104 3468 192 3519 bribus
205 3482 284 3530 acque
299 3468 471 3530 Nostraeque
488 3466 578 3516 idiota
597 3466 633 3516 ud
669 3469 796 3528 randam;
815 3469 932 3519 eandem
949 3471 1053 3530 tamen,
1073 3482 1195 3520 cumeae

104 3546 158 3594 nit.
179 3543 228 3605 tc,
242 3545 274 3592 a:
299 3544 409 3608 Scripsit
429 3543 494 3593 diem
509 3539 634 3604 pecuniae
670 3544 854 3604 advenissent,
874 3544 972 3594 lterum
989 3544 1064 3606 pouit
1080 3543 1195 3604 tenoript

103 3619 165 3668 Idus
174 3617 326 3666 Novembres
341 3631 400 3668 mse.
419 3616 454 3666 ad
465 3619 517 3667 Ait.
533 3614 573 3676 ll,
585 3615 630 3664 2⁰:
670 3622 698 3670 et
713 3617 775 3668 lect.
795 3617 895 3682 reiepit,
922 3617 1062 3668 defensam
1086 3617 1196 3680 quidem

103 3692 162 3740 lam
182 3691 222 3740 vel
243 3691 290 3740 alli
310 3691 399 3741 babeat
415 3703 541 3752 nummos,
559 3690 633 3740 modo
670 3694 704 3746 ab
731 3694 838 3744 Heinsio
864 3693 975 3745 advers.
1003 3707 1030 3758 p.
1056 3692 1113 3742 235.
1142 3693 1196 3756 (qni

104 3771 220 3815 numeret
230 3766 320 3815 ididia.
333 3767 360 3816 ln
372 3764 447 3816 Catil.
462 3766 492 3826 t,
507 3765 539 3815 6:
558 3765 633 3814 rrae
670 3769 778 3833 exponit
796 3767 974 3830 urecollegit»,
994 3767 1021 3816 id
1033 3767 1105 3831 quod
1117 3779 1198 3832 repu-

105 3844 216 3894 termino
232 3845 324 3892 νιιιιιαι
338 3844 502 3907 fortunatum
518 3847 630 3904 tuomum,
670 3845 733 3907 gnat
753 3842 939 3892 consuetudini
965 3841 1081 3903 Latinae)
1108 3844 1135 3892 ct
1161 3840 1196 3890 ab

105 3931 171 3980 quas
187 3931 271 3968 onmes
286 3919 427 3980 ιαιραααι
449 3918 494 3968 tibi
507 3918 634 3981 prosim
669 3916 901 3980 Oudendorpioad
911 3915 1087 3980 Apulltietb.
1099 3928 1125 3980 p.
1136 3914 1193 3966 l32.
