2934 4884
520 355 577 406 ΗΒ.
599 357 616 404 Ι.
653 356 681 404 C.
703 355 744 404 lll.

285 510 431 576 Prudens
453 513 586 576 Oceano
609 509 807 577 dissociabili

390 631 519 707 Teneo,
543 631 570 696 si
592 641 699 696 tamen
722 629 840 717 impiae

281 752 351 816 Non
373 749 534 838 tangenda
556 759 642 816 rates
664 749 845 816 transiliunt
866 750 958 816 voda.

390 896 503 963 Audax
525 897 632 964 omnia
654 896 780 985 perpeti

282 1017 369 1083 Gens
392 1017 532 1084 humano
555 1017 618 1082 ruit
639 1037 699 1104 per
721 1017 855 1084 vetitum
876 1017 976 1084 nelos.

388 1137 502 1204 Auden
524 1137 623 1222 liipeti
647 1157 751 1224 genus

169 1280 212 1330 Ὦ.
233 1277 398 1328 dissociabilis
409 1278 494 1329 Bentl.
509 1279 587 1338 coni,
599 1291 681 1342 quom
694 1278 794 1328 iecerat
805 1280 858 1328 inm
869 1277 1026 1342 Goellerios,
1039 1281 1128 1346 itaque
1138 1285 1165 1342 F.

136 1354 265 1404 scribens
277 1353 455 1410 dissociabilem
475 1353 627 1402 dissociabile
640 1353 768 1414 Cunlngh.
783 1354 851 1402 conl,
866 1353 970 1403 llrmatn
983 1367 999 1404 a
1011 1355 1076 1405 Cod.
1091 1357 1164 1407 Leid.

135 1426 216 1490 proh.
225 1425 349 1476 Oudeud.
361 1427 395 1475 ad
403 1425 478 1491 ¹lpul.
491 1429 551 1476 hlet.
559 1427 582 1475 5.
590 1439 616 1490 p.
624 1425 681 1475 359.
692 1453 718 1461 —
728 1427 768 1476 27.
781 1427 984 1478 Atroeltothios.
997 1429 1027 1477 V.
1035 1429 1164 1482 Iahniunr.

102 1542 167 1578 nem
197 1529 294 1578 incidit
327 1529 443 1578 maxime
472 1531 581 1591 propter
611 1541 636 1576 v.
706 1529 748 1579 26.
787 1529 860 1594 Gerus]
900 1529 1073 1594 Philosophus
1105 1533 1201 1599 aliquis

102 1603 220 1658 maeidd,
240 1615 305 1652 curn
323 1603 357 1662 ei,
376 1604 465 1652 nostra
478 1603 575 1652 sivero
593 1613 638 1652 es-
674 1601 849 1652 scholasticus
891 1605 1056 1666 excogitasse
1094 1608 1200 1659 ridetur

103 1681 155 1734 set,
175 1677 278 1725 Muti
295 1676 395 1740 requiri
414 1675 556 1725 rideretur.
585 1676 638 1726 Sed
674 1675 735 1726 lect.
755 1676 838 1726 Codd.
857 1677 1000 1728 Torrentii:
1021 1681 1093 1730 Mens
1107 1681 1199 1732 imno-

103 1763 167 1800 rurn
184 1763 211 1798 v.
231 1750 332 1798 discidit
349 1752 376 1799 et
395 1752 506 1814 propter
522 1752 637 1799 metrum
673 1763 716 1798 oe.
747 1751 806 1798 ituit
827 1753 917 1800 eutem
935 1765 983 1814 per
1003 1756 1107 1804 oetitom
1128 1757 1200 1820 mot

103 1827 128 1874 et
145 1827 262 1887 propter
279 1824 415 1885 egregium
431 1823 493 1872 illud
506 1821 638 1874 ini-leros
674 1822 794 1873 breviter
814 1838 846 1874 uc
867 1839 935 1875 nove
958 1825 1059 1877 dictum
1076 1831 1119 1879 est
1133 1842 1196 1893 pro:

103 1899 259 1948 motti
277 1899 315 1946 uti
334 1911 386 1947 non
404 1900 509 1961 posset,
534 1899 638 1962 scripsit
675 1898 743 1946 «rote
754 1911 803 1959 per
817 1900 920 1948 setim
940 1903 1021 1965 atque
1043 1902 1112 1953 adeo
1128 1905 1199 1967 nelos

102 1973 224 2034 macida,
249 1985 302 2020 noo
324 1974 425 2021 terram
448 1973 560 2032 emam,
588 1973 637 2022 sed
673 1972 841 2022 committere
863 1973 970 2023 audet.»
1003 1977 1086 2026 Nimis
1105 1980 1198 2040 argute

102 2059 186 2096 unam
212 2049 320 2110 partem
347 2045 419 2096 orbis
445 2047 576 2096 terrerum
602 2047 636 2096 ab
673 2045 803 2095 Bosscha:
824 2046 916 2108 «Nelos
932 2049 988 2107 esl,
1007 2050 1079 2111 quod
1096 2062 1150 2099 non
1166 2050 1198 2100 ll-

102 2121 198 2170 altere.
249 2118 329 2182 liegel
364 2121 403 2170 sio
434 2121 634 2183 interpretetur:
673 2121 724 2176 eet,
745 2118 816 2181 quod
834 2122 945 2169 naturae
962 2119 1077 2184 impulsu
1097 2136 1150 2172 noo
1166 2123 1199 2174 lt-

103 2196 204 2244 ·Cuius
222 2197 329 2244 remota
347 2195 417 2243 inter
433 2208 462 2244 se
481 2195 575 2244 sociari
588 2208 636 2244 ne·
673 2204 736 2241 cere
753 2194 834 2241 sentit
849 2193 944 2253 homo,
961 2206 987 2242 v.
1001 2207 1025 2242 c.
1038 2192 1197 2257 latrocinari,

102 2272 207 2332 queunt
220 2267 325 2317 litora.»
334 2267 472 2327 -Quodsi
485 2271 636 2319 cumBent-
674 2264 787 2314 caedem
804 2267 983 2316 committere:
1001 2269 1104 2316 οοιίιοοι
1118 2271 1198 2333 norm,

102 2343 154 2393 leio
181 2342 257 2405 legas
280 2343 454 2403 dissociabites,
476 2344 554 2394 huius
575 2358 633 2393 voc.
673 2339 715 2387 oui
733 2341 827 2388 nature
843 2352 874 2388 se
888 2338 978 2390 multis
995 2342 1200 2403 etmugoisim-

100 2419 181 2467 unica
200 2419 387 2480 interpretatio
405 2420 467 2468 erit:
488 2417 636 2470 «dissocie-
672 2413 832 2477 pedimentis
857 2415 996 2477 opposuit,
1020 2415 1092 2479 quod
1117 2416 1199 2466 homo

102 2497 154 2550 tas,
173 2492 353 2554 dissaeptum,
367 2493 484 2555 epitheto
492 2495 557 2544 salis
569 2493 637 2544 otio-
673 2489 840 2538 committere
862 2501 915 2537 nou
937 2491 1027 2552 potest
1047 2490 1097 2540 nisi
1113 2491 1198 2553 ruptis

102 2579 142 2616 so.
180 2569 278 2628 Neque
306 2579 371 2615 vero
397 2566 576 2631 Oudendorpii
602 2567 636 2616 ad
673 2576 704 2611 ac
714 2561 825 2612 revolsis
838 2562 880 2611 his
889 2563 1198 2626 impedimentisnhdeo

104 2639 207 2704 Apuleii
232 2641 296 2689 htel.
318 2642 343 2689 5.
366 2653 393 2704 p.
413 2641 469 2690 359.
488 2643 636 2704 probamus
672 2648 737 2684 vero
754 2636 780 2684 in
797 2636 849 2686 hoc
866 2637 1024 2697 haeserunt,
1042 2640 1072 2688 ut
1089 2639 1198 2688 Ouden-

103 2713 271 2775 rlirsociohile,
292 2713 377 2772 idest,
392 2715 635 2766 odiseociobillter.»
673 2710 740 2773 dorp
757 2713 920 2773 proponeret
932 2713 1093 2773 pereleum
1108 2714 1136 2762 tn
1151 2727 1198 2763 ne-

104 2789 263 2852 Comparari
282 2788 391 2851 quidem
402 2793 507 2853 poterat
516 2805 548 2839 ex
560 2793 636 2854 parte
671 2783 1051 2846 ft1⁸‚Duhflmelp0rvtlilttm
1072 2792 1095 2836 et
1115 2788 1196 2850 uelat,

104 2864 175 2926 l'irg.
195 2865 265 2913 Aen.
287 2863 327 2922 te,
347 2863 408 2914 338:
427 2865 567 2914 miserabile
577 2878 637 2914 coe-
672 2857 745 2921 quod
769 2859 857 2921 ipsum
877 2860 904 2908 in
925 2860 1126 2923 suspectissimo
1147 2875 1198 2910 suo

103 2939 136 2986 eir
152 2937 273 2987 Hostibus
289 2939 425 3001 meditere,
448 2939 497 2990 sed
514 2941 635 3004 recipere
673 2932 737 2982 Cod.
765 2932 901 2984 sorhonue
926 2935 1078 2998 repperisse
1103 2947 1134 2985 se
1161 2936 1198 2984 eit

104 3015 177 3060 vetet
198 3011 368 3062 consuetudo
386 3015 541 3074 Horatiana,
566 3027 634 3076 quae
672 3007 770 3058 Valarl·

105 3087 155 3136 etsi
171 3086 292 3136 admittit
309 3088 379 3136 duee
394 3089 491 3150 ridere,
509 3089 636 3139 turbidum

104 3160 197 3210 teetm
222 3162 291 3220 oet„
318 3161 472 3212 associabile
493 3163 637 3214 &minden
704 3157 744 3206 27.
766 3156 858 3206 Aedos
875 3154 996 3206 consulto
1012 3158 1150 3220 repetitur,
1167 3158 1199 3205 ut

105 3247 247 3297 nunquam
265 3233 388 3297 amplexu
406 3237 486 3288 esset.
672 3231 744 3281 notio
760 3232 899 3294 primaria;
918 3231 946 3280 id
962 3231 1035 3294 qood
1047 3244 1099 3280 non
1114 3243 1198 3291 agno-

136 3309 178 3358 se.
199 3308 242 3358 es.
261 3307 355 3370 optas
371 3310 554 3374 peraorecovr
570 3323 635 3374 pro-
671 3305 716 3364 vo,
740 3305 785 3368 uui
806 3305 945 3368 proposuit
965 3308 1050 3353 atros·
1086 3305 1132 3354 Est
1149 3303 1198 3365 isi-

105 3381 190 3445 lepsin
213 3383 361 3445 poeticam
391 3397 454 3436 nam
478 3387 588 3448 propter
608 3384 634 3434 id
672 3381 727 3428 tur:
748 3378 865 3438 «Audax,
884 3389 977 3446 rursus
994 3377 1068 3436 dico,
1087 3377 1199 3427 Prome·

105 3459 204 3519 ipsum,
219 3456 292 3519 quod
301 3458 530 3518 transilientem,
544 3459 635 3520 impiae
671 3454 750 3504 theus
768 3451 819 3511 ille,
838 3451 965 3500 audaciae
977 3453 1005 3499 et
1015 3448 1197 3500 fraudulentae

105 3531 179 3580 liunt.
218 3531 273 3580 Ch.
292 3532 365 3580 Koch
382 3531 418 3582 ad
430 3533 537 3582 Luciani
555 3533 632 3582 Char,
671 3525 805 3576 sollertiae
827 3523 978 3574 mortalium
995 3526 1071 3587 quusi
1092 3526 1197 3588 species

104 3617 129 3667 p.
148 3605 191 3654 56.
214 3633 243 3640 -
263 3607 416 3670 transilient]
435 3607 542 3670 «rapido
555 3619 635 3656 cursu
672 3602 700 3649 et
716 3598 897 3662 symbolum.»
912 3625 939 3633 -
957 3597 1036 3660 lttpeti
1052 3598 1120 3649 tilius
1131 3601 1197 3648 Pro-

105 3679 536 3744 haiiciunt.»1³ropert.t,tl‚l3:
550 3681 636 3742 Alpe-
671 3675 805 3724 melheus.
835 3671 941 3723 llesiod.
960 3666 1044 3742 Ἔργ.
1062 3674 1108 3724 to:
1126 3668 1199 3734 Ζεὺς

104 3759 168 3814 reat,
189 3754 333 3815 quamque
353 3759 422 3804 rates
443 3759 466 3804 et
485 3755 542 3804 uelo
554 3765 636 3816 poro-
671 3743 776 3818 Kpdpe
792 3744 823 3798 δὲ
840 3745 910 3818 ⁷⁰39,
933 3742 968 3796 τὸ
984 3747 1038 3811 μὲν
1055 3739 1198 3809 “fimitis

103 3829 138 3876 uit
148 3827 253 3876 Prinos
266 3827 380 3877 etinoito
391 3829 492 3891 porplle
504 3829 634 3891 feciliter!
672 3819 741 3886 πάῖς
770 3817 909 3873 Ἰαπετοῖο
928 3817 1053 3886 'Eximi'
1082 3815 1197 3906 ἀνθρώ-

134 3903 178 3950 25.
210 3902 298 3950 onmia
312 3903 417 3966 perpeti]
440 3903 523 3968 γένος
541 3898 635 3952 δεινὸν
672 3913 753 3948 notor
773 3894 842 3960 Διὸς
863 3893 942 3967 πάροι
961 3893 1131 3962 μητιόεντος
1155 3894 1197 3944 liv

104 3971 200 4024 πάντα
217 3973 333 4039 τλῆναι,
351 3976 458 4036 omnia,
478 3978 559 4026 etiam
576 3989 635 4026 mo·
671 3971 759 4039 κοίλῳ
769 3969 904 4042 cumdque,
922 3968 1084 4020 lacerata
1100 3981 1197 4039 τερπι-

104 4050 175 4098 xima
193 4048 313 4112 pericrrla
329 4049 436 4109 subire;
459 4051 485 4100 in
507 4063 560 4114 quo
579 4050 635 4114 ipso
671 4049 865 4118 seponerem-
882 4045 968 4109 penus]
986 4045 1029 4094 Sic
1046 4040 1139 4093 Catuli.
1153 4043 1195 4103 ot,

106 4125 175 4172 inest
200 4125 274 4172 notio
299 4125 388 4175 omnia
413 4125 538 4186 sedendi,
566 4136 634 4186 quae
672 4123 696 4171 ξ.
716 4122 903 4183 Hymeneeum
924 4119 1036 4169 lirantes
1053 4129 1132 4180 penus
1147 4129 1198 4180 ap·

107 4199 255 4246 cruciatum
272 4211 366 4248 creare
384 4199 494 4262 possint.
672 4193 759 4258 pellet.
