2934 4884
571 206 605 283 ti
641 192 644 203 ’

489 344 548 393 uo.
567 343 610 393 ur.
646 344 674 393 c.
693 342 759 395 xiv,

362 493 522 562 Diluviem
545 494 719 563 meditatur
740 496 842 583 agris,

278 652 316 719 Ut
336 649 550 719 barbarorum
572 650 726 720 Claudius
748 653 876 739 agmina

276 775 408 839 Ferrato
428 782 520 839 vasto
543 773 641 839 diruit
662 773 784 860 impetu

317 892 511 980 Primosque
533 905 566 961 et
587 904 750 961 extremos
771 894 922 962 metendo

359 1015 478 1080 Stravit
499 1013 632 1080 humum
654 1014 725 1080 sine
748 1014 842 1083 clade
862 1017 982 1093 victor,

275 1172 319 1236 To
342 1170 469 1257 copias,
493 1180 525 1237 tc
546 1170 716 1238 consilium
740 1181 773 1240 ct
793 1183 867 1239 tuos

169 1366 211 1417 28.
229 1365 364 1415 misertor
381 1366 434 1425 st,
454 1378 564 1417 «omnes
581 1369 689 1433 praeter
706 1369 762 1419 tres
778 1381 811 1418 ex
822 1369 1027 1422 recentissimis»
1040 1370 1159 1430 Bentleii,

137 1440 181 1503 qui
190 1442 252 1504 post
260 1439 409 1490 Locheram
418 1440 550 1491 ettidum
558 1442 667 1505 recepit.
683 1442 789 1503 (Utres,
803 1441 857 1493 bod
866 1444 894 1492 et
904 1444 922 1492 s
933 1444 960 1492 tn
968 1456 1053 1506 marg.
1064 1445 1160 1496 eadem

137 1526 234 1571 meum
247 1515 314 1564 Pott.
327 1514 450 1577 septem.)
464 1540 493 1549 -
511 1514 552 1563 31.
566 1520 588 1564 et
599 1527 653 1565 orn.
667 1516 695 1565 Τ.
712 1543 740 1552 -
753 1515 793 1565 32.
806 1516 876 1566 imni
885 1514 986 1579 Aldus,
1005 1516 1158 1570 Glareanus.

107 1676 227 1750 ταῦρος,
253 1677 300 1728 ubi
326 1675 412 1729 schot.
439 1678 507 1729 Ven.
531 1680 632 1743 signiti-
666 1679 780 1732 tectione
804 1683 952 1745 minitatur,
980 1696 1061 1747 mm
1078 1698 1094 1735 e
1111 1683 1192 1748 gloss.

106 1755 166 1803 cant
188 1751 376 1803 Archilochum
397 1753 514 1817 primum
535 1754 630 1817 tuisse,
668 1757 756 1805 ortam
780 1754 864 1806 habet
888 1757 943 1807 iam
967 1759 1067 1809 Nonius
1089 1771 1116 1822 p.
1134 1758 1192 1809 203.

105 1829 150 1891 qui
176 1827 359 1877 tauritormem
384 1826 517 1879 induxerit
543 1829 631 1878 Ache·
669 1829 749 1880 hiero.
769 1828 899 1891 (Gerlach.
918 1831 1131 1883 tameuecodd.
1143 1834 1194 1882 mi·

106 1900 178 1951 ioum
197 1914 259 1951 cum
272 1900 384 1951 Hercule
396 1900 550 1952 luctantem.
577 1904 631 1952 Eu·
667 1904 767 1966 notar.)
789 1904 860 1965 virg.
879 1906 925 1954 Ge.
944 1905 974 1965 i,
993 1906 1056 1955 toa:
1069 1896 1135 1967 ‘puio
1150 1920 1195 1956 co·

104 1976 153 2039 rip.
181 1976 228 2024 Ion
255 1974 334 2025 taor:
361 1964 395 2023 'rit
422 1971 631 2046 ταυρόμορφον
667 1977 961 2040 piatimntoosserter.
976 1978 1075 2042 (Nuper
1084 1979 1195 2043 quidam

106 2042 192 2113 ὄμμα
207 2044 344 2112 Κηφισοῦ
362 2044 479 2119 πατρός.
498 2050 568 2113 virg.
582 2053 628 2100 Ge.
668 2063 762 2100 rursus
778 2050 903 2115 praetulit
918 2052 1063 2111 ouoitutm
1085 2053 1134 2103 sed
1154 2052 1194 2103 ai·

104 2121 133 2185 i,
152 2122 218 2172 tit:
244 2124 278 2171 Et
300 2124 402 2187 pemtm
423 2128 531 2173 auratos
547 2126 631 2173 wret-
668 2125 757 2173 terum
773 2125 832 2175 sine
844 2124 927 2174 dubio
943 2124 1021 2188 longe
1038 2124 1194 2191 ποιητικώ-

104 2210 136 2245 oo
153 2210 253 2245 comeo
268 2196 337 2246 cotta
353 2197 489 2247 Eridanus.
525 2199 590 2249 Aen.
603 2198 629 2259 8,
667 2210 751 2268 τερον
763 2200 817 2258 est,
837 2198 898 2261 quia
915 2198 1055 2249 hominum
1071 2202 1195 2251 tacitaac

104 2274 150 2322 tt:
171 2272 293 2336 comtper
308 2272 471 2335 Hesperidum
485 2275 631 2338 piwtsare-
667 2270 840 2322 tormidotose
857 2270 964 2321 diluviei
980 2274 1144 2336 exspectatio
1159 2287 1193 2325 eo

103 2350 197 2411 prator
224 2359 357 2409 opsonare.
394 2348 437 2397 Sic
464 2348 491 2398 in
519 2360 630 2399 nummo
663 2344 763 2403 ,metius
780 2346 957 2409 exprimitur.)

103 2420 248 2471 volturnus
268 2422 295 2471 in
317 2422 466 2472 Neomenni
488 2423 564 2471 Nren.
581 2436 630 2485 po-
697 2419 810 2469 *at-32·
832 2420 949 2484 Forata]
974 2418 1078 2471 «iortcis
1099 2420 1194 2473 terreis

102 2494 157 2557 pat.
187 2506 246 2557 pag.
277 2495 318 2545 12.
365 2495 462 2546 Contra
494 2495 630 2548 hacilinus
668 2495 768 2543 tecte.»
788 2519 816 2529 -
834 2494 920 2557 tim]
944 2508 1012 2544 nove
1036 2493 1138 2545 dictum
1158 2495 1194 2546 de

103 2566 193 2631 θροῶ.
215 2570 236 2617 1.
261 2581 287 2632 p.
308 2569 363 2619 101.
383 2568 485 2620 collatis
507 2583 552 2634 pp.
572 2570 627 2622 110.
667 2567 823 2631 michae,
851 2567 989 2619 ordinibus
1009 2570 1138 2629 hostium,
1164 2572 1196 2620 ut

103 2640 167 2691 tit:
186 2640 256 2691 Notis
270 2643 393 2705 medoptie
407 2644 418 2691 i
432 2646 504 2707 μνον·
521 2645 631 2707 soooes-
667 2640 730 2692 alibi
754 2641 789 2691 de
815 2642 959 2703 aedificiis,
987 2655 1038 2706 pro
1065 2641 1193 2705 «disiecit,

100 2716 184 2779 ppioti
211 2728 280 2765 conte
305 2718 415 2778 nomini,
445 2730 459 2767 e
482 2731 533 2767 ooo
561 2731 630 2769 coare
668 2714 819 2779 dispersit.»
844 2717 875 2766 lu
891 2728 972 2780 prosa
988 2718 1122 2767 oratione:
1149 2718 1195 2767 oh-

102 2791 162 2839 tort.
183 2788 303 2841 Tutadio
319 2796 382 2841 teate
398 2792 452 2841 deti
469 2793 557 2856 Aupdo
569 2793 631 2843 ratio
667 2794 860 2841 οιοοεονοιοιοοε
875 2790 1102 2854 piariiiedtdacere.
1122 2791 1192 2853 (Seu.

101 2864 226 2927 medoptie
242 2864 268 2913 cii
284 2865 403 2929 Sarepta,
421 2866 441 2914 it
457 2865 630 2927 potatam
669 2864 760 2914 Contr.
779 2864 864 2927 1,3.)
883 2892 911 2900 -
929 2865 1050 2929 metendo]
1068 2858 1194 2933 ιιιάμᾴν

11 2944 14 2949 ’
102 2939 169 2987 detto
197 2938 347 3001 tessifome
372 2940 406 2989 do
431 2941 538 3003 orosio,
565 2954 631 3003 pure
668 2935 741 3000 apud
758 2938 882 2988 Graecos.
904 2937 1112 3001 Virg.Aen.t⁰,
1131 2940 1192 2990 ota:

102 3012 173 3075 copti
194 3012 348 3062 ostiatim
369 3014 396 3062 io
416 3014 502 3077 [οηηο
518 3015 544 3064 cii
560 3018 628 3077 toro,
667 3012 790 3061 Prouimc
814 3026 928 3073 quaeqae
950 3016 1021 3064 metit
1043 3014 1138 3077 plodio.
1164 3043 1192 3052 —

101 3098 146 3135 mo
163 3086 191 3133 cit
206 3098 280 3135 corno
296 3087 377 3137 vadosi
394 3088 514 3151 effiptoto.
534 3115 562 3125 -
578 3089 631 3139 Ce-
667 3084 765 3133 Stravit
780 3085 891 3148 mres]
910 3099 1021 3137 «comm
1036 3089 1194 3151 corporibus

102 3161 192 3209 terum
213 3158 264 3209 hac
285 3162 485 3223 comparatione
503 3175 567 3212 usus
590 3164 631 3212 est
667 3157 781 3207 humum
800 3160 971 3209 constravit.»
997 3162 1127 3211 Latinitati
1150 3176 1196 3213 re-

102 3234 158 3281 iam
170 3232 304 3283 Homerus
315 3232 345 3283 11.
359 3248 388 3294 ε,
407 3234 453 3284 87:
474 3232 629 3301 (Τυδείδης)
667 3233 769 3295 pugnat
785 3229 897 3280 aiiorum
918 3232 1114 3295 interpretatio:
1136 3236 1196 3295 pri-

102 3302 181 3358 Θῦνε
192 3301 248 3375 γὰρ
259 3300 303 3371 ἂμ
314 3304 411 3357 πεδίον
429 3306 549 3375 ποταμῷ
562 3304 632 3373 πλή-
667 3317 768 3365 owspaee
792 3308 816 3353 et
840 3309 965 3354 extremos
991 3306 1047 3366 (eos
1071 3306 1195 3370 νιοινιοο)

101 3381 187 3431 θοντο
197 3376 301 3442 ἐοικώς
311 3376 478 3469 Χειμάρρῳ,
495 3376 556 3433 ὅστ’
567 3374 631 3434 ὦκα
667 3380 758 3427 300010
774 3377 877 3427 hiim
887 3390 936 3441 pro
946 3379 974 3426 ts
984 3378 1097 3440 imvm,
1114 3380 1194 3438 0000,

100 3448 177 3523 ῥέων
200 3452 339 3504 ἐκέδασσε
360 3470 498 3525 γεφυρας.
529 3455 577 3507 Od.
600 3456 629 3519 i,
668 3453 697 3500 ui
718 3464 752 3502 ex
772 3450 852 3514 gloss.
869 3450 960 3502 Aldus.
988 3479 1016 3487 -
1046 3454 1099 3503 tine
1114 3453 1194 3517 clade]

101 3528 129 3589 0,
149 3529 176 3577 2.
198 3528 410 3592 aspamam
421 3532 501 3581 vocat
513 3532 630 3597 patrium
668 3537 780 3576 suorum
796 3522 918 3575 militum.
940 3524 1006 3575 Veii.
1019 3526 1049 3587 2,
1067 3527 1113 3576 eo:
1138 3528 1196 3589 (Ne-

101 3602 224 3652 tluvium.
251 3630 279 3638 —
302 3604 398 3667 Dauos]
424 3605 495 3669 regis
520 3604 630 3670 Apuliae
668 3599 758 3662 tonos)
771 3600 1197 3664 ssMlothdeit'coeW-wmm

102 3676 224 3740 mpurici.
260 3675 308 3726 Od.
327 3676 355 3738 3,
374 3677 420 3739 30,
446 3679 486 3728 tt.
508 3706 534 3716 -
551 3693 631 3742 prce-
667 3673 1194 3737 --sumerofrepuentssderitotemscea

102 3750 169 3814 ituit]
189 3748 275 3800 otoo.
285 3748 311 3811 i,
322 3750 398 3811 ato.
415 3750 513 3803 etPlin.
525 3753 594 3803 1111.
604 3754 629 3814 3,
666 3750 765 3799 maiore
788 3762 846 3799 cum
866 3750 980 3811 pescate
1003 3762 1082 3810 patum
1104 3749 1196 3798 deamo

103 3826 148 3873 tt:
168 3823 316 3886 Aafiorueo
332 3825 572 3887 hirptntsmontibas
584 3827 632 3877 Co-
667 3822 774 3875 Restant
790 3823 928 3885 matres,
947 3824 1060 3886 pireisno
1076 3836 1134 3873 cren
1152 3836 1196 3872 eo-

101 3896 205 3947 mutum
233 3899 387 3961 praefluens.
420 3926 447 3935 —
476 3900 629 3963 ouditotar]
667 3912 727 3949 ram
743 3899 867 3961 respuisse
878 3900 1052 3960 perdocuere.

104 3971 229 4019 niomium
243 3972 352 4033 paratus
364 3971 451 4023 estad
462 3972 631 4025 inuadendos
701 3971 790 4023 33-10.
811 3972 842 4021 Te
868 3972 955 4033 copisa
973 3971 1036 4036 cet]
1061 3972 1196 4033 Augustus

103 4054 209 4107 agros.»
236 4045 309 4095 inest
325 4045 351 4095 in
368 4045 394 4095 h.
413 4060 440 4095 v.
459 4045 587 4097 mirabilis
605 4050 632 4097 et
669 4046 782 4109 eiusque
790 4056 973 4105 successores,
983 4046 1013 4094 ut
1020 4044 1147 4109 auspicia,
1157 4044 1197 4093 sic

103 4118 182 4181 longe
208 4118 336 4169 audacior
361 4119 464 4171 tralatio
485 4133 500 4170 e
518 4134 547 4170 re
573 4121 631 4171 ani·
668 4132 777 4170 omnem
800 4131 892 4169 rerum
909 4131 925 4167 a
942 4118 1056 4169 ducibus
1078 4118 1134 4168 suis
1155 4116 1196 4167 ie·

104 4194 176 4243 mate
192 4190 226 4243 ad
244 4193 389 4245 inanimam
407 4206 488 4258 quam
505 4195 531 4245 in
549 4193 631 4245 ultera
668 4194 770 4257 gatisve
783 4194 921 4257 gestarum
931 4192 1064 4245 honorem
1076 4191 1128 4243 sihi
1139 4204 1197 4244 ser—
