2934 4884
520 372 578 423 titt.
598 373 640 423 lll.
676 374 705 423 C.
725 373 789 423 xvi.

263 526 374 593 Nudus
397 535 500 592 castra
522 537 598 614 peto
621 536 653 594 et
674 526 837 616 transfuga
858 528 991 597 divimm

348 650 459 715 Partes
479 648 626 736 linquere
648 649 766 735 gestio,

264 808 471 893 Contemptae
493 806 642 873 dominus
664 805 865 895 splendidior
886 818 950 885 rei,
1073 815 1077 820 ’
1136 813 1177 877 25

263 928 367 1007 Quam
389 926 416 993 si
439 926 598 1015 quidquid
621 938 689 994 arat
711 929 847 1016 impiger
868 930 990 1017 Apulus

264 1046 436 1115 Occultare
458 1050 539 1115 meis
564 1048 692 1117 dicerer
715 1050 861 1127 horreis,

346 1171 476 1257 hlagnas
498 1171 580 1237 inter
602 1192 684 1259 opes
707 1172 809 1259 inops.

161 1418 200 1467 25.
224 1416 357 1465 Coum
374 1428 442 1465 corr.
461 1414 591 1479 uallique
614 1414 697 1465 Pulm.
712 1420 740 1465 et
761 1417 846 1476 Torr,
862 1415 993 1481 probante
1017 1419 1145 1479 Gentem,

134 1489 255 1540 volebant
272 1502 334 1539 esse
353 1491 462 1551 ramae,
481 1490 655 1549 mediocris»,
682 1490 755 1553 quod
771 1504 806 1541 ue
823 1491 945 1543 Latinum
962 1492 1072 1556 quidem
1094 1496 1145 1545 est.
1195 1541 1198 1545 .

137 1590 164 1601 —
182 1565 222 1615 26.
241 1578 292 1614 uon
304 1566 378 1627 piper
395 1564 441 1614 Ed.
460 1565 585 1625 locheri,
604 1562 725 1625 Aldinae,
745 1566 785 1616 Ct.
805 1567 844 1628 (Ut
860 1580 921 1627 uos,
940 1580 1034 1619 omnes
1050 1569 1145 1628 nostri,

131 1640 253 1702 Cmquil,
271 1637 380 1689 Bentleii
398 1641 426 1689 et
442 1640 575 1701 Poltierii.)

101 1854 187 1915 gaudia
222 1858 276 1904 tam
304 1866 370 1917 pura
402 1858 511 1919 tamque
543 1857 617 1918 grata
654 1854 839 1919 possidebant,
866 1868 915 1920 pro
935 1856 1044 1908 homine
1060 1871 1178 1924 paupere

101 1930 188 1979 merito
210 1940 259 1992 pro
280 1927 392 1978 deorum
417 1929 494 1981 donis
513 1924 618 1980 hahen-
654 1928 792 1979 hebebant
816 1930 968 1991 llomtium,
995 1933 1066 1982 unici
1088 1932 1178 1983 Sabini

101 2004 159 2051 tur·
196 2003 290 2053 Stoicis
307 2004 350 2052 hic
366 2005 502 2055 sententiis
526 2006 615 2055 utitur.
654 2001 801 2053 dominum.
841 2001 988 2067 Simplicior
1012 2008 1085 2055 certe
1110 2008 1178 2057 haec

128 2077 166 2127 2³,
193 2077 295 2140 Nudae]
315 2078 390 2127 «Sine
411 2080 521 2140 amnis»,
541 2080 618 2129 «obus
653 2076 759 2127 videtur
775 2076 914 2141 explicatio
929 2091 1011 2142 quam
1026 2078 1177 2130 Bentleiana

102 2150 135 2200 die
156 2152 238 2202 muel
261 2165 319 2201 saun
341 2152 529 2213 lldchttmra»,
554 2166 616 2203 cum
654 2150 695 2201 illa
711 2164 796 2215 prope
813 2152 892 2202 nimis
908 2153 1010 2201 Stoica:
1038 2156 1175 2218 «spretae,

102 2223 151 2275 aliis
163 2224 290 2289 equidem
302 2225 433 2290 explicare
445 2226 539 2288 nolim,
552 2228 614 2279 sed:
654 2238 707 2275 non
723 2226 827 2289 cupitae
845 2240 860 2275 a
878 2239 922 2277 me
939 2227 1033 2290 ipso-3
1052 2230 1080 2278 et
1095 2242 1177 2293 repu-

103 2300 236 2350 manibus
253 2299 321 2351 ultro
332 2303 501 2362 renuntians,
520 2302 617 2365 quibus
653 2301 716 2362 guat
738 2298 936 2361 quodammodo
962 2315 994 2350 ea
1019 2300 1175 2364 beatitudo,

102 2387 161 2437 opus
179 2388 233 2424 non
251 2378 318 2425 est.»
335 2404 361 2411 -
378 2378 434 2426 lam
451 2376 525 2439 fingit
541 2378 617 2440 quasi
653 2387 736 2438 quam
752 2388 815 2425 mox
831 2374 882 2426 sibi
898 2377 1017 2439 reperire
1033 2378 1139 2427 videtur
1149 2378 1176 2427 iu

100 2446 156 2499 bina
183 2452 288 2507 castra;
312 2449 373 2499 hinc
390 2452 479 2514 partes
495 2452 557 2501 nihii
572 2466 618 2501 cu-
652 2448 736 2499 rebus
751 2450 817 2500 item
831 2451 955 2501 externis.
971 2479 998 2486 -
1016 2451 1176 2515 mlordfflcr]

100 2524 230 2583 pisalitem
269 2522 338 2573 illinc
372 2527 463 2589 partes
495 2527 615 2589 dludmn,
654 2522 719 2573 used
744 2524 783 2574 sic
809 2526 915 2586 tamen,
946 2538 1008 2575 cum
1036 2528 1176 2576 contentus

99 2596 188 2649 divitiis
210 2598 287 2648 unice
309 2599 476 2661 inhiantium,
503 2600 616 2664 quibus-
653 2598 704 2648 sim
720 2597 799 2649 bonis
815 2601 910 2663 paratu
927 2598 1047 2650 facilibus
1065 2602 1093 2650 et
1107 2614 1177 2665 pau-

99 2683 153 2721 cum
170 2672 234 2722 nihil
250 2672 302 2722 sibi
316 2685 459 2724 commune
471 2686 532 2726 esse
544 2674 617 2725 affir-
654 2672 705 2732 cis,
719 2684 763 2722 me
775 2671 976 2738 locupletiorem
987 2688 1019 2724 ac
1030 2673 1178 2725 beatiorem

99 2750 155 2797 mat.
193 2748 266 2797 «Non
288 2748 326 2799 sic
344 2747 499 2813 accipienda
521 2749 614 2812 verba,
654 2758 713 2797 esse
731 2748 881 2810 sentiaco,
899 2749 945 2812 qul
963 2750 1065 2811 magnis
1081 2748 1176 2814 opibus

98 2821 229 2887 tamquam
256 2822 335 2872 tuerit
358 2823 411 2873 iam
439 2823 467 2873 in
495 2823 616 2887 partibus
652 2821 789 2884 praeditus
798 2823 1176 2888 maiorescapterenunqusm

98 2894 219 2955 divitum,
244 2895 293 2945 sed
310 2898 441 2959 quatenus
459 2898 495 2958 is,
514 2898 557 2947 cui
573 2898 616 2948 in·
652 2893 775 2946 desinit.»
795 2924 822 2932 -
840 2898 886 2961 rei]
905 2896 1088 2960 dissyllabum.

98 2970 134 3019 ter
157 2969 226 3019 duas
250 2973 339 3033 partes
362 2972 498 3035 oppositas
516 2974 615 3023 consti·
684 2971 725 3019 26.
744 2971 784 3019 27.
803 2971 876 3035 urat]
894 2970 987 3023 Ultima
1003 2972 1106 3036 syllaba
1117 2984 1178 3036 pro-

97 3046 148 3095 tuto
166 3042 249 3094 altera
266 3048 325 3095 utra
343 3044 462 3108 eligenda
475 3048 531 3107 est,
550 3047 615 3097 dum
652 3043 757 3093 ducitur
773 3044 800 3095 in
817 3058 941 3104 caesura,
967 3045 994 3096 id
1012 3045 1084 3110 quod
1102 3047 1177 3109 igno·

96 3132 172 3170 uuam
189 3118 307 3182 praefert
323 3122 350 3169 et
371 3120 554 3183 amplectitur,
579 3121 614 3171 ab
651 3118 743 3169 rantes
779 3116 897 3168 nonnulli
928 3120 1093 3182 scripserunt
1124 3135 1177 3170 noo

96 3190 173 3243 altera
194 3192 296 3255 longius
315 3190 383 3243 illico
402 3193 522 3257 refugit.»
552 3198 613 3246 lim.
647 3192 729 3255 piper.
773 3191 832 3241 vid.
859 3191 892 3242 ad
910 3192 958 3242 od.
978 3193 1007 3253 ³,
1026 3193 1075 3254 sl,
1095 3195 1119 3242 s.
1145 3222 1173 3231 -

95 3266 203 3317 Omnino
224 3265 337 3318 alterum
358 3267 511 3319 membrum
528 3270 615 3320 maxi·
650 3265 724 3328 Apuli
748 3267 851 3325 autem,
881 3278 995 3328 quorum
1017 3268 1047 3315 ut
1063 3266 1175 3330 popula·

95 3354 190 3405 meque
213 3354 240 3391 v.
262 3342 394 3406 nemppe
419 3345 614 3395 continuandae
650 3343 719 3391 rium
731 3341 884 3405 frequenter
894 3340 1064 3401 recordatur,
1083 3341 1175 3391 rustici

95 3418 186 3478 prioris
205 3415 321 3465 membri
337 3418 508 3481 metaphorae
527 3419 615 3468 inaer—
651 3418 726 3466 erant
737 3414 861 3465 laboriosi
872 3428 904 3464 ac
915 3414 1025 3465 strenui.
1041 3442 1067 3449 -
1088 3415 1175 3463 Occul-

94 3492 134 3543 vit.
164 3489 247 3541 Simili
262 3492 375 3554 imagine
391 3505 456 3543 usus
468 3494 509 3543 est
520 3493 613 3544 Cicero
650 3492 713 3555 turs]
732 3490 914 3541 «reconditum
923 3488 1050 3550 habere»,
1063 3490 1093 3539 ut
1103 3488 1176 3539 sole-

94 3565 125 3615 ad
133 3567 206 3616 Fam.
220 3566 245 3627 9,
258 3566 306 3615 20:
324 3566 615 3628 lulipicura'nosuduer·
650 3565 715 3615 bant
730 3563 928 3615 latifundiorum
941 3576 1113 3629 possessores
1129 3577 1175 3615 re-

93 3641 495 3691 suriiuostricuatruconiacimus.
505 3644 611 3694 Lucian.
650 3642 723 3690 tento
740 3640 766 3688 iu
777 3638 880 3689 horreis
895 3638 1029 3688 lrumcuto
1041 3650 1175 3688 annonam

94 3715 180 3765 somn.
195 3714 242 3764 la:
263 3708 446 3786 ὁΣωκράτης
461 3714 614 3785 δραπετεύ-
649 3727 783 3780 premere.
810 3741 838 3750 -
860 3714 921 3765 mus
936 3740 950 3749 -
965 3714 1073 3777 horreis]
1100 3725 1174 3763 «non

93 3802 144 3851 σας
152 3786 232 3857 παρὰ
243 3785 294 3852 τῆς
305 3787 519 3859 ἑρμογλυφικῆς
529 3784 615 3856 prirc-
650 3789 803 3841 conductis»
813 3804 819 3849 ;
831 3790 911 3852 auget
921 3789 972 3838 hoc
982 3788 1097 3838 hominis
1109 3800 1174 3851 opu-

92 3860 219 3930 μόλησεν
231 3856 270 3925 ὥς
282 3863 333 3928 ἐμέ
344 3859 408 3929 (τὴν
418 3862 573 3928 Παιδείαν).
650 3864 767 3916 lentiam.
786 3864 834 3913 Od.
848 3866 858 3912 l
870 3902 876 3924 ,
890 3864 900 3912 t
912 3902 918 3924 ‚
931 3864 946 3913 9
957 3876 963 3911 :
982 3863 1067 3922 Idm,
1084 3862 1106 3910 si
1114 3875 1174 3923 pro-

121 3939 163 3989 25.
191 3938 362 4002 desumptae]
393 3938 442 3988 sab
460 3937 518 3989 aliis
535 3938 613 3989 ditio-
646 3937 1174 4001 prsocmuiuituorrsocat.-interoper

93 4012 164 4063 ribus
187 4013 261 4077 parvi
284 4012 368 4063 iactae
391 4015 418 4062 et
434 4013 612 4078 despectae;»
650 4014 734 4077 inops]
756 4012 890 4063 Claudian.
912 4010 1087 4072 intimidi,
1109 4010 1171 4060 tea:

93 4100 153 4137 nam
170 4089 215 4151 qui
234 4085 329 4137 multas
345 4086 421 4139 villas
438 4101 500 4138 curn
514 4089 614 4151 magni·
649 4088 787 4149 Nunquam
798 4088 865 4137 diaes
873 4087 937 4146 eris,
955 4098 1086 4146 uuuqucrn
1095 4086 1173 4134 satiu-

92 4163 148 4213 licis
182 4161 310 4221 aedibus,
345 4163 472 4223 vivariis,
506 4164 613 4228 piscinis
650 4162 837 4224 barsumes&
854 4160 1050 4222 sceptrinum,
1070 4161 1173 4221 wunn-

91 4235 207 4295 Tusculi,
227 4238 252 4287 iu
271 4238 415 4302 Campania
431 4240 458 4289 et
474 4240 501 4288 in
521 4235 613 4301 Apulia
650 4250 697 4299 pue
713 4237 788 4298 cupit.
