2934 4884
623 317 628 324 ’
675 353 803 403 rosini
822 353 991 404 crannum

459 511 643 598 Compescit
672 507 774 583 unda,
799 480 923 574 scilicet
942 506 1108 583 omnibuS,

460 632 654 718 Quicunque
676 639 782 696 terrae
803 649 939 695 munere
960 629 1140 704 vescimur,

503 749 722 838 Enaviganda,
747 750 816 816 sive
838 770 934 836 reges

544 873 619 938 Sive
643 872 756 959 inopes
778 871 900 937 erimus
923 870 1038 937 coloni.

459 1034 589 1096 Frustra
612 1039 747 1096 cruento
768 1030 868 1096 Marte
890 1029 1073 1096 carebimus

457 1151 644 1238 Fractisque
666 1151 757 1216 rauci
778 1149 929 1217 fluctibus
950 1148 1107 1229 Hadriae,

398 1255 402 1264 ¹
500 1276 631 1338 Frustra
653 1293 713 1360 per
735 1281 926 1338 auctumnos
948 1281 1119 1337 nocentem

541 1393 739 1480 Corporibus
762 1401 944 1458 metuemus
964 1393 1136 1456 Austrum:
1218 1427 1227 1441 ι

451 1549 610 1617 Visendus
632 1560 701 1616 ater
722 1547 854 1615 flumine
875 1547 1026 1638 languido

354 1730 392 1782 44.
411 1730 505 1781 Atiniae
522 1729 564 1779 ed.

320 1897 344 1948 9,
372 1897 495 1960 mundus]
522 1897 662 1947 Charontis
685 1894 814 1959 cymbam
830 1894 834 1953 Ι
851 1894 892 1945 bis
909 1893 1059 1956 insidiante)
1076 1893 1230 1953 retrabimus,
1259 1898 1287 1944 et
1310 1896 1380 1945 ima-

287 1966 572 2040 drruptda-arivdoxor
592 1972 670 2020 vocat
690 1970 814 2032 4444444-
850 1972 940 2032 ginem
972 1968 1087 2020 habebis
1121 1970 1237 2020 bominis
1268 1973 1380 2033 propter

288 2046 372 2096 iuss.
392 2044 452 2094 adv.
471 2045 518 2094 Th.
538 2045 595 2094 860
849 2044 981 2106 ignaviam
998 2043 1100 2094 ridiculi
1117 2047 1146 2094 st
1162 2045 1311 2094 orationem
1328 2057 1380 2108 pe-

319 2120 359 2168 40.
390 2132 492 2168 mutere
519 2119 653 2183 radmor]
687 2117 760 2169 Iliad.
789 2121 812 2181 ζ,
850 2118 978 2168 destrem.

290 2193 350 2243 tta:
377 2191 407 2242 44
426 2186 556 2262 ἀρούρης
572 2188 684 2277 καρπὸν
701 2186 811 2243 ἔδουσι.
882 2192 923 2243 ti.
941 2205 1016 2241 rerer
1010 2190 1148 2257 'miibmJ
1161 2193 1283 2242 «Frustra
1295 2194 1379 2242 etiam

288 2267 436 2318 Simonides
453 2268 494 2317 Fr
512 2268 555 2316 ⁴9:
575 2259 762 2336 4444444ο4ς“
745 2281 813 2317 οσοι
849 2267 1043 2328 enavigatione
1055 2265 1276 2316 abstinebimus
1296 2265 1380 2316 Obtu-

289 2337 400 2412 soprcdv
423 2338 567 2406 αἰνύμεθα
589 2340 707 2404 χθονός.
743 2343 813 2392 Pira-
849 2353 910 2390 sum
927 2354 960 2389 ac
976 2343 1222 2391 remurmurantem
1239 2338 1314 2389 illum
1326 2341 1383 2390 444·

288 2417 434 2468 44444449.Ι
428 2430 454 2466 in
468 2417 631 2467 Schneider.
644 2417 700 2468 Del
711 2431 737 2482 p.
750 2418 811 2466 ⁴60:
850 2427 943 2477 goram
964 2414 1097 2464 undarum
1118 2413 1153 2463 ad
1171 2413 1296 2477 scopulos
1320 2413 1381 2464 alli·

284 2485 366 2541 Ἀλλὰ
388 2487 421 2540 τὸ
434 2488 580 2580 Μοιράων
603 2488 668 2555 νῆμ·
689 2485 813 2577 ἄλλοτον
850 2489 970 2538 dentium
986 2490 1235 2537 raunsovocat-
1256 2488 1380 2550 Hadriae]

288 2559 357 2616 οὐδέ
373 2579 413 2630 τη
434 2559 513 2615 ’ἐστιν
532 2560 712 2632 Εκφνγέειν,
739 2561 813 2616 dad—
851 2565 925 2613 Hanc
953 2563 1114 2626 scripturam
1141 2560 1287 2625 legitimam
1317 2574 1380 2612 esse

289 2653 338 2688 σοι
362 2637 417 2704 γῆν
445 2636 673 2709 ἐπιφερβόμεθα.
711 2642 812 2691 Seneca
851 2637 1017 2686 demonstrat
1032 2638 1236 2686 Monumentum
1253 2638 1379 2698 Aneyra-

288 2713 387 2762 Phnen,
407 2714 467 2762 994;
495 2718 541 2762 aut
561 2714 612 2762 4444
633 2713 814 2774 intorsimus
850 2724 928 2772 num,
948 2725 973 2759 m
986 2723 1039 2774 quo
1051 2713 1092 2760 ter
1110 2710 1206 2774 legitur
1215 2711 1380 2759 Hadrianus

286 2788 399 2850 44444444
420 2787 541 2836 musmo?
569 2813 596 2822 -
624 2787 726 2837 llemor
749 2801 813 2839 usus
850 2799 928 2835 mara.
947 2785 978 2834 V.
998 2787 1069 2834 Suet.
1088 2785 1167 2834 Wolf.
1187 2787 1218 2835 ll.
1237 2797 1264 2848 p.
1283 2785 1344 2834 375.

288 2860 421 2911 Homerici
447 2861 526 2922 po'eta
554 2859 678 2922 singulari
711 2875 815 2912 morsm
884 2862 923 2909 rt.
939 2873 987 2921 per
1001 2860 1265 2924 44444444445449,
1285 2859 1315 2919 6,
1335 2860 1378 2910 48;

288 2947 353 2984 usus
371 2935 425 2993 est,
444 2947 497 2996 quo
515 2936 575 2984 ante
593 2936 681 2984 omnia
694 2935 814 2987 frumen-
850 2935 901 2983 Ner
929 2935 998 2982 malo
1027 2947 1066 2982 4444
1094 2933 1197 2983 mabilio
1219 2933 1307 2994 perdit
1333 2947 1381 2982 nec

289 3012 346 3058 turn
362 3007 536 3070 significatur,
556 3021 607 3058 nec
624 3007 742 3060 debebat
753 3012 815 3062 Ws-
846 3008 977 3069 plumbeos
993 3010 1082 3056 Amter
1098 3010 1300 3070 ductumnusqas
1314 3022 1382 3071 qra-

289 3081 385 3132 kefleld
401 3095 552 3146 proponere
568 3096 684 3133 4444444444.
849 3084 899 3144 ris,
917 3082 1167 3144 Libitioosqunestus
1178 3083 1291 3133 4444444.
1311 3081 1379 3132 elin.

323 3156 363 3206 44.
386 3155 562 3220 luminanda]
589 3157 614 3206 in
641 3169 720 3220 prosa
746 3161 812 3208 orat.
851 3158 882 3206 44.
905 3157 934 3205 N.
952 3157 981 3215 9,
1006 3155 1051 3206 47;
1077 3157 1177 3206 Nastae
1197 3158 1287 3205 ,4444444
1311 3157 1380 3217 (Sci-

290 3229 485 3280 «traiciendas
511 3231 656 3293 Enevipors
680 3243 748 3280 nove
773 3230 815 3280 di·
851 3231 942 3293 rocco)
968 3236 991 3280 et
1015 3233 1097 3295 mopis
1121 3234 1216 3293 4444444,
1245 3233 1380 3295 fortassis,

290 3308 363 3354 ctum
380 3305 485 3354 videtur
503 3317 553 3368 pro
571 3305 710 3366 inungere
728 3319 814 3368 usque
851 3307 913 3368 quin
928 3307 1044 3354 4444444444
1058 3307 1179 3370 4444444444·
1195 3310 1237 3355 est.

291 3380 325 3430 nd
342 3378 453 3430 alteram
471 3381 565 3444 ripam,
584 3381 642 3430 sine
659 3381 813 3430 reversione
885 3379 925 3429 46
953 3380 1044 3443 Aptior
1066 3383 1108 3429 est
1123 3379 1298 3430 constructio:
1324 3391 1381 3427 me-

293 3467 325 3502 ac
342 3452 455 3502 reditu.»
851 3459 946 3503 luemus
962 3453 1116 3539 corporibus,
1136 3465 1229 3516 mnam:
1248 3458 1379 3502 4444444444

324 3527 364 3575 49
391 3527 516 3590 44444444
504 3529 564 3590 «qui
587 3541 681 3591 agrum
698 3527 815 3578 alienum
831 3527 1011 3627 corvadas,
1047 3528 1097 3578 nisi
1124 3528 1212 3591 potius
1240 3526 1381 3590 duplicem

292 3597 390 3659 colunt,
402 3597 445 3650 vel
457 3600 583 3650 mercede
597 3601 658 3663 (Sat
669 3603 694 3662 9
707 3603 732 3663 9,
747 3573 834 3663 444.)Ι
852 3604 961 3651 statuas

291 3670 333 3721 vel
358 3673 516 3735 pensionem
539 3673 646 3724 domino
670 3675 815 3737 solventes,
885 3677 925 3725 47.
945 3675 985 3726 48
1004 3675 1160 3740 44444νὶ44444
1148 3673 1246 3725 «tardis
1264 3675 1381 3727 nexibus

292 3744 416 3796 Italorum
434 3748 553 3808 4444444.»
852 3748 985 3799 labente.»
1014 3751 1167 3800 Acheronta
1185 3752 1212 3798 et
1229 3745 1380 3809 Κωκυτόν,

326 3821 366 3870 43.
393 3823 475 3870 liaris
497 3820 644 3886 carebimus]
669 3822 816 3874 «bellorum
853 3815 929 3894 ὕδωρ
949 3818 1174 3893 ἀτερπέστατον,
1195 3825 1303 3892 proprie
1327 3825 1382 3874 llu-

292 3894 410 3960 pericula
427 3894 619 3946 devitabimusr
639 3898 785 3948 4414444444,
798 3897 815 3948 l.
852 3899 923 3949 mina
933 3897 1114 3961 Thesprotidis
1123 3897 1203 3948 luisse
1214 3899 1305 3947 narrat
1314 3899 1383 3948 Pau·

292 3971 344 4020 siclt
358 3969 428 4032 444444
443 3970 526 4020 balbo
541 3985 591 4020 uon
607 3977 697 4032 riwes,
721 3975 751 4022 ut
766 3973 814 4023 od.
853 3986 911 4023 san.
925 3973 949 4032 4,
963 3972 1003 4030 49,
1016 3973 1041 4021 5,
1064 3974 1121 4022 lam
1132 3971 1261 4021 Pindarus
1273 3972 1379 4034 Fragm.

293 4043 322 4102 9,
342 4045 385 4104 49,
411 4043 438 4092 l:
466 4051 536 4096 corat
558 4046 693 4095 inridenda
715 4045 818 4096 Sobrius
854 4047 898 4108 49,
922 4046 945 4094 4.
964 4045 1064 4096 suein.
1085 4045 1133 4096 Ed.
1152 4046 1217 4095 min.
1235 4045 1270 4094 de
1288 4045 1382 4096 bumi-

294 4117 380 4166 man.»
393 4119 475 4169 444444.
495 4119 594 4180 Quodsi
607 4132 669 4170 curn
677 4119 817 4170 Waddelio
853 4119 932 4170 nibus
956 4119 1029 4182 apud
1051 4119 1167 4170 lnleros:
1189 4113 1299 4168 Ἔνθεν
1328 4116 1382 4169 τὸν

295 4187 377 4249 legas:
397 4192 504 4242 49444444
520 4209 537 4242 4
553 4199 656 4242 cruento
668 4195 751 4242 Marte
763 4195 818 4257 4444-
852 4186 972 4264 ἄπειρον
989 4189 1155 4264 ἐρεύγονται
1171 4189 1280 4242 σκότον
1302 4192 1382 4258 Eiq-
