2934 4884
456 833 684 940 aarum
699 837 858 930 imru
881 777 887 785 ’

353 1049 970 1234 CARMINUM

462 1413 466 1424 ,
500 1349 617 1415 LIBER
637 1348 829 1426 QUARTUS.

515 1681 815 1744 cml·

205 1859 406 1933 Intermissa,
430 1862 553 1938 Venus,
578 1860 633 1926 diu

247 1981 370 2046 Rursus
392 1978 478 2047 bella
499 1981 636 2047 moves?
658 1982 775 2056 Parce,
799 2003 929 2068 precor,
954 2004 1079 2069 precor.

204 2105 274 2167 Non
297 2123 369 2166 sum
390 2099 496 2188 qualis
519 2121 608 2167 eram
630 2084 737 2168 bonae

183 2283 202 2332 l.
227 2283 310 2331 inser.
329 2278 397 2343 vulg.
415 2279 454 2330 Aa
473 2281 596 2330 Vener-ern.
619 2305 646 2316 -
674 2280 824 2343 Allaporicos
841 2293 859 2329 a
875 2293 900 2329 se
916 2280 1029 2344 affirmat
1044 2295 1078 2331 aa
1094 2283 1173 2333 inter-

149 2356 224 2406 misso
239 2355 315 2404 scribi
330 2355 447 2404 camina
464 2355 498 2406 aci
517 2355 633 2404 Veneram
649 2354 677 2403 B.
699 2380 726 2387 -
745 2353 784 2402 Ad
799 2351 906 2402 Fabiam
920 2355 1065 2404 Maximam
1078 2355 1121 2406 bc.

149 2515 168 2564 1.
189 2512 355 2576 Respondet,
375 2513 404 2562 ut
421 2512 456 2561 lta
477 2510 580 2572 dicam,
599 2511 643 2560 Lt-
681 2512 755 2561 certa
768 2510 877 2574 quidem
889 2514 917 2562 et
928 2512 955 2562 ln
967 2511 1036 2562 lacto
1048 2515 1134 2576 posita
1153 2516 1203 2576 est,

118 2587 157 2637 bri
170 2587 194 2637 3.
215 2587 325 2638 carmini
336 2587 377 2636 26.
404 2587 488 2636 «Cum
509 2586 554 2635 diu
573 2585 643 2636 liber
680 2584 729 2634 ssd
747 2586 856 2648 praeter
867 2587 1097 2650 exspectationem
1115 2589 1204 2638 temen

118 2661 228 2712 fuissem
253 2660 288 2710 ab
313 2660 469 2722 amoribus,
491 2673 585 2710 rursus
603 2661 640 2721 tu,
679 2659 786 2709 accidit.
825 2661 935 2711 Miratur
959 2662 1038 2725 igitur
1063 2659 1114 2712 tale
1140 2662 1204 2726 quid

117 2735 224 2795 Venus,
256 2748 300 2784 me
321 2736 462 2799 impugnas
488 2747 641 2796 novumque
679 2733 737 2782 lieri
748 2733 882 2797 potuisse,
901 2748 964 2785 eum
976 2736 1062 2786 aetate
1074 2737 1128 2786 ium
1139 2749 1205 2800 pro-

117 2821 238 2859 amorem
256 2810 320 2860 mihi
338 2810 463 2874 inspiras,
487 2807 641 2871 etquidem
678 2808 780 2858 rectior
805 2810 847 2858 sit.
882 2809 984 2860 Eadem
1006 2811 1073 2860 ratio
1096 2812 1137 2861 est
1154 2810 1201 2860 0d.

117 2884 257 2946 ligurini.»
282 2885 389 2948 Sappho
411 2884 497 2946 Bergk
521 2895 547 2946 p.
575 2883 638 2932 609:
679 2883 805 2945 4,28,6.
824 2885 908 2945 29‚5.
928 2885 1119 2950 Epp.l‚l,3.
1138 2886 1164 2946 2,
1177 2885 1202 2948 3,

111 2949 194 3027 Ἔρος
211 2947 298 3024 δηῦτέ
313 2959 343 3022 μ’
361 2951 380 3006 ὅ
396 2955 552 3022 λυσιμέλης
563 2951 641 3006 δύνει
678 2955 753 3006 382.»
770 2957 842 3006 hun.
864 2985 891 2994 -
913 2959 977 3010 bellu
992 2961 1083 3009 autem
1101 2973 1134 3009 ex
1149 2960 1204 3010 ire·

117 3031 289 3092 (Schneider.
299 3028 396 3096 δονεῖ).
408 3032 567 3094 Neutiquam
576 3044 641 3080 vero
678 3031 770 3094 quenti
795 3030 966 3084 similitudine
992 3034 1019 3083 in
1045 3033 1201 3094 amoribus;

116 3105 166 3154 hoe
197 3103 276 3166 dicit,
317 3119 378 3156 sese
406 3106 559 3155 renuntiare
588 3106 640 3155 iam
677 3103 748 3155 unde
771 3107 852 3154 etiam
868 3108 993 3168 agathias
1009 3108 1089 3158 Antn.
1108 3107 1162 3158 Pul.
1181 3111 1201 3159 l.

116 3182 190 3242 palisi
216 3182 296 3242 atque
322 3177 411 3229 Paullo
433 3178 539 3230 tradere
563 3191 639 3230 suam
676 3192 703 3242 p.
723 3179 788 3228 ⁴77:
822 3175 918 3249 Κύπρι
942 3176 1148 3251 τροπαιοφόρε.
1173 3211 1200 3218 -

115 3252 215 3316 lyram,
234 3255 263 3302 ut
279 3253 415 3303 contendit
426 3253 586 3304 novissimus
602 3254 641 3302 in·
675 3252 761 3317 Parce]
780 3252 855 3303 Conl.
875 3253 922 3302 0d.
942 3255 969 3314 2,
989 3254 1034 3314 49,
1053 3255 1079 3304 7.

115 3329 227 3392 terpres.
263 3328 389 3378 Ceterum
414 3326 462 3377 cir.
489 3326 639 3377 Archilochi
709 3325 733 3376 3,
755 3324 780 3377 l.
800 3326 1027 3389 Nonuumqualis]
1043 3327 1153 3392 Eppl,
1168 3331 1200 3390 4,

115 3402 154 3452 ir.
167 3403 225 3463 72„
243 3401 376 3452 Alcmanis
389 3403 430 3452 Fr.
445 3403 500 3462 t'i.,
513 3402 587 3464 lhyci
597 3402 637 3451 Fr.
676 3399 706 3451 l:
725 3401 782 3450 Non
799 3401 885 3450 eadem
901 3406 937 3450 est
952 3413 1037 3462 nuans,
1053 3416 1105 3450 non
1121 3406 1199 3453 aetas.

115 3477 138 3526 2.
165 3476 358 3540 (Compositum
381 3477 422 3526 est
439 3488 546 3525 carmen
571 3476 640 3525 inter
676 3474 729 3525 Cir.
739 3473 786 3524 0d.
795 3474 819 3536 3,
832 3473 1200 3540 il,27.-bonaesubrepno]

115 3564 197 3600 annos
217 3549 265 3599 739
288 3577 304 3586 -
324 3576 338 3586 -
358 3549 414 3600 744.
435 3562 462 3600 v.
486 3550 587 3604 Franks
609 3563 636 3613 p.
677 3562 761 3612 «quae
785 3551 842 3599 tam
858 3550 922 3600 mite
940 3549 1040 3599 umoris
1057 3550 1201 3613 imperium

114 3624 169 3673 207.
189 3623 231 3674 Ad
242 3637 266 3672 a.
279 3623 337 3673 738.
355 3623 437 3674 refert
448 3623 610 3687 Grotelend.)
675 3625 701 3674 in
714 3637 758 3674 me
770 3624 939 3674 exercebat.»
952 3622 1043 3685 bonae,
1056 3625 1074 3673 i.
1085 3636 1109 3673 e.
1122 3637 1201 3687 «pro-

145 3698 169 3748 4.
196 3698 221 3746 2.
256 3697 412 3763 Intermissa]
439 3699 469 3747 V.
495 3697 638 3748 intermissa
674 3697 742 3760 bas,
761 3699 843 3749 inme
855 3699 965 3748 minime
977 3711 1092 3760 avarus,
1111 3710 1200 3759 neque

115 3773 174 3832 post
197 3771 363 3835 Stephanum
386 3771 520 3822 Bentleius
544 3785 637 3822 rursus
675 3786 787 3824 munera
806 3774 961 3837 captantis.»
991 3771 1048 3822 Tib.
1061 3773 1091 3832 2,
1105 3771 1134 3832 l,
1147 3770 1196 3822 is:

115 3847 185 3904 reete
204 3843 304 3896 rettulit
321 3845 355 3896 ad
372 3859 397 3895 v.
412 3846 488 3906 teau,
508 3844 637 3910 cumple-
674 3847 805 3908 Albona,
838 3860 904 3908 quaa
919 3860 964 3896 ner
981 3860 1064 3896 auara
1079 3846 1127 3909 [uit
1144 3846 1196 3896 cet.

115 3921 188 3983 rique
198 3921 497 3971 innuissentiatmnirm
508 3922 633 3970 Venas.-
674 3922 727 3972 Cir.
758 3923 887 3985 imprimis
920 3921 986 3984 Epp.
1015 3922 1044 3980 4,
1072 3919 1120 3978 44,
1147 3918 1196 3968 33;

116 3995 192 4044 «Post
212 4008 296 4047 moves
313 4008 365 4045 non
381 3996 511 4059 punctum
530 3994 578 4045 sed
595 3995 636 4044 in·
674 3997 752 4058 Quem
776 3996 823 4045 scis
847 3995 983 4044 tamum
1008 3993 1117 4043 Cinarae
1137 3992 1198 4055 pla-

115 4068 264 4132 terrogandi
287 4069 392 4132 signum
412 4069 566 4133 ponendum
585 4071 634 4120 est.
672 4071 751 4120 ruisse
766 4070 856 4133 rapaci
880 4067 1018 4130 (adversus
1039 4065 1104 4118 alios
1120 4077 1197 4117 ama-

116 4141 217 4194 Etenim
243 4145 323 4208 po'eta
348 4147 438 4194 narrat
462 4157 538 4208 rem,
566 4157 635 4208 quae
673 4145 759 4204 tores,
779 4156 842 4206 erga
859 4155 903 4194 me
921 4141 1019 4206 bonae).
1038 4142 1096 4192 Non
1108 4143 1197 4205 potest
