2934 4884
429 320 559 372 nonant
576 319 685 372 mut
702 321 829 374 tttttcr.
1126 325 1182 376 xlx

102 497 163 562 quo
184 497 282 542 versu
303 476 455 543 Horatius
477 477 525 543 sic
544 475 660 554 utitur,
696 485 731 544 ut
758 477 916 565 dipodium
941 479 1130 548 trochaicam
1151 481 1182 547 ei

102 579 292 664 praemittat:

180 769 218 833 Te
240 769 314 834 deos
333 789 406 848 oro,
366 685 661 856 adilberto*
592 789 649 834 cur
664 789 816 886 properes
841 771 987 838 amando.
1030 774 1053 839 l.
1083 777 1119 853 8,
1148 777 1179 843 2.

177 871 285 950 Quem
305 891 439 938 versum
460 871 649 958 Sapphicum
669 873 821 938 mcmrem
834 883 963 953 vocant,
986 875 1076 963 quod
1097 898 1180 945 exo.

101 973 248 1060 Sapphico
269 975 387 1038 minore
410 975 530 1041 inserto
551 995 617 1039 uno
639 973 827 1041 choriambo
849 986 940 1042 ortus
954 997 1029 1044 esse
1043 978 1179 1046 videtur.

102 1074 156 1140 Cir.
178 1075 269 1142 infra.
312 1075 473 1163 Dipodiae
506 1075 688 1143 trochaicae
720 1075 846 1164 syllaba
877 1077 989 1146 iduma
1020 1101 1181 1168 nusquam

101 1175 201 1242 brevis
223 1189 289 1258 est;
311 1177 464 1245 cutalexis
485 1189 535 1244 est
555 1178 743 1264 lopeoedicu

178 1307 228 1372 ll.
252 1309 444 1374 Moumneter
464 1308 685 1375 choriambicuc
705 1309 969 1396 hypercatalectus
987 1333 1058 1378 crem
1073 1313 1142 1380 buci
1154 1335 1179 1380 s.

99 1431 197 1476 cereus
216 1411 445 1477 Pherecratem.
489 1413 580 1478 Basis
603 1432 734 1500 semper
748 1411 835 1500 apud
853 1414 1020 1480 Horatium
1033 1416 1180 1503 spondeo

100 1513 291 1580 continetur:

264 1648 379 1782 crisci]
401 1621 538 1790 risile,
560 1653 741 1770 sittim.
785 1705 808 1770 1.
830 1706 864 1784 a,
888 1707 919 1772 s.

175 1836 226 1900 lli.
266 1835 377 1900 Verere
406 1831 586 1920 Glycocats.
631 1833 762 1901 Constat
788 1855 829 1901 ex
855 1833 935 1913 basi,
966 1855 1064 1923 quam
1093 1837 1180 1924 apud

98 1936 259 2001 Horatium
281 1935 473 2024 plerumque
496 1935 661 2023 spondeus
683 1945 785 2015 tenet,
814 1946 847 2003 et
867 1937 1057 2016 clementio,
1081 1959 1180 2026 quem

98 2041 238 2126 sequitur
259 2037 457 2126 &trelius
470 2037 521 2105 vel
542 2037 671 2106 iacchus.
716 2041 825 2120 Quare
840 2039 953 2108 similis
968 2050 1018 2109 est
1038 2041 1090 2109 hic
1103 2061 1178 2107 ver-

98 2160 147 2205 sus
167 2141 275 2208 ordini
297 2139 504 2229 logaoedico:

260 2247 517 2396 arimatia
537 2289 634 2396 atui
649 2279 703 2396 isi.
749 2331 771 2396 1.
794 2331 828 2408 a,
853 2331 904 2396 sn.

173 2433 229 2498 Bis
259 2443 365 2498 umen
394 2439 561 2519 poetarum
591 2433 788 2499 Graecorum
815 2451 906 2500 more
927 2432 1069 2498 troclceo
1090 2433 1179 2501 basis

97 2536 281 2602 continetur.
325 2535 387 2601 Clr.
410 2537 433 2599 l.
458 2533 514 2611 tt,
537 2534 578 2600 at
601 2543 634 2600 et
655 2535 725 2612 36.,
755 2533 812 2601 ubi
833 2534 909 2601 vide
931 2535 1177 2602 annotationem.

98 2637 196 2704 Semel
228 2638 259 2701 in
289 2636 352 2703 fine
383 2635 507 2726 syllaba
529 2635 638 2702 addita
660 2646 710 2702 est
737 2636 779 2704 ob
802 2635 964 2716 vocalem,
999 2658 1018 2704 a
1039 2659 1105 2726 qua
1126 2659 1180 2704 se-

98 2759 195 2824 quens
217 2760 333 2806 versus
356 2739 480 2825 incipit,
504 2738 663 2805 elidenda.
709 2739 757 2805 tv.
780 2740 815 2816 l,
838 2739 889 2804 35.

175 2869 225 2934 lli.
250 2867 443 2935 choriambo
465 2887 531 2934 uno
552 2866 744 2954 locupletior
763 2878 814 2935 est
834 2889 941 2934 versus
963 2869 1180 2957 Asclqnudeus

100 2972 206 3050 maci,
233 2992 259 3036 s.
281 2972 417 3036 tritaetcr
438 2970 660 3036 choriambicis
681 2971 876 3037 catalecticus
898 2993 968 3037 cmc
989 2971 1073 3040 itud·

248 3081 643 3228 trisitatrta'eirt
656 3109 809 3248 taeta?
840 3163 863 3226 1.
887 3161 921 3239 t,
945 3162 975 3226 r.

175 3264 378 3348 Diaeresisll
400 3263 451 3331 bis
473 3262 658 3351 negligitur,
682 3264 720 3328 ll.
744 3262 802 3341 l2,
826 3265 877 3331 25.
910 3265 959 3330 lll.
981 3266 1018 3341 8,
1043 3264 1092 3328 t7.

258 3367 341 3431 Dum
361 3366 533 3452 [lepra-titio
554 3367 712 3452 detorquet
733 3365 777 3432 ad
798 3366 913 3432 osaea.

258 3469 330 3536 Neu
356 3469 497 3536 incendia
523 3469 724 3556 Karttcytna
753 3470 882 3555 immae,
917 3487 983 3554 quo
1012 3467 1053 3534 de
1080 3489 1177 3534 versu
1262 3475 1270 3504 ‘

101 3568 168 3634 uide
189 3571 425 3637 annotationem
447 3571 489 3638 ad
511 3571 529 3636 l.
553 3571 572 3636 l.

106 3821 462 3832 ·——-------.-—-—

158 4005 180 4068 ¹)
196 4007 340 4066 Diweda,
368 4019 449 4069 quam
471 4007 598 4068 dicimus,
626 4006 671 4057 uhi
694 4007 752 4059 finis
773 4007 848 4058 verbi
870 4009 896 4059 in
915 4008 997 4058 linem
1013 4007 1103 4072 pedis,
1131 4009 1176 4072 qui

103 4077 200 4141 dicitur,
225 4081 268 4131 vel
292 4081 352 4131 finis
375 4081 474 4131 ordinis
495 4079 605 4131 alicuius
627 4081 774 4132 verborum
794 4083 821 4131 in
841 4082 923 4132 finem
945 4081 1045 4132 ordinis
1067 4080 1177 4132 alienius

103 4155 193 4205 melncl
209 4155 315 4214 incidit,
335 4157 369 4205 ita
386 4157 550 4205 notavimus:
571 4155 593 4216 l.)
612 4159 639 4205 et
657 4150 694 4216 (l).
