2934 4884
494 382 553 431 nin.
572 380 614 431 lV.
650 384 678 431 C.
697 380 727 430 V.

231 540 267 603 Et
288 538 385 603 vitem
407 534 521 601 viduas
544 534 632 601 ducit
653 534 694 601 ad
718 534 870 610 arbores3

230 658 310 725 Hinc
332 657 374 724 ad
396 656 469 722 vina
492 654 576 723 redit
597 654 700 721 laetus
723 667 756 722 et
778 656 886 723 alteris

314 780 357 845 Te
380 778 500 843 mensis
523 775 654 843 adhibet
675 776 790 853 deum3

231 938 274 1002 Te
296 935 394 1001 multa
415 954 530 1022 prece,
555 946 585 1000 te
609 935 818 1021 prosequitur
840 957 930 1001 mero

231 1055 351 1123 Deluso
374 1056 494 1141 pateris
519 1066 552 1121 et
573 1055 708 1122 Laribus
730 1065 822 1121 mum

230 1177 342 1243 Miscet
363 1196 497 1253 numen,
521 1175 567 1242 uti
590 1175 725 1242 Graecia
748 1176 890 1242 Castoris

316 1298 354 1362 Et
376 1296 480 1383 magni
504 1316 628 1361 memor
651 1295 809 1362 Herculis.

170 1514 211 1565 34.
239 1514 305 1563 aaut
321 1514 354 1573 Τ,
381 1514 446 1563 item
463 1514 495 1572 s,
525 1525 659 1576 super-scr.
677 1514 755 1571 redit,
782 1510 849 1572 βκχ,
875 1513 1017 1565 Bentlelus.
1045 1516 1075 1566 Ut
1094 1528 1157 1577 nos,

136 1588 271 1726 &febr-a
289 1584 539 1711 31bp30sm⁰bstd'
558 1583 648 1635 illaad.
662 1586 812 1649 antiquiss:
830 1587 928 1648 Minicio
944 1588 973 1648 B,
991 1590 1056 1639 item
1070 1590 1096 1648 S,
1115 1602 1160 1639 su·

104 1870 190 1907 rarum
216 1868 322 1905 ιιισινιο
345 1854 474 1916 possano.
510 1850 628 1903 Similem
666 1867 728 1905 cum
745 1856 857 1905 Laribus
878 1858 934 1908 suis
955 1861 982 1907 te
998 1862 1142 1910 venerabar
1158 1876 1191 1911 ao

105 1932 178 1995 pacis
195 1930 328 1995 picturam
347 1929 484 1979 Dacierius
502 1928 629 1977 allerias
665 1940 761 1990 pacem
778 1934 852 1980 tuam
870 1931 1000 1981 invocat.»
1025 1934 1100 1983 Ouid.
1119 1937 1187 1985 Fast.

105 2007 240 2056 Michaeas
258 2006 321 2068 Cap.
341 2002 369 2063 i,
389 2002 417 2053 l:
436 2003 469 2051 lit
484 2002 572 2051 sedebit
587 2002 629 2050 uir
665 2002 695 2062 i,
714 2002 776 2051 cat:
800 2003 933 2067 (Caristiis)
951 2006 984 2053 lit
1004 2006 1079 2057 libato
1100 2008 1189 2070 dapes,

104 2080 188 2129 murm
202 2080 303 2127 cineum
318 2090 391 2126 neom
407 2081 430 2125 ct
451 2075 534 2125 nubtiis
552 2077 629 2139 fleam
664 2080 692 2124 ut
708 2077 778 2137 prati
794 2078 888 2139 pipare
907 2079 1008 2127 bonoria
1025 2080 1130 2129 Nutriut
1149 2084 1191 2132 in.

104 2168 190 2215 ιιισιιι,
217 2158 241 2201 ct
265 2165 315 2201 non
340 2151 399 2210 erit,
427 2151 470 2211 qui
496 2150 627 2199 deterrem.
664 2148 758 2197 cinctos
772 2151 849 2198 mesa
862 2152 959 2211 patella
968 2152 1055 2201 Lares.
1086 2156 1191 2216 lusitque

108 2256 134 2263 —
157 2226 257 2290 viduos]
281 2224 382 2274 viduae
405 2222 528 2273 dicuntur
549 2221 626 2283 ulmi,
665 2221 707 2271 ubi
735 2223 848 2273 suadebit
870 2224 985 2285 placidos
1010 2240 1064 2275 noe
1087 2227 1191 2278 hemido

104 2301 194 2366 populi
220 2298 373 2362 similesque
400 2297 525 2355 arbores,
552 2298 629 2346 ante·
665 2308 775 2357 somnos,
788 2297 875 2360 Larpu
888 2300 1190 2360 precctwisumiteuino

105 2388 185 2439 quarn
216 2376 358 2436 iungantur
385 2372 494 2433 vitibus,
523 2372 628 2421 iunctae
664 2382 744 2417 amno
764 2372 810 2432 nt,
837 2372 902 2421 Bane
922 2385 968 2421 nos
990 2374 1105 2436 Patrico,
1131 2376 1192 2427 beaw

105 2452 195 2499 autern
213 2449 323 2497 maritae
340 2448 477 2496 vocantur.
500 2444 584 2508 Epod.
602 2446 627 2503 ἓ,
665 2448 700 2503 to,
718 2444 806 2505 Potor,
820 2446 911 2506 optima
922 2446 1028 2508 Caeam,
1048 2450 1190 2514 Dtcitsses·

70 2580 72 2583 ¹
105 2524 132 2573 9:
153 2519 630 2583 commeatiumpropapinellrosma-
664 2518 721 2580 stato
733 2532 875 2580 persam
889 2521 967 2570 uerba
982 2535 1061 2572 maro.
1087 2524 1188 2585 Dicat,

105 2598 165 2646 ritui
186 2596 299 2658 populos.
321 2596 428 2643 Inversa
448 2593 563 2654 imagine
581 2592 630 2641 Ca·
667 2594 707 2643 l9.
720 2596 909 2657 postpugnam
920 2596 1069 2646 Actiacam:
1085 2597 1191 2662 ἐντοῖς

105 2670 184 2721 tullus
194 2670 240 2729 62,
252 2668 296 2719 la:
308 2670 383 2717 uitem
392 2664 627 2729 uiduumappellat.
666 2668 841 2729 συσσιτίοις,
859 2662 915 2727 οὐχ
933 2662 978 2719 ὅτι
989 2675 1052 2732 τοῖς
1068 2678 1190 2736 κοινοῖς,

106 2774 132 2780 -
151 2742 229 2806 redit]
254 2734 382 2791 «domum
400 2753 477 2790 suam
494 2738 528 2789 ab
547 2752 629 2803 opere
666 2734 806 2791 ἀλλὰκαὶ
820 2747 883 2804 τοῖς
899 2739 981 2806 ἰδίοις
992 2740 1101 2808 πάντας
1112 2742 1190 2815 αὐτῷ

104 2820 217 2878 melico,
231 2818 260 2866 ut
271 2815 338 2865 solet
348 2814 480 2877 quotidie,
494 2816 521 2864 et
532 2826 630 2865 secun·
666 2814 798 2866 σπένδειν
822 2815 990 2879 ἐκέλευσαν,
1016 2812 1047 2881 ἔς
1068 2833 1098 2869 τι
1122 2818 1192 2887 τοὺς

105 2894 144 2944 dis
162 2892 265 2942 mansis
286 2889 333 2939 tibi
355 2891 385 2938 ut
406 2888 457 2937 deo
474 2886 629 2939 libationem
667 2883 778 2955 ὕμνους
794 2885 884 2941 αὐτὸν
900 2889 932 2955 ἐξ
949 2889 1015 2943 ἴσον
1032 2898 1094 2957 τοῖς
1110 2894 1193 2962 θεοῖς

104 2967 209 3016 oilert.»
245 2964 315 3013 Venit
330 2961 408 3024 longe
426 2962 513 3011 minus
537 2963 628 3025 aptum
666 2961 872 3033 ἐγγράφεσθαι.
897 2967 955 3014 Non
972 2968 1014 3016 est
1030 2968 1109 3030 igitur
1124 2985 1192 3023 vana

104 3053 187 3104 quam
202 3038 280 3097 rodit3
306 3038 348 3087 est
364 3036 448 3096 euim,
473 3035 548 3098 quasi
566 3036 629 3085 tunc
666 3036 790 3088 adulatio.
820 3064 848 3073 -
873 3037 975 3101 Defuao]
1000 3052 1026 3089 v.
1053 3046 1192 3105 proprium

104 3117 222 3179 primum
239 3112 383 3163 accederet
399 3110 434 3160 ad
450 3111 520 3159 vina.
551 3110 629 3159 Sinni·
666 3110 896 3162 delibutionibus.
922 3110 1010 3161 Valsr.
1029 3115 1097 3164 Mar.
1112 3118 1141 3178 2,
1161 3120 1190 3181 6,

104 3188 164 3239 liter
182 3186 380 3239 confunduntur
389 3185 482 3234 rediret
494 3186 521 3233 et
535 3185 631 3233 ueniret
666 3188 695 3236 8:
716 3186 777 3235 Tem
793 3184 884 3246 defesis
899 3185 1026 3234 Mercurio
1042 3186 1190 3243 libaima,

105 3267 171 3329 Epp.
190 3266 220 3324 ἰ,
238 3264 267 3323 2,
285 3262 325 3311 ἥ.
342 3288 370 3296 -
388 3257 477 3309 Verba
496 3260 526 3308 Ta
541 3260 631 3310 mensis
666 3261 695 3310 ln
720 3258 810 3309 multis
836 3256 920 3306 Codd.
945 3257 1121 3311 substitutum
1149 3267 1192 3315 est

106 3338 203 3387 adhibet
220 3338 293 3386 desem
310 3332 475 3399 explicantur
492 3334 630 3396 sequenti·
667 3332 754 3383 notius
779 3330 894 3381 verbum
917 3332 1023 3394 ditiaco,
1051 3334 1124 3396 quod
1149 3340 1192 3387 est

106 3413 166 3461 bus.
185 3412 256 3473 Virg.
274 3412 340 3460 Aen.
353 3410 380 3469 5,
400 3408 447 3458 62:
466 3406 577 3456 adhibeto
588 3408 630 3456 Pe-
667 3422 715 3457 tex
727 3405 798 3456 dolio
810 3419 832 3455 s.
846 3418 915 3469 cupa
926 3406 1018 3455 vinum
1035 3407 1061 3456 in
1079 3410 1191 3473 ampho-

104 3492 174 3536 notes
195 3486 228 3534 lit
245 3484 345 3547 patrios
361 3482 439 3544 sputis
456 3487 478 3530 at
495 3494 556 3543 quos
573 3482 630 3530 colit
666 3494 708 3531 ras
730 3478 773 3529 vel
793 3479 901 3543 lagenas
924 3479 1136 3531 transfundere.»
1160 3512 1188 3521 -

104 3562 191 3622 ltospes
206 3558 310 3607 Acestes.
346 3558 384 3605 Do
408 3553 497 3617 sigillis
514 3553 629 3624 ἐπιτρα-
664 3556 702 3604 uti
719 3553 835 3617 Graecia]
849 3555 894 3603 «ut
905 3555 1013 3604 Graecia
1025 3567 1131 3605 memor
1141 3558 1191 3607 Ca·

106 3635 212 3698 πεζίοις
233 3630 342 3693 Augusti
364 3632 401 3692 (ut
423 3632 480 3679 erat
501 3628 628 3679 Hercules
666 3630 745 3679 sionis
769 3630 797 3677 et
819 3627 938 3678 Herculis
962 3641 1009 3678 eos
1032 3629 1101 3679 inter
1123 3628 1189 3681 deos

105 3706 283 3773 epitrapezius
303 3704 419 3753 Vindicis
440 3705 503 3752 Stat,
523 3702 583 3752 Silv.
603 3702 627 3763 i,
665 3702 803 3760 honoratiq
822 3714 890 3762 non,
909 3705 938 3751 ut
955 3700 997 3751 alii
1013 3700 1119 3751 volunt:
1145 3708 1190 3754 aut

104 3784 133 3844 c,
152 3782 197 3831 32:
215 3781 293 3842 festae
310 3778 402 3828 Genius
418 3777 542 3839 areaque
557 3790 628 3826 man-
666 3776 774 3825 Graecia
797 3789 903 3826 memor
919 3776 1015 3826 miscel
1031 3775 1071 3825 dis
1088 3788 1189 3827 numen

103 3856 170 3919 sce.)
188 3852 260 3918 apud
277 3854 391 3902 rusticos
405 3849 487 3900 nolim
501 3850 628 3913 equidem
666 3850 782 3899 Castoris
802 3852 830 3899 et
854 3848 999 3900 Herculis.»
1030 3850 1190 3911 (assentitur

105 3943 166 3980 curn
183 3928 241 3979 aliis
258 3928 385 3990 cogitare.
666 3924 730 3974 mihi
742 3922 927 3985 Dillenburger
942 3936 969 3987 p.
988 3924 1034 3971 92:
1054 3924 1189 3974 «Primum

137 4002 226 4053 att-ao
243 4001 404 4063 prosequitur
419 3999 496 4062 ιιιονο]
515 4000 546 4050 Ut
562 3997 628 4047 dici·
666 3998 776 4060 quidem
793 4010 846 4046 non
863 3995 937 4046 lacile
955 3996 1026 4057 iero,
1045 3997 1118 4059 quod
1133 4011 1188 4048 mo-

105 4090 165 4127 mns
183 4074 336 4134 alaudibus,
354 4074 541 4132 veneratione,
559 4074 628 4123 votis
664 4086 721 4121 uror
734 4070 896 4121 adieolivum
907 4083 961 4133 quo
972 4070 1104 4121 referatur
1115 4072 1188 4123 obie-

104 4150 220 4214 aliquem
238 4148 389 4211 prosequi»,
412 4150 450 4197 sic
470 4148 496 4197 b.
515 4146 532 4196 l.
553 4160 628 4196 mero
666 4148 708 4195 oto
729 4146 835 4208 privare
859 4146 988 4193 conantur
1004 4146 1034 4206 ii,
1059 4146 1104 4209 qui
1121 4145 1188 4197 alte-

105 4230 132 4276 et
142 4225 275 4276 libationis
287 4224 398 4272 bonore.
412 4222 458 4271 Est
469 4234 545 4285 ergo:
561 4234 628 4271 euna
665 4232 723 4269 ram
741 4220 967 4270 constructionem
984 4223 1189 4283 sequuntur;-·

190 4316 282 4360 lionae.
300 4326 353 4360 von.
369 4315 385 4359 l.
418 4326 455 4361 aa*
474 4322 550 4363 aaron
566 4310 601 4355 ill.
988 4310 1016 4354 36
