2934 4884
518 371 619 422 tisun.
656 369 753 421 cnud.
773 370 848 420 XVH.

239 529 349 596 iieiixa
370 525 462 594 caelo
484 525 647 594 devocare
669 525 792 601 sidera,

240 647 387 725 Canidia,
412 667 510 735 parce
532 647 668 713 vocibus
690 647 821 714 tandem
844 647 944 712 sacris

240 771 411 856 Citumque
433 779 521 834 retro
542 767 648 843 solve,
671 766 761 833 solve
784 767 954 834 turbinem.

239 891 337 956 Movit
357 899 509 977 nepotem
530 887 691 975 Telephus
711 889 882 962 Neretum,

240 1011 275 1076 in
297 1030 396 1096 quem
418 1008 581 1097 superbus
603 1007 768 1076 ordinarat
789 1009 916 1096 agmina

239 1133 405 1220 Mysorum
427 1130 514 1196 etin
535 1151 634 1218 quem
656 1128 718 1195 tela
741 1139 835 1196 acuta
857 1140 1003 1196 torserat.
1160 1131 1201 1195 it)

242 1253 369 1320 Unxere
390 1259 511 1316 matres
533 1248 610 1316 iliae
632 1247 797 1318 addictum
818 1250 894 1316 ieris

242 1371 378 1438 Aiitibus
400 1380 498 1458 atque
521 1369 656 1438 canibus
678 1369 873 1437 homicidam
894 1371 1081 1448 Hectorem,

180 1516 205 1564 ti.
224 1515 318 1578 Denso
334 1509 486 1578 1),βγδμξ,
504 1525 551 1563 sex
563 1512 688 1563 Poitierii.
708 1514 748 1575 (ui
758 1525 821 1572 nos,
840 1512 979 1575 ΒΤο,κλω,
998 1513 1082 1564 codd.
1096 1513 1171 1564 iiien·

145 1589 228 1651 dinii.)
251 1611 279 1624 -
309 1587 334 1636 i.
360 1587 431 1636 coire
454 1587 525 1638 noim
548 1587 583 1638 de
608 1587 699 1637 durati
723 1587 792 1636 coni.
819 1587 847 1636 L.
874 1585 951 1650 (totve
975 1585 1060 1638 semei
1081 1589 1120 1651 T.)
1141 1615 1168 1624 -

147 1664 187 1713 ii.
214 1663 313 1712 Lenem
338 1657 435 1727 Βο,γξ,
461 1674 502 1725 pr.
529 1677 564 1722 κ,
589 1674 646 1711 vnr.
673 1659 736 1711 lect.
762 1677 785 1726 μ
811 1663 838 1711 et
862 1675 881 1722 χ
907 1660 989 1723 aiter,
1025 1661 1167 1713 Bentleius.

147 1738 186 1798 (Hi
205 1748 271 1797 nos,
298 1735 349 1796 bi,
367 1732 474 1800 βδλμ,χ
491 1734 559 1798 duo,
579 1735 663 1787 codd.
683 1734 786 1798 bland.)

112 1857 187 1909 solve
211 1854 306 1906 coieris
329 1856 442 1907 turbinis
463 1856 637 1917 rotationem,
673 1855 817 1920 probibere
855 1859 967 1906 conatus
1000 1859 1070 1918 erat,
1104 1871 1137 1908 ne
1169 1857 1204 1908 ed

113 1935 142 1981 ut
166 1931 298 1981 contrarie
323 1930 369 1980 flat
392 1930 488 1993 priori,
515 1930 638 1993 adeoque
674 1929 780 1980 Troiam
792 1929 999 1994 oppugnandam
1013 1931 1128 1992 veniret,
1146 1930 1201 1982 vol·

114 2019 148 2055 eo
177 2005 311 2066 cruciatu,
346 2017 429 2068 quem
462 2003 527 2053 mibi
554 2002 640 2053 attulit
674 2005 796 2062 neratus,
816 2015 879 2052 cum
896 2001 1017 2053 consutio
1032 2002 1140 2053 oracuio
1158 2019 1200 2054 re·
1259 1997 1267 2006 “

112 2080 256 2143 prioratus
267 2079 419 2134 conversio.
437 2091 482 2126 me
501 2079 553 2128 iam
571 2077 640 2128 iihe-
675 2089 805 2140 sponsum
816 2075 931 2137 tulisset,
949 2075 1044 2127 volnus
1055 2077 1090 2127 ab
1102 2077 1201 2129 Achiiie

114 2156 182 2202 ret.»
212 2151 332 2202 «scilicet
348 2155 377 2201 ut
388 2151 515 2202 citissime
526 2152 639 2215 agitatus
675 2149 777 2201 iiiatum
807 2148 859 2199 aiio
890 2150 1087 2202 medicamento
1115 2155 1203 2202 senari

112 2225 196 2288 (ciem)
213 2225 343 2276 rhombus
358 2239 408 2288 per
419 2223 477 2274 iicia
489 2227 601 2275 attracta
613 2227 640 2274 et
676 2237 728 2274 non
746 2236 827 2288 posse
839 2237 921 2287 quam
939 2224 1071 2288 ferrugine
1083 2227 1202 2290 cuspidis

114 2298 239 2349 advoiute
256 2301 404 2350 incantatos
415 2301 441 2348 vi
459 2300 562 2363 magica
577 2297 640 2361 iige-
674 2299 767 2349 bastae
787 2297 907 2348 Peliacae
926 2298 1110 2362 (responderat
1130 2301 1202 2351 enim

114 2373 162 2424 bot
183 2376 211 2424 et
231 2372 378 2435 vinciebat,
407 2374 444 2423 ita
469 2373 542 2424 idem
566 2375 639 2423 retro
674 2371 781 2436 Apoiio:
810 2366 827 2421 ὁ
850 2367 964 2443 τρώσας
986 2373 1036 2422 καὶ
1054 2369 1165 2425 idicem
1173 2375 1199 2438 ·),

113 2448 190 2497 acius
207 2459 258 2510 per
273 2445 332 2497 licia
349 2448 462 2497 remisse
476 2449 504 2496 et
519 2444 639 2497 revoluta
674 2445 749 2497 ilium
766 2447 863 2508 oravit,
882 2450 912 2497 ut
928 2448 986 2497 eius
1003 2449 1042 2497 rei
1059 2447 1110 2498 sibi
1126 2451 1201 2512 copia

113 2535 163 2571 eos
179 2522 206 2569 vi
217 2523 320 2584 magica
331 2519 460 2571 solvebat.
473 2521 584 2570 -·Hinc
597 2533 640 2570 re-
675 2520 765 2582 fieret,
793 2522 821 2570 et
841 2521 1001 2584 impetravit.
1031 2525 1201 2587 Properti,

113 2601 154 2644 tro
175 2607 278 2644 cannen
298 2607 374 2659 apere
395 2594 461 2644 dixit
476 2593 532 2644 Vni.
552 2593 638 2644 Hace.
676 2596 704 2654 t,
729 2593 775 2644 63:
803 2596 891 2655 dinem
906 2599 930 2644 et
951 2595 1092 2644 Haemonia
1109 2597 1204 2647 iuvenis

115 2669 143 2728 i,
163 2669 224 2718 782:
242 2669 349 2718 iamiam
359 2668 488 2719 maore
497 2673 567 2719 retro
578 2669 642 2719 Con
677 2681 730 2730 quo
740 2669 841 2731 sapide
850 2669 939 2718 cointio
948 2669 1077 2731 merci,
1090 2671 1138 2720 boe
1148 2673 1204 2734 ipse

111 2755 169 2792 mon
190 2755 281 2806 opens,
306 2753 386 2802 neque
409 2743 476 2793 enin
498 2747 556 2793 onte
578 2743 641 2793 bees
677 2744 779 2806 cuspide
795 2744 868 2794 seruit
884 2755 963 2806 open.
995 2744 1089 2807 Hygin.
1103 2746 1130 2795 F.
1145 2746 1201 2796 iot.

112 2816 187 2878 stipe·
196 2815 280 2864 metit
294 2815 398 2866 umbras
406 2817 530 2876 Portitor;
547 2821 642 2866 etrier·
679 2845 707 2854 -
719 2823 833 2881 nepotem
843 2817 969 2882 Neretum]
983 2821 1075 2870 natum
1087 2832 1120 2870 ex
1131 2820 1202 2869 The-

113 2895 170 2939 rice
194 2888 304 2951 (cincme
327 2889 435 2952 iacobs)
459 2891 550 2952 prioris
573 2895 641 2940 doru
677 2891 747 2954 tide,
766 2893 845 2943 Nerei
863 2892 924 2943 iiiia.

112 2961 229 3028 [cumbet
239 2963 324 3013 oret.»
334 2964 457 3015 Dormire.
469 2993 497 3002 -
508 2965 640 3026 immineri]
710 2967 798 3016 tt-ta.
821 2968 927 3030 Uenere]
941 2967 1022 3031 (iliad.
1035 2983 1064 3030 σ,
1077 2967 1139 3019 350:
1154 2971 1205 3020 Pn-

113 3036 276 3087 «rhombum
284 3038 444 3100 magicum.»
454 3039 515 3089 vtd.
525 3040 637 3102 interpr.
677 3037 791 3088 trocium
804 3043 940 3090 mortuum
951 3042 1001 3091 καὶ
1011 3039 1078 3092 τότε
1088 3039 1124 3108 δὴ
1137 3040 1205 3094 λοῦ-

112 3111 147 3161 ad
163 3111 337 3174 Theocriti,
357 3111 402 3162 30:
431 3111 469 3162 X'
485 3106 526 3174 ὥς
542 3109 641 3162 daveid
677 3107 733 3162 σάν
753 3125 784 3162 τε
805 3113 855 3162 καὶ
876 3106 1004 3178 ἤλειψαν
1026 3113 1083 3164 λίπ’
1106 3114 1202 3184 ἐλαίῳ.

112 3178 163 3235 ὅδε
179 3179 293 3255 ῥόμβος
309 3180 326 3235 ὁ
342 3182 524 3250 χάλκεος,ἐξ
537 3181 640 3258 'Appo-
676 3187 792 3237 Ennius:
824 3187 942 3237 i'arcoini
963 3201 1054 3250 corpus
1080 3188 1206 3252 bonose-1

111 3258 191 3322 δέπας
201 3256 362 3324 “signatior
372 3258 482 3312 <itroire
493 3261 560 3311 ποθ’
571 3256 640 3327 ἁμε-
675 3263 747 3310 mino
762 3261 825 3311 iecit
841 3266 864 3311 et
874 3261 969 3326 mimi.)
995 3262 1077 3325 Magis
1094 3265 1203 3325 poetam

112 3335 212 3405 τέρῃσι
231 3330 364 3405 θύρῃσιν.
391 3338 469 3400 Prop.
488 3335 519 3397 3,
538 3337 567 3396 6,
591 3336 638 3385 26:
677 3335 793 3385 decebat
808 3348 891 3386 unam
907 3334 994 3386 luctus
1010 3337 1116 3400 partem
1131 3349 1205 3388 com-

111 3409 243 3460 Stomineo
265 3409 363 3459 ebornii
385 3411 486 3460 dedier
507 3410 549 3461 iiie
570 3414 636 3459 roto.
676 3421 828 3460 memornre
837 3421 920 3472 quom
932 3408 1049 3474 generali
1059 3409 1143 3461 verbo
1155 3411 1202 3471 uti;

112 3483 210 3534 Lucan.
232 3484 263 3545 6,
281 3482 344 3534 itio:
364 3485 491 3546 Qoornon
504 3483 640 3534 concordia
677 3497 766 3547 neque
788 3486 946 3548 propterea,
973 3483 1045 3548 quod
1071 3485 1203 3538 Homerus

111 3557 187 3605 minti
197 3557 291 3620 diiipot
300 3557 355 3608 trite
369 3558 418 3608 ton'
428 3557 582 3618 blandaeque
590 3571 640 3619 po-
676 3555 749 3607 liiad.
768 3573 805 3619 ω,
824 3557 881 3607 777.
900 3571 954 3609 nou
970 3560 1060 3609 narrat
1082 3559 1204 3612 Hectoris

112 3631 191 3680 untia
207 3631 320 3694 formae,
342 3633 486 3682 truncant
504 3634 563 3683 torti
581 3645 640 3682 ma·
677 3633 942 3696 corpusematronis
959 3633 1078 3682 Troianis
1093 3635 1204 3684 unctum

112 3704 171 3767 pico
189 3705 310 3767 oertipine
324 3705 362 3769 pii
379 3705 555 3757 Thessalides.
584 3706 638 3757 Cir.
676 3718 752 3766 esse,
771 3705 979 3770 praeterendum
997 3707 1054 3756 erni
1069 3721 1095 3757 v.
1114 3707 1203 3758 ionem

112 3778 232 3828 iieineke
250 3780 352 3842 Fragm.
370 3781 447 3831 Com.
465 3782 484 3830 l.
502 3793 529 3844 p.
546 3779 604 3831 itte.
677 3793 740 3830 cum
756 3778 874 3830 Bentleio
896 3781 955 3843 qui,
983 3793 1045 3830 cum
1069 3781 1140 3831 itanc
1163 3779 1204 3831 ie-

144 3852 216 3903 8-to.
234 3853 388 3917 dimicet]
407 3856 492 3906 «Ecce
504 3853 577 3916 tibi»,
596 3855 640 3905 in-
677 3855 793 3904 ctionem
817 3855 914 3905 eximio
932 3855 1054 3905 acumine
1072 3855 1203 3906 deiende-

112 3925 178 3988 quii,
198 3925 404 3990 «indulgentiae,
423 3942 477 3992 qun
495 3929 593 3979 berods
611 3930 639 3978 in
675 3931 731 3991 ret,
745 3928 796 3978 hoc
808 3929 899 3978 tamen
911 3942 963 3979 non
976 3930 1112 3992 cogitavit,
1129 3929 1202 3992 quod

112 3999 204 4048 hostes
221 4000 262 4050 usi
279 4004 342 4051 sunt
358 4005 519 4066 veniamque
531 4005 561 4054 iis
573 4016 639 4053 con·
676 4005 750 4053 recte
769 4005 861 4052 contre
878 4003 982 4054 monuit
997 4004 1121 4054 Botbius:
1147 4003 1202 4054 odd

114 4077 265 4135 cesserunt,
282 4074 392 4127 illustria
404 4079 538 4141 quaedam
550 4090 641 4128 exem-
676 4077 810 4140 iupendom
827 4089 879 4126 non
895 4090 963 4141 opus
975 4079 1032 4127 erat
1048 4076 1201 4141 precibus.»

114 4146 182 4210 pin.»
203 4172 230 4183 -
250 4149 372 4216 Triopion]
391 4153 528 4215 Mysorum
544 4164 592 4202 rex
603 4151 638 4202 ab
675 4152 752 4202 idem
768 4151 840 4201 vaiet
855 4150 890 4200 de
907 4151 955 4202 Ed.
974 4151 1046 4202 Laid.
1065 4151 1198 4204 Pinnem.

114 4219 227 4282 nobilio,
246 4236 327 4286 mem
344 4225 426 4276 armis
438 4229 466 4276 et
477 4238 557 4277 mann
569 4225 639 4276 iacta
679 4255 705 4263 -
717 4226 852 4287 addietum]
866 4225 1043 4277 «destinatum
1055 4225 1089 4278 nb
1101 4225 1200 4278 Achille

201 4313 293 4360 iionnr.
310 4327 365 4362 ron.
383 4316 400 4361 i.
430 4329 470 4363 nn.
486 4327 563 4362 rinion
579 4315 614 4361 iii.
1005 4317 1032 4362 ii
