2934 4884
663 358 790 408 itonam
810 357 979 408 clamauit

530 514 600 580 Vim
622 513 788 580 stomacho
809 513 1000 601 apposuisse
1022 521 1142 576 nostro.

446 675 517 740 lrae
539 672 700 763 Thyesten
722 672 818 738 exitio
842 671 929 758 31611

448 797 597 862 Stravere
618 805 652 861 et
671 793 743 860 altis
764 792 900 860 urbibus
924 790 1055 858 ultimae

488 919 613 984 Stetere
635 935 769 992 causae,
794 935 853 981 cur
874 915 1017 1002 perirent

529 1037 685 1104 Funditus
708 1037 975 1124 imprimeretque
997 1036 1098 1101 muris

446 1195 568 1263 Hostile
589 1205 731 1262 aratrum
754 1195 915 1262 exercitus
937 1194 1087 1262 insolens.

447 1319 627 1406 Compesce
649 1328 807 1384 mentem:
831 1337 883 1384 me
906 1337 1038 1406 quoque
1060 1317 1200 1404 pectoris

341 1523 382 1571 22.
418 1517 541 1579 6661.

311 1686 351 1735 46.
372 1685 507 1749 samacha]
532 1683 594 1736 liliis
611 1683 797 1747 6610116636.
838 1684 868 1733 2:
903 1684 965 1732 Urbs
990 1687 1079 1732 aratro
1112 1683 1240 1744 66664464,
1272 1689 1368 1733 miro

280 1760 342 1808 tos:
369 1757 471 1809 δειλῶν
492 1773 538 1809 τοι
554 1758 663 1810 τελέθει
680 1753 801 1830 ὀξυτέρη
837 1759 952 1808 66144461.
982 1757 1198 1809 vetustissimum
1213 1761 1303 1808 autern
1320 1763 1369 1809 est

278 1831 392 1904 κραδίη·
405 1847 468 1884 mor
478 1849 505 1883 v.
518 1836 563 1884 22:
573 1836 683 1896 pectoris
691 1833 802 1898 [661664
839 1834 985 1883 eversionis
1012 1832 1166 1896 symbolum
1187 1833 1266 1882 etiam
1290 1833 1368 1896 apud

277 1908 441 1968 allicimur,
467 1909 495 1959 h.
514 1908 531 1958 l.
550 1910 704 1960 stomachus
721 1908 802 1960 sedes
839 1905 993 1956 orientales.
1023 1907 1151 1958 Ieremias
1171 1907 1213 1968 26,
1231 1908 1260 1957 8:
1286 1902 1368 1957 Σιών

277 1984 342 2046 irae,
361 1984 449 2034 utun.
464 1985 488 2043 4,
501 1985 526 2046 6,
540 1986 568 2034 6:
587 1998 691 2048 6166661
703 1985 803 2034 Pelidae
838 1975 879 2045 ὦς
900 1977 989 2052 ἀγρὸς
1012 1975 1263 2054 ἀροτριαθήσεται.
1298 1983 1369 2032 llie-

278 2059 446 2118 stomoohaam
468 2059 540 2109 unda
556 2060 717 2109 stomachari.
753 2059 803 2108 Ce-
838 2069 943 2120 ronym.
964 2059 991 2107 in
1014 2057 1121 2107 zachar.
1149 2069 1172 2106 6.
1197 2056 1227 2106 8:
1255 2053 1369 2108 cratian

280 2136 368 2184 461616
384 2135 452 2184 11666
469 2135 578 2197 stropha
597 2133 719 2185 callidam
737 2147 803 2186 con·
838 2133 956 2193 ternplum
968 2133 1220 2193 Hierorotmnttcntan
1239 2133 1266 2181 46
1288 2133 1360 2196 ipso

278 2210 345 2260 tinet
361 2211 427 2270 irae,
445 2210 470 2259 in
488 2222 570 2273 quam
580 2211 740 2274 proruperat
752 2210 804 2258 tio-
837 2207 943 2256 minium
964 2208 1043 2270 366446
1068 2219 1205 2269 oppressae.
1241 2208 1366 2270 Propert.

277 2285 371 2345 ratius,
391 2285 603 2345 excusationem,
622 2285 801 2348 quippequae
838 2281 868 2342 3,
892 2281 922 2342 9,
940 2281 987 2332 tt:
1014 2283 1117 2332 1466646
1132 2307 1160 2320 -
1177 2285 1256 2334 Graio
1268 2285 1371 2345 Neptu·

277 2359 411 2408 humanaa
428 2361 540 2410 11641666
557 2360 695 2422 congenita
716 2361 744 2408 64
760 2359 802 2407 16-
837 2357 983 2417 stuprasti
997 2361 1086 2406 aratro
1101 2358 1183 2406 Victor
1193 2359 1323 2408 4464466466
1335 2361 1370 2408 44-

279 2433 328 2483 sita
344 2435 387 2483 sit.
837 2443 915 2494 36664
930 2431 994 2480 artis
1007 2443 1092 2494 66661.
1108 2457 1135 2468 -
1149 2433 1263 2498 insolens]
1275 2433 1365 2497 Epod.

310 2508 350 2557 47.
387 2509 445 2557 trae
466 2509 536 2558 inter
556 2508 702 2570 Thyestem
725 2509 754 2556 64
770 2510 803 2556 Α·
838 2505 880 2564 46,
900 2505 939 2556 44.

276 2583 380 2642 treum,
404 2583 449 2644 qui
471 2581 544 2631 116411
565 2580 633 2632 411166
654 2579 801 2644 epulandos
870 2580 911 2628 11.
946 2581 1075 2642 0611166166
1090 2581 1202 2646 mmm]
1229 2584 1366 2644 «coerce,

277 2656 408 2718 apposuit.
443 2656 543 2706 Rursus
560 2660 651 2706 autem
668 2654 743 2706 iacile
760 2655 802 2704 in-
837 2665 900 2715 rege
935 2655 1068 2716 animum,
1101 2653 1212 2722 θυμόν,
1241 2659 1365 2722 μένος.»

276 2727 378 2792 46111366
389 2730 600 2794 hyperbolarum
611 2731 802 2800 6616166466-
838 2727 954 2790 Theogn.
973 2728 1021 2778 366
1032 2743 1038 2778 :
1058 2729 1122 2790 luxa
1138 2728 1218 2782 νόον.

276 2805 365 2854 vitan
870 2803 911 2852 23.
932 2803 1051 2868 46646644]
1063 2808 1203 2869 tentamur,
1218 2809 1254 2857 uti
1266 2808 1364 2859 morbo

310 2879 415 2928 tr-te.
442 2882 520 2930 664446
540 2878 624 2943 pravi]
647 2880 802 2942 1116411113-
839 2877 912 2941 (Epp.
931 2880 956 2940 4,
975 2880 999 2940 6,
1017 2879 1064 2930 28:
1089 2881 1110 2929 si
1132 2881 1199 2930 46461
1222 2887 1267 2932 cut
1291 2895 1365 2934 14664

276 2955 341 3004 sost.
360 2955 404 3003 Or.
420 2955 461 3004 66.
474 2967 501 3018 p.
515 2955 563 3004 iou
580 2955 672 3018 Emp:
691 2947 738 3005 ὅτι
754 2950 802 3005 διὰ
836 2952 922 3002 asorbo
942 2954 1102 3019 4664664116),
1126 2957 1165 3005 616
1189 2956 1215 3005 h.
1240 2955 1257 3006 l.
1280 2957 1363 3008 animi

277 3025 406 3098 χρυσοῦν
449 3025 597 3099 πρόβατον
635 3024 801 3081 ἀνάστατον
837 3026 1046 3091 perturbatione.
1072 3055 1101 3066 -
1121 3031 1148 3079 46
1168 3029 1234 3079 dulei
1251 3032 1363 3096 4666646]

277 3101 387 3169 συνέβη
409 3105 545 3169 γενέσθω
559 3102 736 3171 τηλικαύτην
757 3107 801 3155 64-
839 3103 906 3152 Cum
918 3103 986 3153 heac
1001 3116 1109 3167 quoque
1125 3115 1169 3153 vv.
1187 3102 1230 3154 vel
1250 3105 1363 3155 intelici-

276 3179 343 3229 κίσν
366 3174 422 3244 τὴν
440 3178 586 3243 Πέλοπος,
613 3181 645 3229 ot
659 3179 802 3251 τραγῳδοί
837 3178 880 3226 461
896 3179 994 3228 tentata
1019 3177 1131 3242 (46446444,
1152 3179 1199 3228 hau
1222 3181 1298 3246 dulei)
1319 3181 1363 3231 vel

275 3267 377 3316 φασιν.
412 3255 513 3304 Deinde
536 3257 643 3306 enarrat
661 3255 802 3319 Pelopida·
837 3253 1001 3315 reprehensa
1010 3253 1114 3314 tuerint,
1134 3253 1298 3304 monendum
1309 3256 1362 3306 hoc

276 3343 337 3380 rum
363 3331 477 3380 tacinora
506 3332 603 3381 omnia.
634 3357 663 3367 -
688 3330 800 3395 64441666]
839 3326 992 3391 simpliciter
1008 3328 1098 3379 dicere
1110 3326 1227 3378 voluisse
1238 3332 1361 3392 poetam:

278 3403 327 3454 6611
346 3403 439 3456 ultimo
455 3405 528 3455 initio
539 3406 684 3470 repetitae,
703 3406 730 3455 64
742 3419 804 3469 pro-
840 3403 882 3453 «in
898 3403 1013 3464 iuventa,
1030 3404 1106 3452 cuius
1123 3405 1195 3466 grata
1212 3403 1363 3455 recordatio

275 3481 369 3542 pterea
386 3481 573 3544 praecipuae.»
598 3479 648 3545 (uta
662 3485 804 3544 666616463-
839 3479 990 3528 etiamnunc
1009 3479 1128 3528 animum
1150 3491 1242 3528 meum
1262 3477 1364 3529 mulcet

276 3553 398 3618 44644466.)
430 3555 800 3617 611641461616661664,
838 3553 918 3615 atqua
940 3551 1099 3602 exhilarat.»
1138 3551 1284 3602 Subtilior-is
1314 3554 1366 3602 641-

277 3625 302 3688 5.
335 3629 366 3676 a:
398 3627 432 3676 66
463 3630 552 3680 attinio
575 3631 703 3692 6146643146
729 3630 803 3680 teitu
839 3639 906 3689 que,
931 3627 979 3677 sed
995 3628 1039 3676 vix
1055 3627 1181 3688 verioris,
1207 3629 1365 3692 interpreta-

272 3702 464 3766 prooetptionit.
482 3702 555 3753 Philo
566 3705 654 3767 Legat.
665 3704 700 3755 ad
709 3706 802 3756 caium
837 3701 918 3751 tionis
934 3702 1027 3752 auctor
1045 3703 1143 3753 exstitit
1162 3701 1362 3765 Dillenhurger:

277 3778 325 3828 30:
357 3772 412 3840 τὴν
439 3770 576 3826 ἀνωτάτω
606 3779 657 3830 καὶ
686 3775 802 3851 πρώτην
840 3776 881 3825 «in
904 3776 1028 3836 iuventa,
1057 3788 1125 3840 quaa
1152 3789 1200 3828 sua
1220 3775 1363 3828 dulcedine

277 3851 382 3901 αἰτίαν.
397 3875 425 3885 -
438 3851 539 3916 Stetere]
551 3854 715 3904 «exstitere.-
728 3855 800 3918 Virg.
839 3853 894 3900 16111
915 3851 1058 3902 obstrictos
1079 3853 1153 3902 tanat
1170 3852 1311 3912 homines,
1334 3855 1365 3902 ut

276 3928 342 3976 Aen.
361 3925 733 3987 4643114664666666.
839 3926 958 3976 omnium
982 3923 1093 3976 aliarum
1114 3939 1206 3976 rerum
1223 3927 1311 3976 securi
1335 3939 1365 3976 o-

309 4001 351 4050 at.
376 4000 503 4064 61641661]
529 4001 692 4052 Modestinus
717 4003 799 4054 Pand.
838 4001 910 4052 muta
927 3998 977 4050 sibi
991 3998 1071 4050 licere
1087 4002 1181 4064 putent
1191 4013 1309 4064 suaeque
1320 4001 1364 4050 in-

277 4075 331 4124 vlt.
355 4076 402 4126 Tit.
429 4074 453 4126 9.
477 4075 505 4125 L.
527 4076 568 4125 at.
592 4076 629 4125 614
652 4077 802 4139 1164463161
838 4075 963 4139 (16136661
985 4075 1151 4126 temeritati.»
1187 4075 1240 4126 Cir.
1264 4075 1312 4126 od.
1336 4075 1361 4134 3,

279 4162 389 4200 eremo
406 4152 523 4200 aratrum
543 4151 705 4215 impressum
729 4163 800 4214 esse,
839 4150 879 4212 44,
901 4151 946 4200 at:
965 4152 1021 4202 Noa
1037 4164 1082 4215 apo
1098 4151 1144 4200 hoc
1157 4151 1250 4213 smus
1265 4149 1363 4200 66444446

279 4224 386 4274 notante
412 4223 503 4275 lamb.
529 4225 622 4274 isidor.
649 4225 735 4290 01133.
760 4225 800 4288 46,
838 4226 940 4278 4666646
956 4227 1059 4278 coemto
1074 4225 1173 4277 446666.
