2934 4884
479 372 538 423 llll.
557 374 598 423 lli.
634 374 663 425 C.
684 374 772 425 xvltt.

239 528 339 615 Larga
361 548 422 593 nec
444 526 561 595 desunt
583 530 715 597 Veneris
739 530 842 597 sodali

239 649 314 713 Vina
336 658 497 725 craterae,
520 660 612 717 vetus
636 672 692 717 ara
715 651 815 717 multo

324 772 436 835 Fumat
457 770 568 837 odore.

236 937 330 1003 Ludit
351 936 492 1005 herboso
514 958 614 1027 pecus
637 960 731 1006 omne
754 960 884 1028 eampo,

237 1059 316 1125 Cum
337 1058 393 1125 tibi
416 1061 526 1127 Nonae
549 1061 686 1129 redeunt
706 1060 922 1141 Decembres;

235 1182 348 1247 Festus
372 1180 403 1245 in
425 1180 524 1269 pratis
546 1193 638 1249 vacat
663 1182 768 1250 otioso

319 1302 400 1368 Cum
420 1302 505 1369 bove
526 1322 645 1391 pagus3

233 1470 319 1535 lnter
340 1470 481 1537 audaces
503 1468 599 1559 lupus
622 1480 708 1537 errat
729 1490 850 1559 agnos3

171 1706 193 1754 7.
220 1706 386 1766 mutand,
413 1704 507 1767 Aldus,
535 1706 568 1763 L;
595 1704 805 1757 sedLvolebat
825 1712 948 1758 omae.
973 1732 1001 1744 -
1024 1708 1047 1758 8.
1066 1710 1154 1759 odore:

140 1780 296 1917 [lurgdgtsslgfrlt'
322 1807 349 1816 -
374 1781 413 1831 tt.
433 1782 532 1843 pardus
556 1779 624 1841 bed,
650 1790 754 1845 μνψω,
782 1794 851 1832 corr.
870 1798 905 1841 κ,
932 1795 988 1833 rar.
1010 1781 1071 1833 lect.
1096 1782 1153 1851 βγι.

107 2068 228 2119 vernulae
247 2071 308 2119 sunt
329 2068 400 2133 apud
418 2071 507 2120 luren.
522 2070 565 2129 ll,
584 2069 627 2119 et:
664 2070 745 2120 Recta
768 2070 900 2120 ffistinetto
917 2074 959 2121 est
980 2072 1077 2121 iamin
1094 2072 1186 2122 Aldina

106 2144 291 2206 rapat-aselli,
317 2138 355 2193 Aa
372 2145 438 2206 pund
453 2144 540 2194 lurotu
556 2145 627 2193 lude
665 2145 738 2195 tuoe.
772 2143 820 2195 ltlll
843 2147 904 2195 ante
925 2144 1072 2195 Bentleium
1092 2147 1186 2209 iunge-

107 2216 358 2269 bantnm'rolunmi.
377 2216 451 2281 (Vide
459 2218 625 2280 Excumum.)
663 2216 728 2267 bant
741 2231 839 2269 numu.
857 2220 885 2268 st
897 2219 966 2281 (vd).
986 2244 1015 2255 -
1033 2219 1133 2269 herboso
1145 2246 1184 2257 --

108 2320 133 2329 -
150 2292 401 2357 Aepm1Adhoo
424 2305 483 2343 voe.
511 2292 626 2342 Torren-
662 2293 760 2357 conspe]
773 2291 828 2342 Sub
840 2291 915 2342 eaelo
925 2292 1017 2343 ltalico
1027 2295 1114 2345 virent
1124 2294 1185 2344 ber-

109 2367 157 2417 tius
173 2366 257 2418 refert
272 2366 373 2417 variam
390 2365 451 2417 lect.
471 2366 536 2417 cod.
548 2366 626 2417 unius
662 2365 728 2427 bae,
747 2379 811 2416 eum
828 2367 899 2431 apud
916 2380 965 2417 nos
982 2368 1035 2417 iam
1046 2367 1090 2417 diu
1107 2372 1183 2433 prata

105 2440 193 2501 baur,
212 2440 357 2491 Lambinus
374 2442 407 2491 ad
424 2454 449 2491 v.
468 2442 541 2501 lentim
562 2440 625 2491 illud
661 2443 731 2492 vieta
757 2456 789 2491 ac
812 2441 942 2493 deformia
963 2446 1009 2492 aut
1034 2443 1093 2492 nive
1120 2456 1185 2493 ooo-

105 2527 167 2565 sane
189 2513 364 2580 probabilius.
400 2516 452 2565 Sed
475 2528 538 2565 oum
555 2514 625 2567 nulla
661 2518 737 2579 perta
755 2518 825 2567 sunt.

105 2588 156 2639 iere
180 2591 280 2639 nitatur
300 2590 468 2651 auctoritate,
495 2604 510 2639 a
529 2590 624 2640 critico
695 2591 735 2640 li.
755 2592 795 2641 ta.
821 2590 1057 2655 Festus--poprul
1073 2603 1184 2641 «omnes

104 2663 223 2715 leidensi
238 2676 290 2713 nou
302 2662 420 2713 debebat
431 2664 622 2715 commendari.
661 2664 798 2717 Mandelae
809 2665 1024 2729 (bodieliondelo)
1033 2667 1127 2729 pagani
1136 2664 1185 2715 tibi

132 2739 186 2789 5-8.
215 2738 253 2802 Si]
270 2740 367 2789 Preces
387 2750 469 2802 saepe
490 2740 624 2804 concipis·
661 2743 806 2804 operantur
825 2740 959 2803 feriasque
978 2742 1084 2802 agunt.»
1108 2740 1182 2789 Ouid.

104 2812 198 2865 bantur
210 2826 273 2863 num
290 2812 442 2863 huiusmodi
459 2812 621 2864 condicione.
660 2814 729 2864 Fast.
750 2815 777 2875 l,
803 2814 866 2865 669:
899 2816 983 2877 Papus
1002 2818 1064 2878 opat
1085 2814 1182 2876 sotum.

102 2888 156 2939 vid.
168 2888 258 2937 adOd.
270 2888 294 2947 4,
305 2886 345 2949 at,
358 2888 381 2937 l.
393 2914 418 2925 -
426 2887 501 2949 pleno
509 2887 622 2951 uuum]
661 2888 737 2949 Quod
749 2886 823 2939 multi
832 2886 916 2938 Codd.
929 2900 978 2952 pro
989 2902 1071 2951 popae
1084 2887 1186 2938 habent

103 2962 236 3013 adfinem
253 2964 397 3025 vergente,
416 2974 501 3025 prope
519 2964 620 3023 exacto,
656 2964 756 3025 pardus
779 2963 872 3013 lestive
898 2962 1011 3027 explicat
1033 2962 1182 3013 Bentleius:

102 3038 179 3089 Nonis
190 3036 396 3088 Decembribus.
412 3062 440 3073 —
462 3037 621 3102 torperet]
661 3037 746 3086 «Vide
770 3039 797 3087 et
817 3036 875 3087 ride
891 3038 1086 3087 monachornm
1108 3038 1184 3101 inge·

103 3111 622 3176 «Silargsrepleturvinooruterodorma
659 3112 742 3161 nium.
761 3110 827 3170 Quia
836 3109 898 3161 illud
907 3110 1072 3175 sequebatur
1080 3111 1114 3161 de
1125 3113 1183 3174 liupo

102 3188 179 3237 etiam
203 3200 218 3236 a
237 3187 366 3237 cicerone
381 3186 457 3236 verr.
474 3188 536 3236 Aeo.
554 3186 579 3237 l.
595 3184 619 3249 g.
657 3184 723 3235 inter
738 3198 818 3249 upuos
833 3186 953 3245 innocuo,
971 3184 1183 3237 lucetibomines

101 3262 168 3323 tat..
181 3262 232 3313 sed
240 3262 478 3325 inprimlsupoetis
488 3260 548 3325 (Sat,
558 3264 583 3323 t,
595 3260 619 3323 t,
659 3261 857 3309 commutarunt
879 3272 962 3322 popm
985 3260 1128 3322 inperetur
1150 3274 1183 3310 ex

100 3336 137 3387 80.
147 3336 313 3399 Persidi.)
326 3338 451 3401 usurpata
460 3335 620 3401 promatur),
659 3334 751 3385 Esaiae
763 3334 793 3384 C.
808 3334 848 3394 ll,
863 3333 893 3382 6:
905 3333 1033 3385 llobitobtt
1043 3334 1184 3396 lupum

101 3422 166 3472 quae
193 3412 298 3460 cratera
323 3411 364 3461 est
393 3410 491 3463 Vernis
515 3410 619 3471 sodalis,
658 3420 724 3471 spuo
739 3407 1025 3469 etpordusemnltoodo
1040 3407 1182 3457 wndobtt:

100 3488 227 3550 perpetua
251 3496 356 3545 comes,
383 3486 440 3535 sine
461 3498 514 3548 qua
531 3486 621 3535 Venus
657 3480 1184 3533 ottultustleoetwtssimulmorobuutur

100 3558 198 3623 friget.»
242 3560 375 3622 Lagenam
408 3560 564 3622 Anonymus
594 3560 620 3609 in
658 3562 681 3606 ot
696 3570 762 3618 puer
776 3555 901 3618 paruulus
915 3554 1021 3606 nunaut
1046 3554 1183 3621 (Italorum

100 3634 174 3685 toth.
197 3632 251 3684 Pal.
271 3635 289 3683 l.
307 3646 334 3697 p.
354 3634 410 3683 til.
430 3634 470 3685 sie
491 3632 619 3699 appellat:
656 3644 768 3691 mauors,
787 3629 919 3681 Gallorum
936 3631 1031 3696 mmo)
1048 3644 1113 3682 eos.»

101 3706 216 3768 Βάκχου
232 3708 283 3757 καὶ
294 3708 435 3759 Μουσέων
447 3704 531 3780 liupr)
540 3705 622 3779 λάτρι
691 3705 730 3755 ta.
746 3706 814 3755 lotor
822 3706 885 3770 oet]
894 3705 1043 3757 Perfectum
1051 3706 1184 3755 totiusru·

100 3784 145 3833 καὶ
162 3782 331 3853 Κυθερείης.
349 3808 378 3819 -
389 3788 459 3833 uoltu
476 3783 533 3847 nra]
553 3783 621 3833 «iam
656 3780 693 3829 ris
709 3778 924 3843 tranquillitatem
943 3794 976 3830 ao
992 3794 1102 3845 paoem,
1128 3791 1181 3842 qua

100 3855 131 3906 ab
147 3856 211 3919 illis,
231 3858 276 3921 qui
293 3856 338 3907 diu
355 3858 416 3907 anta
433 3869 478 3907 me
494 3855 621 3907 Sabinum
657 3855 768 3919 paganis
779 3855 831 3904 hoc
842 3852 971 3905 sollemne
982 3857 1087 3917 gramm
1094 3851 1183 3902 reddi-

101 3941 188 3981 meum
212 3931 403 3995 possederunt,
430 3932 564 3982 exstructa
587 3929 621 3981 ad
659 3932 715 3991 tur,
743 3928 861 3980 cumulat
885 3930 985 3980 inserta
1010 3930 1079 3979 inter
1101 3940 1181 3977 veras

101 4002 220 4056 launalia
251 4004 443 4058 celebranda.»
473 4032 503 4042 -
532 4004 621 4069 odore]
658 4004 787 4067 imagines
798 4004 913 4066 imagine
922 4004 1003 4052 etam
1013 4002 1116 4065 poetica
1126 3999 1181 4066 lupi

103 4078 201 4131 «nuris
218 4079 315 4141 odore,
334 4078 518 4131 suffimentis.»
659 4078 765 4129 innoxie
788 4078 842 4128 iam
867 4077 980 4127 errantis
1006 4076 1074 4127 inter
1098 4088 1181 4138 agnos

130 4154 153 4202 9.
179 4154 266 4219 ledit]
296 4154 363 4205 llinc
388 4154 517 4221 incipiunt
541 4154 623 4204 Fauni
659 4154 770 4217 propter
794 4152 838 4202 dei
861 4150 1180 4215 praesentium·audaces

100 4222 189 4279 laudes
225 4226 431 4293 Faunaliumque
468 4228 621 4291 descriptio.
660 4226 749 4278 subito
765 4226 857 4276 laetos.
