2934 4884
648 349 777 401 HORA'l'll
794 350 964 402 cucumim

496 488 584 552 More
607 507 717 552 comas
741 484 874 572 religata
896 484 1026 551 nodum.

329 683 371 735 al.
389 696 473 734 coruos
490 684 528 733 ST
546 686 572 733 et
589 695 629 747 pr.
649 683 683 742 b,
703 683 767 731 item
785 682 903 743 quinque
921 681 1050 730 Pottierii:
1074 683 1205 741 comacli,
1223 696 1324 732 coruom

296 759 330 810 cd
346 762 374 808 et
390 771 458 808 corr.
478 757 505 818 b,
524 761 630 822 septem
647 761 732 818 poti..
761 761 821 820 LCl,
840 757 924 810 Bentl.
944 759 972 806 et
990 757 1021 806 ll.
1042 782 1069 792 -
1099 757 1212 820 rctepalo
1228 757 1255 805 T.
1292 785 1321 792 —

295 835 359 882 nodo
376 831 459 882 Bentl.
473 833 541 882 coni.
561 837 588 881 et
605 835 637 882 ll.
659 834 697 892 (Ut
715 847 776 894 nos,
795 847 890 884 omnes
906 832 989 882 nostri
1007 833 1034 880 el
1051 832 1186 893 Pottierii.)

265 1012 399 1060 Laconum
436 1010 519 1059 choro
554 1009 625 1071 apud
654 1011 788 1073 aristoph.
827 1013 918 1060 autem
944 1011 999 1058 tam
1025 1007 1174 1072 simplicem
1200 1007 1302 1057 cultum
1330 1011 1360 1055 el

265 1085 374 1145 Lysistr.
407 1083 486 1132 ⁴³46:
522 1075 590 1131 Ἀλλ’
615 1075 668 1149 ἄγε
694 1079 790 1148 κόμαν
827 1083 879 1134 sihi
896 1085 924 1132 ct
940 1084 1041 1140 amico,
1068 1083 1168 1146 quippe
1194 1094 1256 1130 cum
1280 1084 1360 1130 uler-

264 1153 506 1226 Παραμπύκιδόε,
531 1157 602 1206 unda
627 1157 707 1207 crinis
728 1157 792 1219 liga·
828 1171 881 1221 que
907 1157 1084 1220 provectioris
1109 1158 1162 1205 iam
1188 1156 1222 1205 sit
1239 1157 1356 1214 aetatis,

267 1245 330 1282 men
348 1227 561 1301 παραμπύκιον.
605 1233 661 1282 ltlos
679 1231 722 1281 hic
741 1232 791 1280 La·
828 1231 953 1281 sufficere
971 1245 1022 1281 nec
1040 1231 1140 1292 requiri
1157 1229 1192 1277 ab
1210 1229 1296 1277 amica
1309 1243 1360 1278 or-

265 1307 375 1356 conicus
383 1307 495 1368 propter
503 1304 701 1368 simplicitatem
709 1317 790 1367 saepe
828 1310 922 1356 natum
946 1305 1034 1366 illum,
1062 1319 1115 1368 qua
1140 1303 1360 1354 adolescentulos

265 1379 412 1430 artificibus
422 1392 529 1442 quoque
542 1378 647 1442 placuit.
668 1380 709 1428 Sic
721 1380 792 1442 picta
828 1378 934 1431 allicere
952 1379 1016 1430 alias
1033 1378 1126 1430 soleat.
1148 1406 1176 1416 ν
1195 1378 1248 1428 Cir.
1274 1377 1361 1427 eliam

266 1456 308 1504 est
333 1453 454 1503 Atalanta
479 1455 505 1502 in
524 1453 612 1502 tabula
630 1454 792 1517 Pompeiana
829 1455 991 1504 contrariam
1008 1454 1151 1516 imaginem
1166 1452 1242 1514 pueri
1254 1452 1361 1514 longum

266 1531 331 1579 Μαι.
360 1527 435 1578 Borb.
462 1528 515 1576 Vll.
535 1528 563 1577 T.
582 1529 605 1576 θ.
634 1541 746 1590 prorsus
763 1529 794 1575 ut
828 1529 973 1577 renodantis
988 1541 1086 1576 comum
1103 1525 1186 1588 Epod.
1204 1525 1304 1584 rifle.
1328 1553 1358 1560 —

266 1603 300 1653 de
319 1601 416 1652 eadem
434 1601 508 1650 ovid.
522 1603 583 1651 liei.
602 1601 631 1661 8,
650 1602 714 1650 3⁴8:
735 1602 793 1650 Cri-
830 1601 914 1664 (Addo
923 1603 1031 1651 omnino
1040 1614 1132 1651 amare
1141 1603 1235 1663 poetas
1244 1603 1361 1662 propter

266 1677 306 1724 uis
322 1680 378 1724 erat
393 1675 509 1736 simplex,
528 1677 620 1724 nodum
636 1675 750 1723 cotlcclus
766 1676 793 1722 io
829 1674 1054 1739 pulchritudinem
1079 1676 1213 1724 Lacaenas
1239 1673 1361 1734 virgines

267 1763 354 1798 uuum.
383 1749 435 1798 Cir.
450 1747 525 1812 Apul.
539 1751 599 1799 liet.
614 1749 645 1808 ἲ,
659 1749 687 1797 9:
708 1749 794 1798 Crines
830 1761 997 1807 memorarc;
1016 1749 1229 1811 Theognislillli.
1243 1748 1362 1796 Schnei-

263 1823 404 1884 poulliaper
428 1824 462 1870 od
484 1823 559 1884 finem
582 1821 743 1884 conglobatus
767 1823 793 1871 in
830 1822 915 1872 deva:
953 1816 1074 1887 Εὐειδὴς
1110 1817 1240 1892 ῥαδιναῖς
1273 1821 1362 1890 χερσὶ

266 1910 390 1945 sommium
406 1897 522 1945 uerticem
536 1897 616 1945 ποάαι
626 1898 791 1946 mitiaccrot.
829 1892 962 1946 Λάκαινα
987 1893 1070 1966 κόρη.
1111 1899 1199 1946 ιΝοὲιί
1220 1891 1362 1964 Σπάρτην

267 1973 309 2019 Sic
335 1969 495 2032 Polygnotus
524 1971 604 2020 etiam
630 1969 793 2032 Polyxenam
830 1967 1073 2036 καλλιγύναικα»)
1084 1972 1171 2020 Animi
1181 1973 1284 2020 tantum
1294 1983 1363 2020 cau·

267 2043 407 2093 Troianum
425 2043 590 2106 depinxerat.
609 2047 730 2094 Pausan.
751 2045 791 2103 40,
830 2059 861 2095 sa
872 2045 1019 2095 notandum
1037 2048 1079 2094 esi
1090 2057 1199 2093 carmen
1217 2045 1270 2092 lloc
1288 2042 1361 2092 lulla-

267 2119 316 2168 25:
334 2114 482 2183 Πολυξένη
500 2113 573 2168 κατὰ
590 2113 626 2168 τὰ
642 2118 793 2183 εἰθισμένα
830 2133 892 2172 rum
908 2123 989 2182 atque
1001 2117 1109 2181 elegans
1121 2119 1251 2170 llolmano
1264 2116 1362 2166 Peerl-

268 2191 422 2262 παρθένοις
446 2185 657 2244 ἀναπέπλεκται
681 2187 734 2255 τὰς
763 2193 792 2243 ἐν
830 2194 937 2256 lampio
961 2192 1099 2255 indignum
1129 2193 1238 2241 lloralio
1267 2192 1361 2240 risum

268 2264 303 2336 τῇ
329 2263 441 2338 κεφαλῇ
467 2269 576 2338 τρίχας.
604 2296 631 2305 -
657 2269 792 2330 Significat
830 2280 891 2318 esse
909 2279 941 2316 ac
957 2266 1138 2316 subditicium.

618 2685 986 2743 {excitastis

715 2816 905 2880 Aninlosq.

336 2937 502 2998 «Assyriaque
523 2936 605 2984 nortio
619 2939 738 2997 potaturos
753 2937 837 3000 απιιί]
855 2937 888 2988 ll.
907 2939 937 2986 Α.
965 2936 1153 2988 Diettcrichius
1179 2937 1263 3000 (Jahn.
1288 2940 1359 2988 Anu.

270 3023 300 3071 N.
320 3019 377 3070 Vol.
397 3019 437 3069 3l.
457 3032 483 3083 p.
502 3019 557 3080 lli.)
576 3017 751 3068 scribendum
774 3022 868 3069 censet
889 3019 1039 3079 damnoque
1061 3018 1127 3080 (coll.
1147 3021 1237 3069 Horat.
1256 3021 1305 3070 0d.
1326 3024 1360 3071 ll.

270 3105 298 3164 7,
316 3104 341 3154 a.
376 3103 432 3153 nu.
452 3103 483 3153 11.
502 3103 531 3163 a,
550 3103 575 3151 ι.
609 3104 652 3152 111.
671 3103 701 3163 c,
721 3103 790 3165 aa),
813 3101 899 3166 quoa,
924 3105 954 3150 ut
969 3087 1002 3151 δι
1019 3101 1109 3152 adaia
1125 3105 1194 3152 aare
1210 3109 1360 3167 appareat,

271 3200 324 3237 non
349 3186 433 3236 herba
459 3187 505 3236 aut
529 3185 632 3246 lolium,
663 3185 712 3236 sed
742 3187 907 3249 unguentum
936 3185 1106 3249 significetur.
1151 3190 1186 3236 At
1213 3200 1362 3238 commune

270 3272 312 3320 est
327 3271 481 3335 poetarum,
509 3271 539 3318 ut
560 3282 613 3319 non
635 3282 695 3318 raro
713 3282 773 3319 rem
790 3272 965 3332 naturamque
984 3270 1070 3332 ipsam
1087 3270 1241 3321 describant
1257 3273 1363 3334 signiti-

271 3355 355 3403 caturi
372 3354 399 3404 id
417 3353 488 3418 quod
506 3353 567 3402 inde
586 3353 713 3402 ellectum
731 3355 781 3402 est.
817 3352 870 3402 Cir.
890 3353 952 3402 lior.
972 3354 1019 3403 Od.
1038 3354 1081 3403 lll.
1100 3355 1146 3414 29,
1165 3354 1188 3404 l.
1204 3369 1294 3416 presso
1310 3358 1364 3404 tuis

270 3437 376 3486 colom
391 3438 488 3499 capillis
505 3438 522 3486 i.
535 3450 559 3486 e.
574 3435 700 3486 balanum
717 3449 740 3485 s.
759 3435 973 3500 myrobalanum.
999 3439 1032 3500 (v.
1052 3436 1116 3488 Plio.
1135 3439 1167 3488 ll.
1186 3440 1216 3488 N.
1239 3439 1292 3489 lill.
1314 3437 1360 3490 lo.

271 3520 346 3570 llart.
365 3521 452 3583 Epigr.
472 3520 536 3569 xlv.
555 3519 607 3582 57.)
623 3519 671 3570 Od.
690 3521 709 3568 l.
728 3520 776 3580 2⁰,
796 3519 836 3568 lu.
872 3518 987 3569 Caecubo
1003 3534 1067 3579 mvo3
1086 3521 1157 3584 Virg.
1177 3523 1271 3584 Georg.
1291 3523 1310 3571 l.
1332 3523 1358 3571 9.

271 3604 386 3652 iwaniec
402 3615 467 3650 uoce
484 3605 535 3651 etc.

337 3683 423 3742 Quam
438 3683 567 3744 Assyriam
584 3685 627 3733 hic
643 3685 755 3734 nardum
772 3685 896 3735 llorotius
913 3685 1059 3736 nominavit
1074 3686 1193 3737 indicam
1205 3699 1266 3738 esse
1277 3701 1361 3738 nemo

271 3778 390 3829 unquam
407 3765 513 3815 videtur
529 3765 675 3818 dubitasse.
712 3768 765 3818 Sed
782 3769 856 3832 quod
877 3768 942 3818 (lixit
958 3767 1069 3820 Orellius
1091 3783 1151 3822 csse
1168 3770 1288 3821 indicam
1306 3786 1362 3821 «en

272 3851 347 3912 syria
373 3849 546 3910 advectam»,
578 3850 657 3899 huius
682 3850 797 3900 nominis
824 3849 972 3915 explicandi
998 3853 1061 3902 nllhi
1087 3853 1137 3902 alia
1162 3853 1228 3903 ratio
1253 3852 1363 3904 ridetur

273 3932 387 3983 ineunda
405 3943 474 3982 ease.

337 4016 455 4066 Primum
471 4027 599 4064 ανιοιπαιιι
615 4015 695 4065 etiam
712 4015 842 4076 Αιινιιαπ
859 4015 932 4080 (Plio.
951 4019 982 4068 ll.
996 4019 1026 4068 li.
1039 4019 1092 4068 lili.
1106 4019 1147 4068 28.
1183 4020 1253 4083 Virg.
1267 4019 1359 4083 Eclog.

273 4095 302 4155 3,
320 4096 361 4146 89.
380 4097 408 4158 l,
427 4099 459 4148 25
477 4098 539 4161 etc.)
566 4097 638 4147 haud
654 4097 737 4148 dubie
754 4100 867 4150 luciam
883 4102 945 4162 luit,
974 4105 1001 4152 ut
1020 4101 1207 4153 ιπαὶοὸαϋιηιπι
1226 4105 1268 4153 est
1286 4105 1358 4166 (lior.

273 4178 321 4227 Od.
346 4179 376 4228 ll.
402 4180 430 4240 7,
455 4182 503 4242 8.),
530 4195 555 4230 v.
585 4179 680 4230 lliillm.
708 4182 850 4232 Geaclticlle
874 4185 898 4232 d.
924 4185 1016 4246 plicet.
1042 4185 1151 4236 Hoodels
1175 4199 1201 4249 p.
1228 4187 1286 4236 alt.
1329 4188 1361 4237 at
