2934 4884
470 359 528 408 tie.
549 359 589 407 iv.
626 358 655 407 C.
675 358 728 407 vti.

129 514 230 580 liutat
254 522 340 579 terra
363 512 451 579 vices
474 522 506 579 et
527 512 750 579 decrescentia
771 514 859 600 ripas

258 632 402 699 Flumina
424 642 646 719 praetereunt,

129 799 238 865 Gratia
259 820 333 865 cum
355 798 511 888 Nymphis
534 800 739 887 geminisque
762 800 929 867 sororibus
952 802 1049 868 audet
1155 804 1175 865 ὃ

256 920 383 985 Ducere
405 919 493 987 nuda
515 919 642 987 choros.

128 1038 322 1105 immortalia
343 1060 385 1105 ue
408 1060 536 1126 speres,
560 1052 670 1107 monet
695 1062 799 1107 annus
820 1051 853 1108 et
875 1040 994 1107 almum

256 1160 347 1239 Quae
369 1160 453 1247 rapit
473 1159 553 1227 hora
582 1161 677 1227 diem.

150 1396 175 1442 t.
195 1394 226 1458 et]
245 1394 279 1443 acl
296 1393 324 1442 T.
346 1420 372 1429 -
393 1392 477 1443 albam
493 1394 522 1453 d,
543 1406 612 1443 corr.
632 1392 663 1453 b,
677 1394 936 1459 Francksranusio),
949 1410 1065 1461 prover.
1079 1397 1139 1449 lect.

117 1466 146 1526 β.
172 1494 199 1502 -
222 1468 246 1516 8.
266 1468 345 1529 Quam
361 1468 388 1516 Τ.
412 1494 438 1502 -
457 1466 529 1529 dian]
544 1468 633 1529 polam
649 1478 685 1527 ψ.

84 1677 187 1745 μάχην
203 1675 368 1743 μάχεσθαι,
389 1680 416 1728 in
433 1691 512 1741 prosa
525 1681 591 1728 orat.
606 1693 611 1725 :
649 1677 812 1743 sculptores,
826 1680 970 1745 Bupalum,
982 1680 1112 1745 Apeilem,
1124 1685 1175 1745 Py·

85 1756 214 1818 ·palilur,
234 1752 305 1804 subit
323 1754 395 1803 vices
416 1764 532 1812 annuam
552 1766 614 1802 mu·
651 1754 789 1815 thagorem
808 1755 927 1815 Parium,
951 1757 1101 1817 moralem,
1124 1758 1174 1805 So-

87 1831 179 1879 lantur
195 1830 284 1877 terrae
308 1828 398 1885 vices,
424 1838 487 1877 cum
504 1840 536 1876 ex
554 1827 613 1876 hie·
648 1827 784 1890 phronisci
804 1826 901 1887 ilium,
928 1831 1030 1881 (trulias
1051 1829 1173 1881 vestibus

88 1900 151 1953 mali
186 1912 298 1951 vernam
326 1902 446 1965 speciem
474 1902 612 1951 assumit.
649 1899 755 1950 indutas
767 1902 947 1964 expressisse·
965 1904 996 1952 ol
1002 1901 1034 1953 δὲ
1042 1898 1173 1973 ὕστερον

85 1975 190 2026 Placuit
209 1974 307 2025 locutio
327 1974 471 2025 Claudiana
489 1974 568 2024 Prob.
586 1977 615 2025 el
650 1968 705 2025 οὐκ
734 1970 801 2023 olla
820 1968 904 2035 ἐφ“
885 1990 962 2061 carp,
990 1976 1174 2043 μεταβεβλή-

85 2048 180 2113 otyor
194 2050 243 2099 ta:
263 2050 389 2113 (Hisnon)
402 2050 611 2111 amitiiortuna)
649 2064 718 2098 κασι
735 2044 770 2097 τὸ
786 2046 888 2112 σχῆμα
904 2044 1014 2111 αὐταῖς.
1041 2048 1091 2101 Χοὶ
1092 2065 1174 2121 ριιοις

84 2124 266 2173 mamea.
280 2124 427 2186 Panegyrst
421 2124 543 2173 rnPisou
554 2123 610 2173 itt:
648 2120 719 2189 γοῦν
747 2122 778 2170 ol
804 2123 866 2170 aar
895 2121 947 2186 ἐμὲ
974 2067 1123 2174 ἔπλασσόν
1143 2139 1174 2175 ιι

85 2198 144 2259 ipra
164 2196 231 2245 oioea
254 2201 350 2245 natura
373 2196 438 2247 rabit
461 2197 613 2256 curiamque
648 2190 729 2247 καὶ
716 2210 844 2266 εγραφον
860 2192 981 2262 γομνοὶς.

85 2284 175 2320 werra
186 2271 334 2331 ordinat,
325 2271 430 2320 anomala
446 2275 469 2321 at
484 2270 614 2333 frondibus
681 2272 722 2320 'i-
735 2272 775 2320 il.
796 2272 955 2321 immortalia
970 2285 1002 2321 aa
1017 2275 1140 2338 speres]-
1127 2276 1174 2327 «llt

86 2344 200 2406 emlicat
216 2356 319 2395 ιιιιιιιιιιι.
350 2343 414 2393 Pliu.
434 2344 464 2393 li.
482 2345 513 2393 N.
530 2344 560 2404 λ,
578 2343 610 2392 6:
649 2344 726 2396 nohis
751 2346 796 2394 vix
820 2346 920 2395 conscii
945 2346 1081 2397 interdum
1108 2345 1174 2398 ieci-

85 2421 150 2469 atem
179 2422 319 2479 tmrpomm
345 2430 490 2477 anamuqae
517 2430 613 2478 scalper
649 2432 722 2480 mus,
752 2419 818 2469 dum
842 2420 914 2481 viget
944 2422 1017 2471 aetas
1045 2434 1173 2484 morsque

84 2496 304 2543 rmasceaernoe
322 2491 495 2555 decrescentia]
507 2489 611 2554 Alpium
649 2494 767 2543 immane
798 2496 928 2555 quantum
953 2492 1046 2558 procul
1075 2493 1173 2545 abeam

85 2570 111 2616 et
127 2565 260 2629 Apennini
276 2564 381 2615 nivibus
397 2566 450 2614 cito
465 2564 612 2627 liquefactis
649 2566 769 2618 felicibus
793 2567 925 2617 videtur.»
959 2567 1108 2619 Simonides
1130 2570 1171 2619 Fr.

85 2652 174 2704 primo
185 2652 250 2688 vere
262 2638 443 2689 intumescunt
454 2636 544 2687 ltaliae
561 2638 613 2687 iiu-
649 2642 689 2691 60.
709 2641 892 2692 schenden:
912 2637 1071 2705 Θνηιῶνθ
1092 2636 1173 2728 ὄφρα

86 2714 177 2771 miua;
196 2724 258 2762 mox
273 2709 440 2761 adulterare
453 2711 613 2761 decrescunt
648 2728 692 2776 τις
708 2707 834 2777 oiabog'
818 2730 873 2785 ιχῃ
889 2656 1173 2801 νιολνήραιονῆβης,

85 2790 111 2837 et
133 2800 165 2837 se
187 2787 324 2836 continent
346 2787 413 2836 intra
437 2788 509 2851 ripas
531 2798 611 2845 suas3
650 2784 809 2851 Κοῦφον
794 2804 870 2849 εχων
891 2786 989 2854 θυμὸν
1010 2787 1089 2839 πόλλ’
1107 2783 1174 2840 ἀτέ-

85 2863 175 2924 itaque
188 2865 419 2921 euspraaterarmt,
433 2860 527 2919 idest,
542 2860 611 2910 iuxta
649 2862 737 2913 λιστα
752 2868 822 2913 νοεῖ.
850 2857 923 2914 Οὔτε
939 2858 994 2933 γὰρ
1010 2856 1126 2915 ἕλοιθ’
1111 2878 1172 2923 εχει

88 2936 160 2998 ripas
178 2932 303 2985 labuntur
319 2948 408 2998 neque
427 2947 473 2985 eas
496 2946 612 2995 evagan-
649 2939 813 3007 γηροσέμιν
835 2931 903 2988 οὔτε
924 2938 1087 2989 θανεῖσθαι.
1122 2941 1174 2988 lm-

86 3009 332 3072 tur(oorbeirollml.
352 3009 614 3071 steteramus
647 3012 770 3061 mortalia
788 3025 820 3060 aa
839 3012 934 3073 mbas,
960 3015 991 3061 nt
1007 3012 1089 3063 voluit
1105 3025 1175 3064 non-

85 3090 122 3132 ter
138 3085 227 3145 ripam
246 3082 359 3133 ermtibas
382 3083 509 3133 liornania
545 3081 612 3135 llale
649 3098 743 3144 namo,
778 3084 950 3135 llorutiauum
981 3099 1035 3135 uon
1061 3088 1117 3145 est;
1147 3088 1173 3137 in

85 3157 147 3207 olim
160 3158 325 3207 decrescentia
343 3156 435 3207 avalde
448 3158 611 3207 crescentia»
649 3162 756 3210 Lucano
772 3154 957 3221 similibusque
979 3160 1066 3222 poetis
1082 3161 1174 3223 ulique

86 3236 314 3293 etpraalrreaal«
302 3232 464 3290 &exundant
485 3232 613 3282 inundant
649 3235 722 3285 esset
747 3230 953 3281 terenduma-
925 3232 1084 3295 -almaml
1102 3231 1174 3283 diem

86 3306 143 3356 loca
170 3304 333 3357 adiacentia»
321 3305 610 3393 »interpretabantur
648 3308 739 3367 vocal,
759 3303 832 3369 quod
848 3303 900 3366 sol,
923 3304 969 3365 qui
986 3304 1039 3353 diei
1056 3309 1173 3368 praeest,

116 3382 139 3431 5.
156 3382 181 3429 6.
196 3380 288 3430 Gratia
299 3392 379 3429 cum-
388 3380 511 3443 pemirris-
500 3380 613 3429 ror-ori-
649 3380 738 3431 omnia
760 3377 813 3429 alil.
849 3378 895 3427 Eat
918 3376 1052 3428 ἐπίθετον
1075 3391 1175 3442 perpe-

85 3454 136 3517 bru]
149 3452 234 3503 idest
245 3454 363 3503 «Gratiae
376 3454 565 3516 tergeminae»,
579 3466 611 3503 ex
649 3457 738 3516 tuum,
751 3442 968 3523 ιιιλιρὸνῆμαρ.
987 3452 1058 3515 virg.
1071 3455 1173 3513 Aeu.,b

85 3524 320 3591 opinionavolguri
339 3526 373 3577 ab
395 3526 510 3577 Hesiodo
526 3528 613 3590 proie-
649 3529 697 3579 6l:
716 3530 738 3577 si
754 3540 824 3576 aona
840 3527 905 3576 diem
919 3526 1068 3576 mortalibus
1078 3527 1175 3577 almam

86 3604 139 3660 cla,
153 3600 340 3664 Euphrosyne,
351 3600 448 3663 Aglaie,
459 3600 565 3651 Thalia
559 3637 565 3659 ,
579 3616 611 3651 ex
647 3603 750 3652 Aurora
766 3601 892 3651 meabat.
928 3599 975 3650 tilii
1000 3600 1088 3650 miuus
1113 3603 1175 3665 apte

85 3675 194 3737 auique
207 3673 409 3725 Atheniensium
421 3674 504 3734 duae,
529 3667 611 3737 Αὐξώ
649 3676 746 3737 albam,
765 3675 791 3725 id
810 3676 864 3735 est,
883 3673 1013 3735 «laetum,
1032 3674 1174 3724 inustum.»

86 3746 134 3797 καὶ
147 3741 305 3813 Ἡγεμόνη.
338 3749 451 3798 Pausan.
471 3748 499 3805 il,
518 3748 563 3807 ὃὸ,
585 3749 609 3797 2.
652 3774 678 3787 -
698 3748 775 3812 bora]
802 3750 851 3799 liic
871 3762 925 3799 uon
948 3748 999 3799 den
1015 3747 1176 3798 vicissitudi-

89 3845 116 3855 -
135 3834 195 3870 erm
213 3820 346 3883 Nmnpiis]
374 3824 402 3871 ut
422 3820 470 3870 0d.
491 3822 518 3881 l,
538 3820 567 3881 l,
586 3822 609 3869 6.
650 3826 706 3884 uis,
726 3836 777 3874 nec
795 3824 950 3886 temporum
966 3823 1102 3882 universe,
1125 3820 1175 3871 sed

85 3895 163 3944 liom.
184 3896 281 3957 iiymn.
301 3896 325 3944 in
344 3895 487 3945 veniit:
520 3892 612 3959 (Νύμ-
648 3897 756 3960 proprie
782 3896 865 3945 horae
890 3895 1022 3958 singulae,
1049 3897 1079 3944 ut
1101 3897 1176 3958 patet

85 3969 151 4031 φοι)
176 3968 232 4019 Kal
252 3982 283 4017 ιε
303 3970 363 4032 μετ’
381 3962 542 4031 ἀθανάτοις
558 3985 611 4018 κα-
649 3984 681 4020 ex
699 3984 742 4019 vv.
761 3983 845 4019 οιιιιιιι
861 3972 889 4019 el
904 3970 977 4019 diem
998 3967 1084 4031 (Apud
1095 3968 1176 4017 Athe-

86 4037 136 4090 λὸν
162 4037 254 4111 χορὸν
278 4034 451 4111 ἐρρώσαντο.
474 4070 501 4079 -
528 4043 610 4106 auda]
649 4045 758 4095 nieuses
786 4042 856 4091 duee
886 4042 993 4092 luerunt
1022 4044 1176 4105 temporum

86 4114 336 4178 Od.3,i9,l6sq.
356 4117 610 4179 Pausan.9,3li,6.
648 4118 805 4182 praesides,
840 4111 941 4167 Θαλλώ
970 4116 1021 4165 καὶ
1049 4111 1174 4183 Kaprai,

86 4192 175 4240 narrat
199 4190 362 4254 antiquiores
389 4194 416 4241 et
441 4192 558 4255 pictores
585 4194 612 4241 et
648 4193 761 4243 Pausan.
780 4190 809 4251 s,
823 4190 868 4247 tt,
887 4190 927 4248 2.;
946 4189 1017 4252 apud
1029 4189 1175 4241 Hesiodum
