2934 4884
487 378 547 429 Uli.
564 378 595 428 ll.
630 378 660 427 C.
679 376 732 426 llll.

263 534 328 601 Sed
350 556 402 600 me
424 554 484 620 per
506 534 615 599 hostes
636 532 816 599 llereurius
837 502 925 597 celer

265 656 375 721 Denso
396 664 569 745 paventem
590 652 718 719 sustulit
741 660 832 730 αὐτα

162 890 201 940 ld.
217 891 293 941 torm
306 891 373 941 BST.

101 1104 256 1169 -mieoeerl
273 1102 503 1166 quianimiscerti
517 1100 623 1152 luerent
658 1100 720 1152 ἐπεὶ
744 1098 796 1166 τῆς
822 1102 853 1152 ἐν
874 1094 987 1169 Ἐφέσῳ
1009 1098 1181 1169 συγγνώμης

98 1179 231 1227 uictoriae.
265 1178 305 1226 De
327 1174 401 1225 voltu
423 1176 521 1226 minaei
540 1176 621 1225 etiam
658 1173 811 1239 ἐπύθοντο,
831 1177 922 1227 ἱκέται
938 1174 1106 1249 προσῄεσαν
1120 1178 1179 1229 κτλ.

98 1255 303 1314 prostratorum,
336 1254 367 1300 ut
400 1250 449 1299 luit
479 1248 619 1309 Catilinae,
658 1253 701 1303 sio
722 1258 796 1314 torpe
815 1253 896 1301 sotum
916 1266 996 1303 suum
1017 1252 1104 1303 toeum
1122 1256 1182 1304 tue-

98 1326 165 1375 hoeo
186 1326 270 1389 socipi
292 1326 438 1387 nequeunt.
470 1324 523 1374 Clr.
542 1323 619 1373 adv.
658 1328 714 1376 tur:
729 1330 833 1390 «tarne,
847 1326 1054 1389 ignominiosum
1065 1326 1183 1393 luitsup-

98 1414 154 1463 seq.
188 1401 227 1450 De
243 1401 314 1449 vitiis
330 1400 427 1448 harum
437 1400 553 1462 portium
565 1397 620 1447 rid.
658 1398 772 1465 plicibus
798 1403 832 1451 ita
849 1402 932 1451 vitam
950 1401 1020 1450 dono
1044 1402 1180 1464 accipere3

100 1474 230 1525 Plutarchi
245 1476 319 1523 Brut.
339 1487 362 1523 e.
382 1473 470 1523 md.
658 1487 702 1524 me
726 1477 818 1524 contra
842 1474 902 1537 lugu
921 1476 1013 1538 (prope
1037 1475 1180 1536 honestior)

130 1549 170 1597 ta.
190 1549 272 1610 Prope
287 1546 375 1610 τοίνυν]
393 1549 449 1597 Neo
465 1559 514 1611 pro
531 1544 622 1595 excla—
658 1549 799 1597 servavit..
831 1549 1056 1611 tondiliani,
1081 1548 1110 1609 3,
1136 1548 1179 1597 93:

100 1624 212 1672 motione
229 1636 255 1671 v.
274 1628 348 1684 tropo
366 1623 404 1684 (ut
420 1623 505 1672 estin
521 1622 623 1683 lugien-
660 1623 738 1682 tttpoe
746 1622 1183 1686 amenitsoedutirpuloereturpl

100 1700 138 1745 tes
154 1694 324 1760 epudSil.2,
342 1696 405 1746 232:
423 1692 621 1759 Heudesonnel)
658 1696 791 1759 mihin.)
817 1724 844 1734 -
868 1698 951 1747 Allert
973 1699 1042 1747 inter
1063 1696 1128 1747 alios
1149 1697 1180 1746 ll.
1230 1728 1233 1737 .

100 1782 147 1819 neo
162 1784 213 1833 pm
229 1769 360 1820 adverbio
377 1770 497 1831 turpiter,
521 1771 551 1818 ut
566 1766 622 1817 volt
658 1769 815 1835 Peerlkamp
833 1772 882 1821 hos
899 1770 987 1823 locos:
1007 1770 1116 1824 liertisl.
1134 1770 1181 1829 ld,
1234 1804 1239 1811 -

100 1845 272 1908 Porphyrion,
288 1842 485 1907 haberipotesl.
504 1838 623 1892 lomvol-
658 1844 706 1902 tr,
724 1846 753 1894 δι
772 1846 804 1895 lit
822 1851 906 1909 torpes
923 1848 1074 1907 domumque
1086 1845 1184 1907 suppti-

100 1921 166 1979 garis
176 1920 362 1981 interpretatio
374 1918 441 1967 hoec
453 1920 508 1966 est:
534 1914 622 1967 solum
658 1930 746 1978 respue
760 1920 886 1969 Pictornen
901 1920 955 1969 solo
976 1919 1070 1969 dodae
1085 1932 1182 1983 repam.

101 2006 192 2042 cruore
211 1992 349 2042 foedatum
365 1993 467 2055 tetipere
480 1996 577 2050 mento,
594 1988 623 2038 id
660 1992 732 2041 Curt.
751 1994 780 2053 8,
800 1996 828 2042 tt:
852 1994 1026 2045 Alexandrum
1040 1994 1184 2043 oennmrtt-

101 2069 153 2125 est,
175 2078 241 2116 curn
258 2065 485 2125 interficerentur,
508 2064 623 2114 humum
659 2066 704 2115 bus
718 2068 800 2117 Persis
809 2068 1003 2129 Polpsperehon,
1022 2068 1066 2129 put
1078 2066 1184 2116 αώσὺσι

102 2154 144 2189 ore
176 2139 390 2190 momorderunt.
403 2157 416 2183 ι
462 2139 625 2203 comparant
659 2153 735 2202 super
759 2154 857 2204 repen,
883 2154 962 2190 osten
988 2154 1021 2190 eo
1045 2141 1078 2189 tte
1102 2144 1185 2189 mento

101 2213 169 2263 iliad.
180 2212 212 2273 β,
225 2213 289 2263 tt8:
307 2212 435 2284 Πρηνέες
446 2212 478 2263 ἐν
491 2213 623 2283 κονίῃσιν
658 2216 841 2278 contingentem
861 2216 964 2264 nomnen
980 2228 1029 2277 per
1049 2214 1186 2263 todurssn

101 2282 170 2351 ὀδὰξ
186 2286 327 2349 λαζοίατο
342 2292 437 2353 γαῖαν.
471 2288 543 2349 virg.
556 2288 621 2337 Aen.
659 2290 740 2351 eoepit
750 2291 858 2350 tortori,
873 2295 902 2338 ut
911 2289 1076 2337 oeimentiue
1085 2288 1112 2336 id
1123 2300 1186 2347 puu-

101 2364 143 2421 to,
161 2362 226 2412 349:
246 2365 277 2411 ot
290 2362 332 2411 tile
346 2363 439 2411 Fronte
453 2362 513 2424 serti
528 2366 625 2411 tna-orn
659 2370 722 2416 teret
732 2366 768 2413 nd
778 2368 882 2413 terrm
901 2364 1032 2413 Ammian.
1049 2363 1130 2413 llere.
1144 2362 1183 2411 ld.

105 2444 125 2485 et
140 2450 254 2487 cruorum
269 2437 537 2486 vomitoreoruorem.
556 2435 622 2487 lbid.
661 2454 687 2505 p.
715 2439 779 2488 ⁴39:
809 2438 915 2487 Desilutt
939 2450 1002 2498 equo
1027 2436 1187 2497 mruutnque

103 2513 143 2569 tt.
162 2511 228 2562 tte:
255 2510 390 2559 Inmisit
407 2511 518 2559 morteto
537 2510 625 2560 etltu-
659 2510 1186 2573 nmtrnnnnomootmpoeneoonttn-

101 2598 166 2635 nien
181 2585 258 2634 semet
274 2598 319 2633 ore
332 2584 474 2633 montordd
503 2584 625 2635 Adhuno
661 2601 721 2652 pern
742 2586 875 2647 edutwtt,
899 2590 1037 2647 patronum
1058 2583 1187 2647 oppettonr

101 2657 623 2723 interpretationsmlaoeretetiamsoph.
662 2666 685 2712 et
702 2662 838 2711 dominum.

101 2733 191 2783 tractu.
204 2732 269 2781 est:
288 2730 386 2781 Keteios
400 2728 424 2779 δ’
439 2724 627 2801 ὑπερχλιδῶν-
695 2736 736 2785 43,
765 2734 804 2786 tt.
833 2733 987 2798 Μοναντατ]
1017 2734 1076 2785 «lle
1103 2731 1187 2793 trepi-

102 2822 144 2870 τες
164 2808 199 2857 ἐκ
223 2802 360 2871 γλώσσης
374 2802 468 2870 κακῆς
485 2804 624 2869 (Μίνωα),
662 2808 771 2858 dantem
788 2810 898 2872 propter
910 2806 1027 2868 cladem,
1047 2818 1100 2869 que
1112 2803 1188 2853 undi-

101 2877 186 2933 Airot
200 2872 358 2945 pourton
370 2878 474 2943 πάντες
485 2878 536 2930 eio‘
547 2880 627 2945 οῖκή-
663 2895 716 2946 que
745 2882 941 2931 circumdatum
971 2894 1015 2931 me
1043 2878 1185 2937 videbam,

101 2971 188 3025 τορες.
221 2954 275 3005 sed
292 2960 427 3017 neotmpe
440 2956 627 3018 persesigni·
662 2957 812 3007 Mercurius
840 2957 959 3005 servavit
986 2952 1188 3015 involutumque

102 3030 180 3080 linare
207 3030 298 3093 potest
320 3042 439 3078 «eruore
461 3026 625 3093 poliutum»,
663 3030 747 3079 densa
760 3028 831 3080 nube
842 3030 901 3091 (hoo
911 3029 982 3078 enim
991 3030 1034 3077 est
1042 3030 1112 3087 otte,
1124 3020 1189 3096 ἠέρι

103 3103 539 3168 (summonitiones,
558 3102 626 3167 832.)
663 3099 769 3173 πολλῇ,
794 3104 824 3151 ut
843 3104 914 3164 virg.
933 3104 998 3152 Aen.
1018 3102 1046 3162 t,
1070 3100 1131 3151 ttt:
1158 3100 1190 3150 ,tt

103 3192 150 3230 neo
165 3184 281 3229 medum
296 3178 361 3241 poni
377 3189 426 3240 pro
443 3190 495 3226 ore.
523 3176 626 3227 ldoiroo
666 3179 746 3227 Venus
768 3176 871 3225 οὺτατνσ
894 3175 1035 3237 prodtmtee
1055 3176 1116 3223 ae're
1131 3186 1189 3223 soe-

103 3268 161 3305 cum
188 3252 426 3315 urreisands
453 3251 488 3301 ad
516 3250 626 3302 alterum
661 3250 734 3315 psit.)
746 3262 795 3315 per
806 3248 910 3299 medios
921 3247 1013 3297 hostes
1024 3260 1068 3296 me
1080 3260 1189 3297 sursnrn

102 3329 306 3393 explieationem
312 3326 395 3376 redeo
403 3327 568 3391 propositam
574 3328 627 3377 ium
665 3323 760 3375 tollens
777 3324 876 3386 eripuit
892 3321 1065 3371 discrimini.»
1083 3320 1112 3369 ln
1123 3320 1191 3370 lien

102 3404 134 3453 ab
156 3408 279 3455 Acrone:
304 3403 404 3463 ‹Taepe
425 3402 506 3450 τοίαν
520 3428 535 3438 -
548 3428 563 3439 -
574 3414 628 3465 qno
665 3400 732 3448 curii
749 3400 839 3447 autem
851 3394 932 3445 tutela
950 3396 1013 3444 sunt
1027 3393 1191 3443 Hermateles

102 3480 214 3542 turpiter
254 3477 380 3540 prostruti
420 3478 627 3539 precarentur.»
663 3467 1191 3537 oiri(0d.2,ti,29.)‚potttae.lleraest

102 3552 166 3601 rtam
182 3553 215 3600 ut
231 3552 312 3600 antea
327 3552 390 3614 post
406 3551 492 3600 aciem
514 3549 630 3599 Pharsa-
665 3545 827 3610 φαντασία,
844 3555 933 3605 neque
945 3540 1116 3605 cogitandum
1128 3552 1191 3590 oum

101 3623 179 3675 licam
202 3627 274 3674 teste
298 3625 414 3673 Caesare
436 3625 466 3673 B.
486 3624 516 3674 C.
535 3624 564 3685 3,
586 3624 626 3674 98.
665 3620 752 3673 schol.
780 3619 813 3670 de
846 3618 906 3681 luga
939 3616 1111 3668 clandestina.
1147 3614 1190 3664 Sic

103 3700 259 3763 Pompeiani
273 3700 357 3760 possis
369 3699 465 3760 potoris
477 3698 585 3761 proieoti
595 3698 630 3747 od
665 3694 739 3747 Iliad.
758 3712 785 3761 γ,
804 3693 861 3744 380.
880 3693 971 3743 Venus
983 3690 1105 3741 Paridem
1117 3687 1189 3739 nube

102 3778 198 3822 mun
218 3775 307 3837 iteum
327 3772 360 3823 σὺ
381 3786 410 3822 eo
430 3772 537 3822 saluum
548 3772 630 3833 petie-
665 3772 768 3820 tectum
781 3783 796 3819 e
811 3768 957 3818 certamine
973 3765 1062 3829 eripit,
1081 3762 1153 3813 Iliad.
1167 3776 1190 3821 e,

102 3853 176 3907 runt,
195 3848 236 3897 sic
255 3848 337 3897 etiem
351 3850 415 3910 post
431 3845 629 3910 Philippensem
665 3844 706 3894 23.
725 3843 862 3906 Phegeum
877 3840 1024 3899 Volcanum
1050 3837 1113 3887 ibid.
1133 3834 1190 3885 tii.

101 3920 178 3971 multi
189 3922 301 3970 victoris
312 3919 482 3971 clementiam
494 3918 629 3983 supplices
666 3916 793 3968 Phoebus
813 3921 941 3967 Aeneam.
962 3942 990 3951 -
1008 3910 1080 3974 ceter]
1101 3909 1190 3972 Eurip.

102 3994 290 4057 implorarunt.
320 3996 457 4059 spptaoua
474 3996 503 4044 s.
517 3994 546 4044 C.
559 3996 589 4051 s,
602 3994 627 4041 t:
665 3978 1193 4047 ttetstszzovdxdnovv-Maotooryd

101 4066 251 4137 Περιῖόπι
276 4066 299 4116 d‘
323 4062 459 4135 Ἀντωνίῳ
490 4063 527 4117 τὰ
557 4060 628 4130 ’ἔθνη
664 4080 726 4115 νον.
737 4066 888 4116 Alexander
896 4063 1005 4116 Aetolus
1014 4057 1086 4123 apud
1095 4057 1191 4133 Parthe

102 4139 229 4205 Λεύκιός
252 4157 284 4191 τε
306 4136 324 4190 ὁ
347 4142 481 4193 Κασσίου
502 4136 628 4202 ἀδελφὸς
666 4141 741 4190 nium
760 4140 805 4191 li:
824 4134 938 4199 Ἀνθεύς
951 4132 1067 4205 Ἑρμείῃ
1084 4146 1191 4199 talisve)

102 4217 155 4266 zat
183 4210 252 4266 ὅσοι
278 4210 362 4267 ἄλλοι
395 4213 452 4265 τῶν
484 4212 627 4276 δεδιότων,
667 4213 764 4277 φίλος.
790 4244 816 4251 -
836 4211 977 4275 paventem]
1001 4220 1096 4259 verum
1112 4208 1193 4257 enimi
