2934 4884
509 283 568 332 LlB.
589 284 630 334 lll.
667 285 696 334 C.
716 285 802 336 xxvi.

469 678 888 744 (imnu-

306 847 373 912 vixi
396 845 512 934 puellis
536 869 641 936 nuper
661 849 800 917 idoneus

304 967 342 1032 Et
363 967 493 1035 militavi
517 989 580 1035 non
603 971 674 1037 sine
696 971 814 1058 gloria3

345 1091 548 1156 Nunc'anna
570 1090 823 1182 defunctumque
845 1094 931 1162 bello

388 1210 541 1278 Barbiton
564 1211 617 1279 hic
638 1213 748 1300 paries
770 1213 917 1292 habebit,

304 1370 444 1434 Laevum
467 1369 610 1437 marinae
632 1369 688 1458 qui
710 1372 845 1438 Veneris
866 1371 949 1439 lutus
1039 1330 1050 1368 η’

306 1489 461 1558 Custodit.
506 1491 565 1558 llic
587 1491 640 1558 hic
661 1493 772 1579 ponite
793 1492 900 1560 lucido

346 1608 477 1678 Funelia
500 1622 533 1678 et
555 1622 666 1680 vectes
689 1623 721 1680 et
743 1635 839 1681 arcus

197 1771 284 1822 XXVI.
302 1773 385 1821 lusor.
400 1769 468 1833 vulg.
492 1771 530 1821 Ad
544 1771 673 1832 Venerem,
693 1775 720 1824 et
740 1775 778 1824 sic
790 1773 874 1824 codd.
888 1776 980 1826 nostri.
1007 1775 1055 1839 (Ad
1073 1777 1189 1827 Venmm

165 1845 327 1895 medor-istim
342 1845 473 1895 tetracoloe
490 1847 516 1906 S,
533 1845 572 1894 Ad
591 1847 706 1896 Venerem
723 1849 854 1899 tetracotos
871 1849 910 1912 T.)
929 1878 956 1885 —
970 1851 994 1900 7.
1006 1850 1093 1914 vectes]
1112 1856 1190 1901 vestm

163 1933 240 1984 yup.
260 1920 367 1969 llirchn.
386 1933 412 1984 p.
432 1919 473 1970 36.
494 1947 521 1955 -
540 1925 563 1969 et
579 1921 663 1986 orcus]
681 1926 704 1970 et
720 1935 797 1972 uncos
807 1922 924 1972 molebat
941 1923 1101 1984 dimicatus,
1120 1938 1189 1974 secu·

162 2007 251 2054 resque
261 1993 357 2054 Benti,
376 1994 503 2056 ettamen
519 1994 693 2058 Cuninghum.
720 1995 799 2058 (Libri
816 2008 911 2046 omnes
928 1999 1035 2047 tuentur
1051 2001 1075 2046 et
1091 1998 1188 2060 orem.)

162 2133 249 2182 xxvi.
284 2134 335 2183 Per
359 2133 448 2183 locum
473 2131 601 2184 simulans
627 2147 656 2184 se
727 2135 752 2183 5.
771 2133 795 2182 6.
815 2134 933 2198 Mwum]
950 2135 1039 2198 peries
1051 2131 1140 2184 sacelli
1155 2135 1220 2184 siui-

131 2208 239 2256 iaminm
273 2206 410 2258 amoribus
443 2208 656 2258 renuntiaturum
694 2207 749 2257 stro
757 2206 870 2257 Veneris
878 2206 953 2258 lateri
962 2209 1112 2272 proximus,
1126 2209 1221 2259 dexter

129 2279 215 2343 lyram
233 2293 266 2330 ec
283 2280 384 2344 relique
398 2283 573 2332 instrumente
585 2294 657 2332 eme·
693 2281 740 2342 iis,
767 2282 813 2345 qui
836 2282 893 2332 elus
916 2281 1089 2332 simulacrum
1106 2296 1154 2332 ore
1171 2283 1221 2332 ud—

130 2355 197 2404 toriu
218 2355 316 2404 Veneri
338 2354 460 2416 dedicat,
487 2354 565 2406 simul
591 2369 656 2420 pre·
694 2367 775 2405 verso
801 2355 945 2406 intuentur.
992 2355 1131 2406 Orientalis
1156 2370 1220 2420 ergo

133 2430 221 2488 mtus,
241 2429 272 2478 ul
288 2427 383 2479 chloes
396 2441 516 2480 umorem
528 2428 577 2479 sibi
590 2443 656 2480 con·
693 2441 756 2492 pers
774 2426 939 2492 intelligitur,
957 2429 1075 2479 Etruscis
1087 2431 1115 2478 et
1126 2431 1220 2480 llome-

129 2502 215 2564 cilici,
248 2504 275 2552 in
301 2516 354 2567 quo
380 2505 437 2567 ipso
462 2502 550 2567 lepide
576 2506 655 2556 totius
693 2503 734 2553 nis
759 2504 881 2553 inomni
903 2515 933 2553 re
960 2503 1046 2553 divine
1073 2502 1167 2552 inuste.
1189 2528 1216 2539 —

128 2577 212 2627 oderii
225 2579 338 2628 vertitur
349 2579 486 2648 εῖρωτεία.
506 2579 572 2639 [Quo
585 2581 655 2628 tem·
692 2579 808 2628 mortuae
824 2605 838 2615 -
858 2577 968 2642 Veneris]
995 2580 1024 2626 ut
1047 2577 1094 2627 Od.
1116 2576 1145 2638 l,
1171 2578 1216 2637 ll,

128 2664 193 2716 pore
213 2653 391 2715 compositum
414 2652 464 2712 sil,
491 2666 543 2702 uon
561 2652 653 2716 liquet.
693 2654 744 2713 lit,
763 2653 896 2715 ποντίας,
915 2649 1060 2718 πελαγίας,
1079 2649 1216 2717 λιμετιας.

128 2725 256 2776 lielerunt
267 2724 385 2776 nonnulli
397 2726 431 2775 ud
442 2739 466 2776 u.
480 2725 552 2787 733„
572 2728 655 2777 l'ren-
691 2729 769 2777 Peos.
794 2728 824 2787 2,
851 2725 894 2787 34,
923 2728 962 2777 44.
992 2727 1081 2790 Eurip.
1110 2723 1215 2789 llippol.

127 2799 158 2849 ke
176 2800 213 2850 ad
231 2813 256 2848 u.
275 2799 342 2862 730.)
691 2800 754 2850 lid:
781 2791 805 2848 ὦ
828 2799 968 2852 δέσποινα
991 2801 1094 2850 ποντία
1112 2796 1215 2871 Κύπρι.

159 2875 183 2922 l.
211 2873 237 2922 Ξ.
261 2873 364 2938 puellis]
390 2873 455 2924 illm
481 2875 523 2924 est
551 2873 653 2923 Frenkli
692 2875 745 2925 Cir.
764 2875 812 2926 Od.
838 2877 867 2936 l,
890 2877 919 2938 3,
944 2876 967 2925 4.
991 2905 1018 2912 -
1040 2875 1163 2939 Custodit]
1189 2876 1219 2924 ut
1308 2911 1314 2920 .

127 2948 195 2996 coni.
214 2947 310 2996 omae.
332 2976 359 2983 -
379 2948 493 3012 idoneus]
513 2960 591 2997 rcum
609 2961 654 2998 es·
691 2948 753 2999 elibi
772 2950 864 3000 dicunt
880 2955 961 3013 tepere
978 2951 1052 2999 latur.
1076 2978 1103 2984 —
1122 2947 1216 3012 ponite]

127 3031 185 3070 sem
205 3021 295 3070 oetete
314 3021 415 3084 integre
440 3024 468 3070 et
491 3020 526 3070 od
545 3035 653 3072 umores
691 3037 728 3073 «o
746 3025 861 3087 puerit»
890 3023 1009 3073 Verbum
1026 3023 1165 3087 proprium
1182 3021 1217 3072 de

126 3095 357 3146 accommodate.»
386 3125 413 3132 -
442 3096 561 3160 militaui]
588 3099 653 3147 Fre·
690 3090 888 3161 ἀναθήμασιν.
910 3098 1031 3159 Propert.
1049 3097 1079 3156 Ξ,
1099 3097 1146 3157 49,
1167 3096 1215 3145 te:

126 3183 213 3233 quens
247 3170 273 3219 in
304 3171 442 3221 amoribus
468 3170 652 3221 describendis
693 3171 781 3220 t'encri
793 3171 1046 3232 pmereootuiuoot.
1067 3169 1141 3218 Ovid.
1155 3170 1214 3219 Am.

126 3243 224 3306 imago.
238 3243 413 3304 0d.l‚l‚l6.
428 3245 503 3295 ovid.
517 3245 650 3305 llm.l‚9‚
691 3246 718 3305 t,
739 3244 785 3305 44,
803 3245 852 3293 es:
879 3243 1127 3306 Nonepooictrices
1142 3243 1218 3292 lustro

126 3318 151 3366 l:
170 3317 267 3367 Militat
283 3319 500 3368 omnisamonset
517 3319 588 3368 tobel
605 3331 653 3368 rua
688 3317 808 3367 redituire
824 3315 938 3377 tobellm,
956 3318 1007 3366 Nec
1020 3317 1119 3366 Veneris
1133 3317 1218 3366 medlo

124 3397 212 3442 caetra
230 3391 333 3454 Cupido.
361 3393 391 3442 Α.
405 3395 434 3442 Α.
448 3393 555 3453 istd&
582 3393 653 3444 iliti-
686 3405 782 3455 ponere
797 3392 902 3455 incede
916 3403 1008 3440 morer.

125 3467 548 3528 ttoespeciesomorest:dtscedtte
559 3481 651 3530 sepner.
722 3467 747 3516 7.
778 3465 902 3529 Frmalia]
934 3464 1007 3514 laces
1033 3476 1066 3513 ex
1091 3462 1215 3525 ionibus,

124 3539 242 3590 Achilles
264 3541 353 3591 Totius
370 3554 396 3605 p.
415 3541 456 3592 29.
485 3541 596 3592 lucobs:
625 3543 654 3592 τ4
689 3541 767 3604 pice,
793 3539 898 3600 resine,
926 3552 989 3590 cera
1005 3536 1091 3598 illitis,
1119 3536 1216 3601 quibus

125 3611 153 3664 δὲ
170 3610 266 3676 δειλὸς
283 3611 308 3664 el
326 3612 502 3686 στρατιώτης
519 3609 651 3686 ἀνδρείου
690 3614 835 3664 utebantur
851 3615 878 3664 in
895 3612 1032 3664 nocturnis
1049 3612 1216 3662 comissatio-

124 3685 217 3747 θεοῦ,·
237 3689 367 3752 (Amoris.)
690 3689 787 3748 nibus;
809 3688 894 3738 lucido
909 3691 1012 3749 eutem,
1036 3699 1120 3749 nqueo
1139 3683 1214 3748 olim,

155 3764 180 3814 3.
201 3762 226 3814 4.
245 3763 329 3827 amm]
348 3777 378 3814 ee
391 3765 463 3828 ipsu,
483 3776 552 3828 quae
564 3763 652 3829 paullo
690 3775 754 3813 cum
771 3762 1002 3822 comissabumur,
1031 3760 1118 3811 lucem
1135 3772 1216 3825 prue-

124 3839 186 3900 post
207 3840 355 3887 enumerat.
385 3865 408 3876 -
436 3837 571 3902 Borbtton,
598 3851 652 3902 quo
691 3834 817 3887 hebent.»
841 3837 916 3886 ovid.
937 3835 1055 3896 Α.Α.3,
1073 3835 1139 3884 567:
1165 3833 1217 3884 Nec

124 3923 232 3962 amores
257 3912 407 3973 cecinerat,
435 3912 487 3961 iem
509 3911 652 3974 deplanctum
676 3903 677 3908 ’
689 3913 790 3975 sruupet
798 3908 1135 3973 posternecsoeuislpolbur
1148 3915 1213 3958 wel.

125 3988 164 4035 est
191 3983 268 4044 bello,
300 3998 332 4034 eo
358 3985 410 4036 iem
437 3997 506 4050 opus
530 3998 583 4035 non
609 3987 651 4036 est
690 3986 801 4036 Theocr.
824 3986 855 4045 2,
877 3985 934 4034 rm.
963 3985 1002 4033 De
1024 3982 1216 4033 comissationi-

126 4057 172 4107 aad
196 4057 377 4108 exosculandas
403 4056 533 4122 puellas»,
561 4060 589 4110 ut
614 4060 650 4110 uit
689 4057 740 4110 bus
757 4057 894 4109 nocturnis
915 4055 1024 4107 consule
1042 4055 1136 4107 incolis
1153 4057 1215 4106 Plri-

124 4131 244 4196 Propert.
263 4131 292 4192 3,
311 4132 340 4191 3,
359 4131 399 4182 49.
689 4131 762 4184 lostr.
790 4135 888 4195 lmegg.
916 4143 942 4194 p.
969 4129 1026 4181 204.
1056 4158 1083 4167 -
1121 4132 1215 4192 vectes]
