2934 4884
482 376 542 427 ult.
561 376 603 425 itt.
641 378 672 428 C.
690 377 732 427 vt.

269 535 334 597 lam
358 532 408 597 bis
431 532 599 599 Monaeses
621 542 655 598 et
676 532 790 598 Pacori
812 554 926 599 manus

268 654 337 717 Non
364 652 548 739 auspicatos
572 652 715 719 contudit
737 653 875 739 impetus

312 775 445 839 Nostros
467 784 499 839 et
521 774 681 863 adiecisse
704 772 862 861 praedam

163 990 187 1039 s.
207 990 333 1041 Manassis
344 1003 365 1040 s.
378 989 586 1039 monerisBSTcd
604 992 631 1039 et
648 1002 717 1039 corr.
731 990 765 1049 44,
787 990 851 1039 item
863 990 923 1040 Lct.
939 992 1051 1053 44444400,
1070 1004 1111 1055 pr.
1124 990 1153 1051 44,

131 1064 248 1115 4404440444
267 1063 333 1115 Cod.
347 1064 464 1127 quintus,
482 1063 592 1115 Aldinae
610 1067 638 1114 et
653 1067 723 1115 inter
739 1065 860 1115 Editores
875 1067 934 1116 Sec.
950 1066 1026 1115 xvtt.
1044 1068 1156 1129 liutger-

131 1140 206 1200 sins.)
228 1164 257 1175 -
276 1138 317 1188 46.
335 1138 508 1201 inauspicatos
523 1140 543 1189 B
561 1142 588 1189 et
604 1140 721 1190 Pottierii
739 1138 847 1203 aliquot.
868 1166 896 1177 -·
919 1141 959 1189 44.
977 1141 1076 1190 Nostris
1091 1153 1154 1191 cum

130 1225 183 1263 uno
202 1212 270 1263 Cod.
289 1212 414 1263 Prisciani
431 1226 458 1276 p.
476 1213 533 1263 4494.
553 1216 580 1263 P.
600 1214 717 1278 praeteri
734 1213 883 1273 1400440404,
906 1212 949 1263 vel
966 1212 1017 1277 leg.
1037 1215 1156 1279 suspice-

133 1292 175 1337 tur
200 1288 360 1337 Nostrorum.
393 1314 421 1323 -
458 1286 514 1349 (Vs.
543 1288 570 1336 tt
590 1315 616 1324 -
635 1288 675 1337 43.
702 1289 729 1337 in
757 1289 777 1338 B
807 1287 906 1337 desunt
934 1290 961 1337 et
987 1301 1013 1337 4.
1045 1289 1084 1337 ts.
1115 1291 1157 1339 est

132 1360 261 1423 ultimus.)

101 1557 146 1619 49,
164 1557 243 1609 st-st
251 1558 277 1619 .)‚
291 1570 456 1622 quamquam
467 1556 555 1622 paullo
567 1562 628 1610 ante
666 1561 778 1623 eiusque
790 1560 923 1609 exercitus
937 1559 972 1609 ad
984 1558 1089 1610 ciedem
1101 1560 1191 1612 Crassi

102 1634 158 1681 aius
175 1631 281 1694 legatus
298 1630 437 1682 Ventidius
448 1632 580 1683 Pacorum
592 1634 629 1682 444-
665 1634 795 1697 pertinet,
813 1646 896 1697 quam
913 1635 986 1684 certe
1004 1646 1058 1684 non
1075 1634 1192 1685 04444440·

101 1706 173 1755 sidiis
202 1706 417 1756 circumventum
449 1707 627 1757 interiecerat.
666 1720 712 1757 rus
729 1709 789 1756 erat
804 1706 929 1757 Horatius
945 1707 1191 1771 uixqueaiiiquam

103 1781 157 1843 (Dic
174 1778 192 1829 4.
212 1778 230 1829 Ι.
250 1780 302 1841 444.)
325 1780 416 1843 itaque
433 1782 523 1832 Pacori
539 1794 630 1831 4444444444
666 1784 786 1832 Surenae
802 1781 922 1832 tribuere
939 1784 1052 1846 poterat.
1087 1784 1194 1833 4404400·

102 1854 272 1918 potissimum
289 1853 324 1903 sd
339 1854 440 1905 Decidii
453 1853 558 1905 cladem
570 1868 631 1919 per-
666 1868 703 1906 ses
720 1868 819 1905 nomen
835 1856 907 1921 apud
930 1857 1041 1906 Parthos
1063 1856 1193 1907 soiiemne

103 1931 175 1979 tinet.
213 1930 252 1978 De
274 1928 327 1978 hoc
348 1929 449 1979 Pacoro
466 1932 494 1979 et
510 1932 629 1993 quinque
667 1944 698 1981 ac
724 1929 828 1990 nobile,
855 1933 885 1980 ut
913 1932 1051 1995 Votoque,
1079 1931 1193 1981 tortasse

101 2002 157 2053 aitis
176 2003 339 2053 excuteris
362 2004 431 2053 notis
454 2006 553 2067 optime
578 2005 630 2065 egit
667 2008 694 2055 et
710 2004 818 2055 illustris
833 2004 944 2055 alicuius
963 2004 1075 2055 4044444400
1089 2007 1130 2068 (ex
1141 2007 1195 2057 440-

101 2078 188 2127 itaase
199 2078 226 2127 iu
235 2076 320 2127 Erech
329 2079 356 2126 et
365 2076 470 2127 Gruhar
483 2075 627 2140 Encyciop.
668 2079 823 2143 gistanibus)
834 2079 940 2129 videtur
950 2079 1090 2142 proprium
1102 2080 1192 2131 tuisse.

101 2154 143 2203 ili.
155 2152 201 2202 444.
214 2153 243 2202 in
260 2151 312 2201 hoc
323 2162 349 2200 v.
367 2153 401 2202 at
412 2153 472 2215 quis
482 2154 630 2203 4400044444
669 2155 748 2204 Certe
770 2151 838 2201 atius
856 2155 995 2203 Monaeses
1017 2155 1058 2202 est
1077 2150 1120 2203 ilie
1140 2157 1195 2203 An-

101 2227 341 2278 Commemoratur
364 2226 473 2287 quidem
495 2225 631 2276 04440404-
668 2228 731 2277 404444
753 2228 870 2287 amicus;
897 2240 960 2276 uam
981 2228 1122 2277 Monaeses
1144 2228 1196 2276 su-

102 2302 152 2349 0440
161 2302 261 2350 Anton.
272 2312 296 2348 c.
309 2298 351 2349 ³7:
361 2311 386 2362 p.
401 2300 458 2349 934.
472 2301 502 2349 D.
516 2300 556 2349 Fr.
570 2299 631 2349 440-
668 2314 732 2351 rena
756 2299 844 2364 pauiio
867 2302 929 2364 post
950 2299 1055 2351 eisdem
1073 2301 1195 2351 Crassia-

103 2377 218 2439 ναίσης,
237 2367 313 2443 ἀνὴρ
328 2369 473 2439 ἐπιφανὴς
484 2374 533 2424 καὶ
545 2372 631 2425 onva—
669 2388 730 2425 nam
750 2388 765 2424 a
783 2388 847 2439 rege
873 2375 1029 2425 interiectus
1047 2378 1096 2425 est.
1131 2376 1193 2425 44444.

101 2446 164 2511 τός,
194 2450 243 2511 qui
267 2448 384 2499 Phraatis
407 2450 545 2499 saevitimc
568 2461 632 2500 cum
670 2450 776 2513 (Contra
789 2451 940 2509 Horatium,
959 2450 1036 2501 euius
1046 2450 1196 2500 4404400440-

104 2522 195 2573 multis
212 2520 270 2571 aliis
283 2521 385 2584 fugiens
396 2522 431 2571 ad
443 2524 475 2573 tt.
490 2524 632 2573 Antonium
668 2525 751 2588 pham
772 2537 835 2574 cum
858 2521 1041 2588 Peerlkampio
1061 2536 1122 2575 esse
1145 2535 1195 2574 ne-

103 2610 132 2647 se
150 2594 279 2657 000444444,
303 2596 338 2645 ab
361 2595 404 2646 4440
422 2597 633 2659 magnobonore
670 2602 726 2662 gat,
754 2599 884 2663 disputat,
909 2599 936 2649 id
959 2602 1016 2661 est,
1042 2600 1123 2649 totius
1143 2596 1195 2649 4004

104 2670 225 2731 habitus,
245 2669 294 2720 sed
307 2682 369 2719 mox
380 2670 414 2719 ad
426 2671 557 2721 Phraaten
569 2671 634 2720 invi·
670 2672 839 2723 difficultates
849 2675 957 2737 exponit
965 2676 1045 2736 atque
1054 2676 1197 2737 exaggerat

104 2749 175 2796 tatus
193 2744 282 2795 rediit.
308 2746 366 2808 (Dio
382 2744 427 2805 49,
451 2746 498 2807 43,
522 2744 574 2809 tt.)
601 2748 635 2795 at
670 2748 746 2799 Estre
765 2749 828 2798 Hor.
847 2751 889 2799 Pr.
907 2762 933 2813 p.
953 2748 1021 2812 468.)

105 2834 166 2871 cum
189 2820 225 2871 ab
248 2820 301 2870 hoc
318 2820 442 2870 Monaess
461 2819 523 2869 nihil
541 2823 633 2871 contra
704 2824 744 2872 40.
771 2824 829 2873 Non
845 2824 997 2886 auspicatos]
1020 2822 1093 2874 440444
1110 2822 1195 2873 codd.

105 2897 359 2957 Romanosgestum
370 2895 632 2956 memorethistoria,
672 2898 760 2960 (attam
787 2899 902 2947 Pottierti
928 2895 1058 2960 nonnulii)
1081 2898 1199 2960 444004444-

105 2971 224 3021 044444400
249 2968 396 3033 probabilis
419 2971 461 3019 est
480 2970 569 3032 opinio
586 2982 634 3018 eo-
670 2976 756 3032 catos,
775 2970 809 3020 ab
826 2970 917 3020 iambo
934 2972 1092 3043 incipientes
1107 2970 1195 3021 444044.

106 3058 174 3105 rum,
195 3044 243 3107 qui
260 3046 393 3094 4404ιο44444
407 3044 505 3093 Horatii
517 3043 634 3093 eundem
672 3046 696 3105 4,
715 3045 741 3103 9,
761 3047 784 3093 4.
804 3044 849 3105 34,
869 3045 893 3093 4.
913 3046 953 3093 tt.
974 3044 1014 3106 as,
1033 3044 1074 3094 37.
1093 3044 1134 3106 ³7,
1153 3045 1195 3094 44.

106 3132 167 3170 esse
185 3118 263 3169 aiunt
279 3131 341 3169 cum
353 3120 454 3167 Surena
469 3115 511 3167 iilo
523 3119 636 3181 scripto
671 3120 696 3178 4,
715 3119 740 3178 t,
758 3118 799 3166 44.
819 3117 844 3177 3,
864 3119 888 3178 4,
906 3118 930 3167 4.
960 3119 1048 3167 Nostri
1064 3130 1132 3167 sero
1147 3132 1199 3168 nos

106 3206 181 3253 rum,
202 3193 248 3255 qui
267 3193 393 3243 Crassum
405 3190 516 3249 deisvit;
533 3192 636 3241 4404400-
674 3192 824 3253 004ρίεο404.
851 3190 942 3241 Veiiei.
955 3192 986 3252 4,
1005 3190 1052 3241 464
1071 3192 1199 3243 Crassum

105 3282 148 3319 sen
164 3266 242 3317 iilum
259 3266 361 3317 dictum
379 3280 439 3317 esse
452 3266 558 3316 nomine
570 3278 635 3329 pro-
668 3268 864 3331 prostantem
886 3267 913 3313 444
936 3265 1040 3325 84440444
1062 3264 1125 3314 diris
1141 3279 1199 3314 444444

106 3344 180 3408 prio,
212 3342 338 3392 8400440444
363 3355 395 3391 ex
420 3340 533 3391 Orientis
559 3352 634 3390 more
671 3340 795 3391 matribus
821 3339 915 3389 tribuni
939 3338 1017 3400 piebis
1045 3338 1080 3400 (iu
1104 3338 1197 3401 pn‘mts

107 3430 209 3467 nomen
233 3418 403 3479 magistratus
425 3416 482 3465 sive
504 3414 635 3478 dignitatis
673 3418 702 3466 C.
726 3415 825 3477 Ateius)
849 3415 949 3478 frustra
972 3413 1080 3463 retium
1104 3414 1197 3463 0044044.

106 3492 190 3543 44444440
209 3494 237 3541 et
253 3490 408 3554 designasse
421 3502 497 3552 eum,
517 3490 563 3553 qui
575 3500 637 3553 prn-
673 3490 728 3540 Cic.
741 3489 776 3538 de
793 3490 850 3539 Div.
872 3489 900 3548 4,
920 3488 960 3537 46.
986 3487 1039 3537 tias
1056 3486 1135 3549 igitur
1151 3500 1199 3536 ex-

107 3568 211 3616 timum
237 3578 252 3615 a
279 3578 342 3629 rege
370 3562 459 3615 locum
487 3563 634 3623 obtineret,
672 3564 822 3629 peditiones
843 3560 921 3613 melis
936 3561 1062 3627 auspiciis
1079 3562 1198 3625 inceptas

107 3652 233 3691 summus
257 3640 315 3689 eius
338 3637 440 3703 legatus
464 3640 549 3700 esset,
579 3638 635 3701 regi
672 3639 847 3699 004444444οπ404,
863 3650 973 3700 «magna
984 3649 1047 3687 cum
1055 3638 1144 3700 strage
1153 3648 1200 3686 no-

108 3712 316 3765 nerodiadema
335 3714 499 3777 imponeret,
519 3726 637 3763 summa·
672 3716 790 3764 strorum
813 3713 980 3762 exercituum
1003 3724 1085 3761 vanas
1107 3710 1199 3761 reddi-

108 3802 162 3853 que
178 3788 291 3838 sscreret
304 3789 474 3848 auctoritate,
493 3788 635 3851 potestate,
674 3787 773 3837 darunt
789 3788 903 3837 Parthi·
936 3787 989 3837 Cir.
1008 3785 1056 3835 cd.
1076 3786 1105 3848 4,
1123 3786 1152 3843 3,
1170 3786 1195 3834 8.

108 3862 314 3927 magnificentia.
323 3862 353 3911 V.
362 3861 528 3912 Plutarch.in
539 3862 636 3912 Crasso
673 3864 744 3926 virg.
762 3865 828 3913 Aen.
848 3864 876 3923 4,
897 3862 962 3912 26³:
985 3861 1140 3923 populosque
1160 3859 1199 3922 fe-

109 3952 133 3988 c.
152 3938 195 3987 44.
215 3937 298 3987 Tacit.
315 3940 383 3987 Ana.
402 3937 430 3995 6,
444 3936 485 3987 ta.
503 3936 635 3987 ammian.
671 3950 743 3988 renes
760 3937 904 3988 vastasset.
923 3936 1008 3985 Etiam
1025 3935 1052 3983 in
1063 3946 1145 3998 prosa
1156 3946 1197 3983 or.

108 4012 154 4073 at,
173 4013 200 4062 2.
219 4011 264 4071 30,
283 4011 308 4061 2.
327 4010 543 4071 Zosimus3‚t5:
562 4008 637 4060 Σο0-
674 4008 1201 4074 640.604400.4,4,4;444046(4440044-

109 4083 228 4158 φήνας-
244 4080 366 4157 -ἀρχῆς
391 4084 422 4136 δὲ
445 4080 534 4137 τοῦτο
559 4079 637 4155 παρὰ
674 4084 756 4147 dium)
774 4112 789 4121 -
805 4110 820 4121 -
838 4085 874 4133 tt.
891 4082 1026 4132 4404044404
1041 4083 1198 4133 metuisset.

109 4160 238 4231 Πέρσαις
249 4154 354 4225 ὄνομα.
378 4162 495 4212 Brisson.
508 4160 542 4211 de
554 4172 637 4223 regno
674 4162 776 4211 Atticus
792 4158 865 4222 apud
882 4159 937 4207 Cic,
957 4155 1001 4207 ad.
1018 4157 1070 4207 444.
1090 4157 1133 4218 46,
1153 4158 1198 4215 46,

110 4238 185 4285 Pers.
209 4238 233 4287 4.
255 4250 282 4299 p.
302 4234 359 4287 474.
394 4238 487 4299 ltaque
510 4237 639 4289 Monaeses
674 4234 703 4283 3:
723 4231 1200 4295 inpraesentiubettetstepuerwnta-

201 4326 292 4373 tinais.
310 4340 364 4373 vot.
384 4326 400 4371 i.
432 4340 470 4373 nn.
487 4338 563 4375 4444044
578 4326 614 4374 lii.
1005 4323 1034 4367 ss
