2934 4884
272 364 334 431 644
677 362 805 413 nomm
823 349 952 412 aeones

269 506 453 573 praeferamus
470 516 598 569 expresso
615 504 712 567 poetae
736 502 902 561 testimonio,
933 513 984 550 nec
1010 503 1065 551 tam
1087 502 1193 563 angusti
1219 514 1251 549 ac
1274 499 1359 565 pusilli

270 591 351 642 animi
368 590 415 640 luit
431 590 578 651 Augustus,
599 588 644 651 qui
663 587 783 636 carmina
800 583 919 635 Bibaculi
937 588 963 634 et
980 582 1073 635 Catulli
1085 584 1183 634 relecta
1195 582 1360 634 contumeliis

270 676 416 727 Caesarum
433 674 568 737 sapienter
585 668 718 721 tolerabat
736 670 825 731 (Tacit.
845 671 911 719 dnn.
931 668 960 727 4,
981 668 1043 730 344,
1061 671 1092 719 ut
1107 671 1219 732 propter
1235 669 1283 717 tria
1297 666 1361 717 libe-

270 759 340 809 n'ora
358 758 475 808 carmina
501 758 587 805 lotum
605 754 676 803 hunc
701 752 813 812 librum,
838 755 882 803 sat
898 751 996 802 multas
1013 752 1096 815 ipsius
1111 750 1207 801 laudes
1223 753 1362 801 continen-

269 845 338 903 tem,
357 839 472 891 celatum
490 840 617 902 cuperet,
637 848 700 886 cum
716 834 819 885 idfieri
837 836 947 885 omnino
965 836 1100 899 nequirem
1119 836 1275 899 quicunque
1291 836 1359 885 enim

270 923 390 985 volebat,
418 920 539 987 exempla
563 920 672 985 Epodon
697 932 712 967 a
735 922 815 983 poeta
839 919 897 983 ipso
919 920 1001 981 atque
1018 921 1057 967 tot
1080 918 1138 969 eius
1155 918 1249 968 amicis
1266 930 1359 982 parare

270 1008 320 1060 sibi
339 1006 406 1059 lucili
424 1018 505 1070 opera
523 1005 637 1069 poterat.

741 1152 883 1163 n—-u-

661 1276 897 1341 cm
930 1278 966 1359 ξ-

439 1430 504 1497 lbis
526 1427 675 1496 Liburnis
698 1428 782 1495 inter
803 1427 866 1493 alta
886 1427 1033 1500 navium,

337 1613 355 1662 l.
376 1611 457 1661 lnscr.
476 1607 544 1671 volg.
562 1608 600 1657 lo
616 1608 805 1665 mammetem,
823 1608 852 1655 et
867 1607 908 1656 sic
924 1602 974 1655 nr.
996 1632 1024 1640 -
1043 1605 1101 1654 0m.
1121 1616 1218 1654 omnes
1235 1606 1329 1655 inscri-

303 1684 407 1751 ptiones
420 1686 452 1742 S,
466 1684 530 1733 item
541 1681 569 1740 b,
583 1682 695 1744 excepto
707 1679 800 1743 Epodo
813 1680 852 1729 47.
873 1706 900 1716 -
920 1679 1003 1729 liuius
1015 1678 1140 1730 carminis
1151 1681 1213 1729 octo
1225 1681 1328 1730 tantum

304 1774 346 1809 vv.
366 1758 392 1809 in
410 1760 429 1809 B
446 1756 578 1820 legimtur.

302 1918 322 1967 l.
350 1918 419 1967 Sane
437 1927 499 1964 cum
521 1912 572 1963 boc
589 1924 699 1963 carmen
719 1923 796 1961 com·
832 1904 1075 1981 πράξωσιναῠτῷ,
1089 1903 1231 1973 roias,
1211 1926 1360 1978 οπωςμη-

269 1991 369 2056 posuit,
389 1990 561 2039 constitulum
579 1988 649 2047 erat,
676 1988 705 2037 ut
722 1986 796 2037 lllae-
831 1981 879 2034 δὲν
900 1984 1081 2048 μονωθέντες
1096 1979 1308 2049 νεοχμώσωσι,
1325 1986 1359 2037 τό

270 2078 351 2116 cenas
363 2062 553 2114 Octavianum'
547 2074 573 2111 ιιι
584 2059 685 2111 bellum
697 2058 796 2109 adver·
831 2072 862 2108 τε
871 2060 1025 2125 μέγιστον,
1038 2052 1118 2122 ὅπως
1128 2056 1290 2125 ἑνδειξηται
1300 2066 1360 2123 τοῖς

269 2137 516 2190 snsll.Anton1um
528 2136 709 2193 comitaretur
722 2133 796 2195 qnod
831 2126 1012 2223 ἀνθρώπως,
1039 2126 1086 2185 ὅτι
1104 2135 1155 2185 καὶ
1169 2129 1204 2183 τὸ
1223 2132 1360 2185 πλεῖστον

269 2216 360 2263 tamen
385 2210 525 2262 consilium
549 2212 643 2273 postea
664 2208 796 2258 mutatum
831 2209 882 2258 nol
903 2204 938 2258 ui
960 2206 1115 2279 κράτιστον
1135 2207 1192 2258 τῶν
1209 2203 1359 2273 Ῥωμαίων

270 2299 331 2338 esse
348 2286 584 2348 llaecenatemque
601 2284 701 2333 Itomae
718 2295 797 2331 man·
832 2278 1061 2348 ὁμογνωμονοῦν
1078 2276 1142 2343 ἔχοι
1160 2283 1217 2346 (llio
1234 2284 1278 2343 344,
1297 2287 1325 2334 44
1333 2288 1357 2345 4

270 2362 353 2423 sisse,
382 2362 413 2410 ut
439 2358 549 2410 urbanis
578 2358 689 2421 negotiis
715 2370 797 2421 prae·
832 2359 914 2408 etiem
931 2359 1071 2409 Maecenas
1089 2358 1147 2421 (per
1163 2356 1272 2422 aliquod
1289 2363 1360 2411 tem-

270 2437 395 2487 essetne
418 2434 562 2484 seditiones
580 2432 692 2482 sortasse
710 2433 796 2481 oritu-
832 2432 896 2495 pus)
924 2444 959 2481 eo
986 2444 1016 2481 se
1045 2431 1187 2483 contulisse
1216 2434 1357 2484 videtur.-

268 2522 314 2561 ras
326 2512 429 2559 mature
442 2507 619 2573 opprimeret,
639 2506 681 2555 sat
692 2502 795 2554 idoneis
832 2506 940 2555 From.
948 2505 980 2568 (a.
989 2519 1015 2554 u.
1024 2506 1119 2565 0323..
1130 2520 1358 2572 quoannnpugna

269 2583 432 2647 argumentis
450 2580 644 2632 demonstravit
657 2580 795 2630 massonus
831 2581 936 2631 Actiaca
954 2583 1069 2643 pugnata
1087 2584 1130 2631 est
1144 2582 1186 2630 lv.
1200 2582 1269 2631 Non.
1282 2585 1355 2647 Sept.

268 2659 295 2709 in
320 2656 379 2706 Vita
404 2656 465 2706 llor.
489 2668 549 2719 pag.
569 2652 625 2705 443.
656 2652 796 2717 (Tempore
831 2653 890 2703 Vrd.
909 2652 964 2703 Kal.
982 2654 1061 2703 Amlt.
1082 2654 1166 2705 Inscr.
1184 2668 1221 2705 m.
1243 2656 1272 2705 L.
1286 2658 1319 2706 ll.
1331 2670 1357 2720 p.

268 2728 331 2781 belli
347 2730 446 2779 Actiaci
463 2730 562 2780 Romae
575 2729 603 2776 et
618 2722 706 2777 ltaliae
719 2739 797 2790 prae-
830 2728 888 2779 333.
910 2727 962 2777 Cir.
976 2727 1111 2777 Frnndsen
1120 2730 1254 2779 llaeceuos
1264 2742 1292 2794 p.
1306 2730 1357 2793 37.)

269 2805 372 2869 positus
400 2802 507 2853 absentis
535 2800 652 2863 portibus
679 2800 796 2850 Caesaris
865 2802 920 2853 4-.4
939 2802 995 2866 liis]
1013 2803 1078 2851 Tota
1093 2803 1254 2867 propositio,
1278 2806 1310 2854 ut
1330 2807 1358 2853 cl

269 2877 374 2927 iunctus
387 2880 440 2935 est
464 2877 494 2925 ut
513 2875 550 2924 alt
560 2876 661 2923 Seneca
673 2874 721 2937 Ep
736 2872 793 2933 444,
830 2889 856 2925 v.
875 2876 916 2925 44.
934 2876 1103 2925 Fer-eumen
1087 2882 1221 2938 -pectere
1244 2891 1299 2928 non
1316 2880 1357 2927 est

268 2950 293 2999 6.
313 2952 341 2999 et
365 2950 414 2999 Dio
440 2950 487 3010 bl,
515 2948 544 2998 3;
574 2942 745 3013 Μαικήνοιι,
771 2938 794 3014 ᾧ
830 2950 1000 3012 interrogatio
1022 2950 1086 3012 (ut
1078 2964 1105 2999 ιιι
1117 2950 1183 3001 Edd
1204 2949 1356 3015 nonnullis),

267 3024 318 3073 καὶ
334 3013 436 3073 τότἐ“’
416 3040 436 3089 η
453 3036 484 3072 τε
497 3016 591 3087 Ῥώμη
608 3022 658 3072 καὶ
675 3016 794 3087 ἡλοιιιὴ
830 3022 880 3073 sod
896 3022 1047 3073 affirmatio.
1077 3024 1221 3075 «Caesaris
1243 3025 1357 3075 navibus

265 3092 369 3148 'realta
386 3097 606 3167 προσετέτακτο.
633 3097 732 3159 Exigua
745 3109 796 3145 au·
830 3096 953 3148 Liburnis
979 3097 1036 3161 (Od.
1060 3098 1089 3157 4,
1116 3098 1161 3158 37,
1184 3098 1257 3161 30.,)
1287 3112 1357 3162 quae

268 3174 324 3223 tem
341 3173 388 3222 aul
405 3170 475 3221 nulla
492 3172 556 3221 est·
550 3185 576 3221 m
593 3171 644 3221 hac
661 3183 691 3220 re
703 3172 795 3220 aucto-
830 3170 987 3221 celerrimae
999 3171 1117 3235 quidem,
1136 3172 1185 3223 sed
1202 3173 1358 3223 triremibus

266 3248 331 3299 ritas
348 3246 488 3310 scriptoris
509 3244 580 3308 Eleg.
599 3246 627 3295 in
645 3242 688 3294 oh.
708 3245 792 3296 Maec.
830 3244 914 3295 multo
936 3244 1090 3295 humiliores
1113 3248 1187 3306 sunt,
1214 3245 1265 3297 ibis
1290 3249 1358 3297 inter

266 3320 312 3371 lt:
332 3320 394 3371 tien
408 3320 475 3382 [νοω
485 3318 601 3369 Niliacae
612 3322 729 3368 lecenmt
740 3318 795 3367 loto
829 3320 951 3381 ingentes
963 3318 1020 3369 illas
1031 3320 1153 3371 triremes
1165 3322 1281 3379 Antonii,
1295 3334 1358 3372 cum

266 3394 387 3456 emissos,
400 3394 483 3444 Fortis
494 3398 550 3442 erat
563 3394 673 3454 circuere,
687 3392 795 3455 sortisti
829 3392 881 3442 boc
906 3392 1131 3458 depugnaturus.»
1166 3394 1261 3454 (llinus
1283 3399 1358 3445 recte

266 3474 325 3519 orb
340 3468 435 3517 duem.
471 3468 538 3517 Nam
556 3464 633 3517 lacila
650 3464 695 3516 tali
713 3478 794 3529 exag-
829 3480 916 3531 nuper
926 3465 1153 3530 quidamolton
1159 3469 1359 3531 prepuguoeulc

266 3540 402 3605 geratione
421 3540 459 3589 nti
475 3541 593 3603 poterat,
617 3540 662 3601 qui
675 3537 721 3588 diu
733 3542 795 3603 post
829 3540 864 3593 de
882 3542 1005 3592 Caesaris
1022 3538 1108 3590 classe
1123 3552 1218 3591 rursus
1235 3554 1301 3593 cum
1312 3556 1359 3593 au·

266 3615 426 3668 Maecenatis
439 3613 541 3665 obitum
563 3614 595 3676 (a.
612 3626 638 3662 u.
650 3611 716 3675 746.)
730 3615 795 3664 scri-
829 3614 988 3680 tiquloribus
998 3614 1099 3678 aliquot
1109 3615 1303 3679 interpreb'bus
1313 3630 1358 3667 ex·

264 3690 328 3753 psit.
342 3686 795 3751 MaecenatemLiburnispraeiuis-
829 3689 937 3753 posuit.)
959 3688 1112 3739 -Actiaco
1134 3687 1236 3752 proelio
1259 3690 1356 3740 Libur-

265 3776 295 3814 ee
312 3766 339 3813 et
350 3762 488 3814 Horatium
500 3759 543 3811 illo
559 3762 654 3823 agente
667 3760 701 3811 ab
714 3760 794 3811 Octa·
829 3776 925 3813 numm
942 3760 1038 3812 auxilio
1055 3763 1199 3826 praecipue
1213 3764 1304 3815 victus
1315 3769 1356 3815 est

265 3838 343 3888 viano
368 3836 515 3887 obtinuisse
545 3832 651 3883 militiae
674 3836 794 3885 vacatio-
828 3837 966 3887 Antonius.
985 3836 1077 3899 Veget
1097 3835 1131 3887 de
1152 3837 1189 3887 lle
1206 3836 1262 3886 mil.
1282 3839 1311 3898 b,
1329 3837 1353 3888 3

265 3906 624 3961 nemitemScholiestarum
641 3910 703 3958 sunt
717 3920 792 3958 mera
829 3910 943 3974 Edliip.
957 3909 1353 3975 propuffltocuto1Planll..N

264 3984 377 4034 somnia.
414 3984 498 4035 «Cum
516 3982 616 4033 Caesar
643 3984 680 4033 et
692 3981 791 4033 milites
828 3984 912 4045 abl:
930 3983 1295 4047 Amctoeclossesimpouuut
1309 3986 1355 4035 sibi

264 4070 359 4108 omnes
375 4060 403 4108 et
419 4070 485 4108 vero
505 4056 586 4107 etlam
606 4058 746 4107 senatores
763 4058 791 4106 et
828 4057 939 4107 turrim
959 4059 1167 4122 propugnaculo,
1193 4063 1223 4108 et
1242 4060 1271 4107 in
1286 4060 1354 4108 mori

263 4132 382 4194 constris
393 4132 525 4196 dignitatis
536 4133 607 4182 viros
618 4131 789 4183 Brundisium
827 4145 925 4195 quaem
937 4138 1065 4197 popam
1078 4132 1354 4184 consenuere

264 4208 413 4266 evocasset,
425 4200 494 4268 τοὺς
504 4206 571 4271 μέν,
582 4198 661 4268 ὅπως
672 4220 699 4257 τι
711 4220 788 4270 ocu·
826 4203 924 4269 λίνονς
940 4203 1067 4278 πύργους
1082 4206 1188 4257 Antonii
1204 4218 1289 4257 naves
1304 4207 1352 4257 ha·
