2934 4884
538 374 595 424 tis.
614 374 634 424 l.
669 375 698 423 C.
717 373 782 424 xxi.

466 781 844 844 cmm

368 913 503 977 Dianam
525 922 655 979 tenerae
677 910 773 978 dicite
795 910 944 998 virginee,

287 1035 464 1109 intonsum,
487 1033 594 1121 pueri.
618 1031 713 1101 dicite
737 1031 908 1122 Cynthium

178 1233 245 1283 XXI.
280 1234 365 1282 inser.
383 1230 450 1294 vole.
486 1232 515 1280 la
531 1231 643 1280 Dianam
658 1234 682 1279 et
697 1229 841 1292 Apollinem.
865 1256 891 1266 -
909 1229 947 1279 Ad
962 1231 1065 1280 cilonem
1080 1233 1161 1296 cirpi-

143 1309 242 1358 ms.
255 1305 1120 1370 -toudesadcbonsnotrpimeaodpumsmlimmoacpuaroruml
1132 1309 1160 1357 T.

144 1485 211 1534 lixi.
247 1484 410 1534 Exhortatur
433 1495 579 1546 puerorum
606 1494 638 1532 ac
675 1493 738 1531 cum
756 1481 905 1531 Commeat.
925 1483 1005 1546 Cruq.
1025 1485 1069 1546 qui
1094 1487 1196 1536 temere

112 1561 247 1621 saginum
270 1559 383 1609 eborum
407 1558 441 1607 ad
463 1557 638 1607 celebrandos
675 1555 737 1606 binc
760 1557 786 1606 in
809 1556 911 1607 Scholia
935 1557 969 1608 ad
986 1559 1101 1610 Carmen
1117 1572 1197 1610 secu-

113 1636 219 1697 riteque
255 1632 401 1697 placandos
432 1630 579 1696 Apollinem
613 1633 640 1680 et
675 1629 730 1680 lare
748 1630 931 1682 videturesse
953 1632 1130 1684 translatum»
1150 1649 1197 1686 ce-

112 1709 235 1758 liianam.
272 1709 312 1757 De
337 1706 523 1770 simplicissimi
548 1709 640 1757 autem
675 1707 733 1754 tera
751 1704 811 1755 vide
829 1705 899 1768 apud
917 1707 1012 1770 ipsum.
1047 1709 1113 1760 Huic
1131 1711 1197 1760 acri-

111 1782 191 1832 buius
209 1783 339 1831 carminis
356 1783 527 1844 argumento,
553 1781 638 1832 torma
675 1783 717 1829 ter
742 1779 882 1832 oblocutus
907 1785 949 1832 εει
969 1783 1080 1834 Liiblrer.
1115 1784 1197 1848 Equi-

111 1869 142 1906 ac
161 1860 291 1919 tempore
313 1855 510 1906 diversissimae
535 1857 640 1905 exstant
675 1855 752 1914 dem,
775 1858 866 1918 utpote
887 1857 913 1906 iu
930 1869 960 1906 ra
980 1870 1090 1920 prorsus
1107 1861 1197 1908 iocer-

111 1932 294 1993 iuterpretum
305 1931 460 1979 sententiae.
479 1929 638 1980 Iamdudum
676 1931 716 1988 ta,
736 1928 847 1978 delinire
860 1929 921 1979 nibil
933 1933 1031 1990 ausim3
1050 1932 1101 1982 hoc
1113 1945 1196 1984 uuum

111 2003 241 2069 explosae
259 2006 323 2054 sunt
332 2005 471 2068 opiniones
482 2004 640 2054 Scholiasta·
675 2003 791 2060 addam,
815 2004 841 2053 iu
859 2017 958 2067 pompa
974 2003 1099 2056 ludorum
1116 2007 1196 2057 solle-

112 2093 185 2138 rum,
215 2091 281 2128 esse
307 2081 444 2141 tamquam
470 2080 638 2143 prooemium
675 2075 790 2127 mulsei
811 2077 838 2126 in
856 2076 1047 2140 supplicatione
1069 2081 1196 2130 decanta-

112 2155 245 2204 Carminis
268 2153 407 2212 secularis,
431 2157 460 2203 et
479 2153 636 2215 Dubamelii,
675 2155 733 2201 tum
757 2163 818 2200 esse
840 2150 980 2214 probabile
1001 2155 1065 2204 mihi
1085 2167 1137 2204 non
1155 2157 1196 2204 vi-

112 2231 157 2292 qui
174 2230 203 2278 in
221 2241 258 2278 eo
268 2229 335 2278 vidit
345 2241 454 2279 carmen
464 2221 637 2292 deusdedus,-
675 2225 747 2282 deri;
766 2237 829 2274 uam
846 2227 868 2274 si
885 2227 957 2276 hune
974 2227 1009 2276 ad
1026 2229 1107 2279 finem
1124 2243 1196 2280 com·
1220 2255 1226 2276 .

111 2303 230 2353 absurda
258 2305 330 2353 euim
356 2307 429 2353 esset
453 2305 502 2354 ista
528 2306 638 2354 motan-
675 2299 794 2363 positum
815 2301 900 2358 esset,
922 2302 1083 2351 concinuisset
1101 2304 1197 2354 mamre

112 2380 179 2428 tium
195 2377 324 2428 allocutio
348 2378 383 2428 ed
399 2382 486 2429 semet
501 2380 574 2444 ipsos
594 2381 639 2428 Vos
673 2376 750 2436 putta
763 2373 858 2434 plectro
879 2373 1050 2426 accusarem
1070 2379 1097 2426 et
1118 2377 1194 2436 deos,

110 2481 125 2492 .
140 2481 155 2490 .
174 2455 231 2502 Vos,
255 2454 349 2515 Neque
365 2467 430 2502 vero
441 2455 563 2504 assentiri
574 2467 639 2517 pos·
675 2461 743 2512 quos
768 2448 812 2512 ple
837 2451 989 2498 veneratur.
1012 2451 1123 2502 Videtur
1144 2465 1196 2516 po·

111 2541 206 2578 sumus
233 2527 355 2578 Bentleio
382 2530 409 2578 iu
437 2528 548 2578 Praeiat.
576 2541 635 2592 pag.
675 2527 726 2574 tius
761 2521 890 2574 {scultetis
922 2526 1043 2588 poeticae
1080 2525 1195 2580 liberum

110 2603 228 2666 penult:
249 2603 327 2652 «lioc
344 2617 453 2654 carmen
469 2606 515 2652 aut
530 2604 638 2653 adDia-
675 2599 844 2660 exercitium,
871 2600 914 2650 eui
937 2613 1000 2650 sane
1026 2605 1196 2654 occasionem

111 2691 161 2727 nae
182 2680 232 2727 aut
253 2677 289 2726 ad
304 2676 432 2741 Apollinis
453 2677 549 2728 testum
574 2691 639 2740 spe·
675 2674 782 2724 dedisse
816 2675 922 2724 videtur
958 2677 1196 2730 extraordinarium

112 2755 174 2810 ctat,
192 2763 313 2814 quorum
329 2750 393 2801 illud
407 2751 473 2801 ibid.
492 2755 568 2814 Aue,
586 2753 638 2801 hoc
674 2747 783 2811 aliquod
799 2747 940 2810 sollemne,
962 2750 1035 2800 velut
1055 2750 1117 2801 illud
1134 2753 1195 2804 anui

114 2827 199 2890 pridie
218 2824 638 2889 Non.1uiiasusqueadv,1dus
675 2824 731 2872 726.
768 2825 873 2874 Minime
891 2827 982 2876 autem
998 2825 1113 2888 probare
1130 2840 1195 2892 pos-

82 2893 89 2906 ‘
113 2899 222 2963 singulis
240 2901 319 2949 aunis
337 2899 549 2952 celebrabatur.»
575 2902 639 2951 Ete-
674 2910 735 2948 sum
760 2898 874 2948 Liibkeri
899 2901 1064 2962 opinionem,
1089 2902 1197 2951 inchoa·

113 2976 167 3024 nim
194 2978 283 3024 totum
305 2977 430 3026 carminis
452 2978 638 3038 argumentum
675 2975 732 3022 tum
755 2974 857 3022 mutum
882 2975 962 3036 atque
985 2986 1110 3024 mancum
1134 2987 1195 3026 esse

115 3049 574 3112 miritioerespoudetantiquissimo
585 3047 639 3099 eui-
675 3059 799 3104 carmem
818 3045 934 3096 clausula
948 3049 1028 3109 enim,
1047 3048 1132 3111 qualis
1144 3053 1193 3109 est,

116 3125 151 3172 toi
169 3126 306 3181 Romano,
328 3137 361 3172 ex
378 3137 432 3187 quo
448 3137 472 3172 a.
491 3138 518 3174 u.
537 3138 560 3173 e.
579 3124 636 3172 355.
674 3133 805 3185 perquam
817 3123 877 3186 apte
889 3120 1113 3186 simplicissimum
1124 3124 1195 3174 huuc

115 3197 263 3247 metato
280 3201 340 3246 aare
351 3198 465 3259 prinmm
479 3199 507 3248 in
521 3198 582 3248 raba
591 3199 639 3248 ito-
675 3197 806 3258 hymnum
823 3195 880 3244 linit
895 3197 975 3259 atque
993 3197 1114 3259 quadrat.

114 3287 190 3322 mono
214 3273 285 3335 (acto
310 3271 341 3320 X.
370 3273 422 3322 Vas·
438 3273 496 3321 Sao.
516 3274 575 3322 Fac.
590 3286 639 3334 per
708 3270 731 3319 4,
750 3268 869 3331 Dianam]
889 3272 934 3318 «ut
950 3269 1022 3333 apud
1040 3271 1110 3332 Virg.
1128 3271 1193 3321 Aen.

109 3349 163 3399 ‚dies
181 3347 246 3396 t'ttl.
269 3346 407 3407 Apollinem
428 3348 598 3408 Lotottompee
616 3352 640 3397 et
677 3346 700 3405 4,
718 3343 780 3394 tas:
798 3343 1003 3392 ExercetDiatm
1019 3343 1115 3404 cboroa,
1133 3345 1197 3393 Dior

116 3421 554 3482 biman,iierculem,l{ercurims
563 3427 639 3484 atqie
674 3432 722 3468 soe
749 3415 850 3480 syllaba
875 3416 961 3478 prima
985 3416 1116 3481 producta
1145 3421 1194 3478 est,

115 3498 258 3558 deplanans
283 3497 370 3544 stratis
401 3496 468 3544 lectis
495 3497 636 3557 placavere.
675 3505 738 3542 cum
755 3492 852 3554 corripi
869 3488 996 3540 debeat.»
1031 3491 1150 3541 Diomed.
1169 3493 1193 3542 ι,

115 3572 166 3621 Liv.
185 3573 211 3627 5.
232 3569 273 3618 43.
308 3569 412 3619 Nostris
429 3571 519 3619 autem
536 3574 639 3633 tempo-
675 3581 701 3631 p.
731 3565 787 3616 i36.
814 3567 842 3615 P.
878 3565 950 3614 Haec
977 3564 1081 3615 licentia
1107 3564 1196 3617 locum

115 3645 188 3694 ribus
205 3644 278 3693 duae
290 3644 460 3706 potissimum
472 3644 639 3696 invaluerunt
675 3640 759 3692 babet
774 3641 801 3690 in
817 3639 970 3690 nominibus
987 3641 1110 3703 propriis.
1141 3641 1193 3692 Cir.

116 3719 287 3776 sententiae,
325 3715 407 3766 altera
441 3718 579 3768 liirebneri
612 3724 640 3770 et
674 3716 796 3767 lahnium
817 3714 851 3763 ad
869 3714 916 3764 od.
936 3713 961 3776 3,
980 3713 1004 3776 4,
1023 3713 1046 3764 4.
1068 3742 1096 3750 -
1115 3716 1195 3779 dictu]

115 3791 322 3850 Walekenaerib
349 3792 444 3842 reterri
469 3805 578 3844 carmen
603 3793 638 3844 ad
676 3793 718 3840 sic
739 3801 819 3852 saepe
842 3789 939 3848 Latini,
964 3787 1009 3838 ubi
1032 3791 1195 3840 recentiores

116 3866 280 3917 calamitates
296 3879 358 3916 ann.
378 3866 422 3916 734
437 3867 542 3926 etl32.‚
561 3869 639 3920 Fran-
674 3864 779 3927 linguae
802 3863 942 3926 requirunt
962 3877 1069 3926 cosma,
1095 3865 1196 3926 proedi-

115 3942 147 3990 ιιι
163 3940 259 4000 altera,
278 3941 376 4003 quiite
396 3940 514 4005 disputat
529 3954 555 4004 p.
576 3942 636 3992 tid:
674 3951 746 3999 core,
769 3937 883 3987 buddas
899 3938 1023 3989 εειοιιονε.

116 4015 191 4065 «bilai
216 4016 455 4078 persuasissimum
476 4021 518 4066 est
538 4015 638 4066 decan-
707 4013 732 4063 ι.
744 4006 1097 4083 Ιηιεπεωηωκερσεκόμην.
1111 4011 1193 4076 Epod.

116 4091 198 4138 ubam
215 4101 280 4138 esse
300 4089 328 4138 in
349 4091 436 4153 prima
458 4089 637 4141 celebratione
676 4089 715 4150 lii,
742 4089 765 4138 9.
793 4085 885 4138 Tibull.
911 4088 934 4148 4,
955 4087 980 4148 i,
998 4087 1041 4138 37:
1066 4086 1130 4136 Setis
1154 4099 1197 4137 ue·

116 4161 240 4213 ludorum
260 4165 431 4214 Actiaeorum
453 4165 638 4227 quinquenne·
675 4167 749 4213 terno
764 4167 799 4212 cst
814 4161 907 4213 Phoebo
925 4162 1070 4224 Bacchoque
1078 4161 1193 4211 tmmta:

117 4235 179 4286 lium
195 4250 220 4285 a.
239 4251 266 4286 u.
286 4250 310 4288 c.
327 4238 384 4288 726.
404 4251 490 4301 eoque
507 4239 587 4288 trahit
597 4236 638 4288 lo-
674 4239 742 4286 Nam
758 4239 824 4288 decet
840 4239 950 4288 latonae
971 4235 1048 4285 crinis
1062 4240 1196 4296 utrumque
