2934 4884
474 393 575 443 aloen.
612 394 708 443 canu.
730 395 762 445 il.
1113 390 1169 456 651

256 550 368 634 Neque
392 548 549 614 excitatur
571 547 706 615 classico
729 548 822 615 miles
845 550 944 621 truci.
1154 552 1174 611 5

296 670 409 755 Neque
432 668 542 735 horret
564 670 678 735 iratum
700 689 810 745 mare,

253 792 437 877 Forumque
459 790 536 855 vitat
558 799 589 856 et
611 788 754 877 superba
777 791 895 857 civium

298 911 517 977 Potentiorum
539 909 656 976 limina.

253 1032 337 1118 Ergo
360 1041 415 1096 aut
436 1029 544 1097 adulte
566 1031 677 1097 vitium
700 1033 879 1119 propagine

295 1151 381 1217 Altus
404 1152 530 1218 maritat
552 1150 706 1239 populos,

253 1272 368 1337 Aulin
391 1272 526 1339 reducta
549 1272 632 1338 valle
656 1273 867 1361 mugientium

145 1472 170 1519 5.
190 1470 241 1519 Nec
258 1473 276 1518 4.
299 1496 325 1505 -
345 1469 368 1518 6.
387 1470 438 1519 Neo
455 1468 532 1529 bcd‚t
550 1472 577 1519 et
594 1468 738 1520 Bentleius,
756 1496 782 1506 -
802 1470 826 1518 9.
846 1471 987 1521 4444444444.
1003 1473 1142 1535 propopini

116 1544 210 1593 Bothe.
239 1568 268 1579 -
298 1542 346 1593 vv.
366 1542 412 1603 40,
433 1542 480 1599 ro,
501 1542 539 1593 tl.
571 1544 614 1604 44,
635 1544 680 1603 44,
700 1544 731 1593 re
754 1546 804 1593 444.
845 1546 875 1593 G.
895 1543 1138 1603 Fabriciusttllt.‚

115 1618 145 1667 ll.
167 1616 317 1682 Stephanus
336 1616 425 1677 rein,
445 1615 509 1667 Cod.
537 1615 629 1669 Alteri.
649 1618 688 1682 (4),
706 1617 902 1680 illectionum,
928 1622 1052 1685 44444443,
1088 1620 1141 1671 Sed

113 1690 244 1741 librorum
262 1690 384 1742 ordinem
401 1692 516 1742 restituit
533 1690 621 1755 444344.

85 1880 141 1917 cere
160 1868 241 1917 44444444
257 1866 301 1917 aab
319 1880 426 1917 contere.
449 1892 477 1903 -
500 1866 609 1932 Solutus]
646 1866 725 1932 pulos
751 1870 826 1933 444344
857 1873 946 1921 miuus
975 1872 1060 1922 densa
1093 1870 1172 1932 tolio,

82 1940 609 2007 «quiaequedatnequeaccipltienori.»
645 1940 748 2007 palmiti
773 1941 894 2007 pluribus
928 1943 1052 1994 indurato
1077 1946 1171 2005 annis,

114 2016 189 2067 5-8.
211 2015 304 2080 Neque]
325 2017 431 2078 «Neque
449 2014 543 2065 militat
559 2027 610 2065 nee
647 2029 729 2079 quem
747 2018 883 2067 draconem
898 2018 1044 2078 vocabant,
1063 2020 1173 2068 marita-

85 2091 268 2139 mercatumm
280 2092 388 2139 exercet
404 2102 455 2141 nec
473 2092 610 2154 tamquam
647 2089 736 2140 batur.
756 2089 820 2140 Plin.
834 2092 864 2140 ll.
878 2092 908 2141 N.
924 2092 968 2150 47,
981 2090 1028 2151 43,
1041 2090 1082 2140 au.
1106 2093 1173 2141 ιΡο-

81 2164 199 2227 44444444,
218 2175 295 2223 reus,
314 2162 474 2224 advocatus,
497 2176 610 2213 accusa-
646 2164 726 2229 pulus
741 2165 795 2214 4444
809 2165 910 2229 pariter
928 2164 1024 2215 dieitur
1039 2178 1055 2214 4
1070 2163 1173 2215 Tibullo

80 2240 123 2287 tor
135 2236 250 2287 lorensis
261 2235 342 2286 habet
353 2236 471 2299 44434444,
485 2250 535 2287 nec
548 2249 610 2286 eum
648 2240 658 2287 4
672 2276 677 2299 ,
690 2238 719 2301 i,
734 2237 790 2299 34,
808 2239 875 2289 44444
885 2252 901 2288 4
913 2238 1034 2288 Phaedro
1045 2238 1070 2298 3,
1081 2238 1122 2298 47,
1135 2238 1170 2298 i..

82 2310 180 2361 nullius
198 2312 233 2361 sit
249 2308 343 2371 cliens,
371 2322 449 2360 mane
466 2312 609 2374 patronum
642 2313 822 2375 procerissima
831 2314 885 2363 Cic.
897 2312 1016 2375 deLegg.
1027 2313 1171 2372 coslai.

83 2384 234 2449 superbum
246 2384 485 2435 salutareuecesse
500 2383 608 2435 habet.»
648 2385 793 2437 Columella
811 2388 840 2447 44,
859 2387 887 2446 o,
904 2386 937 2437 i:
964 2388 1040 2437 Vitem
1057 2386 1173 2436 4444444444

83 2484 112 2496 -
126 2458 263 2521 adiutor]
283 2472 313 2508 «4
328 2470 424 2509 somno
436 2458 470 2507 ed
481 2471 608 2523 pugnam,
643 2460 753 2522 populos
767 2462 867 2510 44444444
882 2461 964 2522 alere,
982 2462 1070 2510 44444444
1079 2462 1170 2510 mmai,

80 2534 164 2583 tubae
202 2532 307 2582 terribili
339 2534 446 2582 sonitum
483 2532 609 2595 (Ennius.)
682 2536 707 2583 44
724 2534 792 2584 -44,
817 2536 879 2585 Post
899 2534 1048 2584 Fabricium
1068 2537 1096 2583 44
1112 2536 1174 2583 Ste-

80 2605 177 2657 Tibull.
198 2608 225 2667 4,
245 2608 273 2667 4,
293 2606 323 2657 l:
342 2607 440 2657 Martio
456 2606 497 2655 444
513 2617 612 2655 44444444
646 2608 767 2673 phanum
783 2607 858 2658 multi
870 2608 954 2668 Edd,
973 2609 1054 2657 etlam
1065 2608 1169 2659 llitscli.

83 2682 192 2731 classica
206 2681 281 2742 pulsu
297 2681 392 2743 [443444.
414 2706 441 2717 -
467 2680 508 2730 Ad
526 2680 609 2729 totum
648 2684 675 2731 et
686 2683 817 2745 44444443,
837 2694 965 2733 versuum
977 2681 1098 2731 ordinem
1110 2694 1175 2731 cou-

81 2754 173 2805 locum
185 2754 419 2818 cir.Virg.Georg.
438 2756 471 2815 4,
490 2754 538 2805 493
548 2764 608 2817 sqq.
648 2758 688 2804 tra
706 2756 792 2806 Codd.
815 2756 852 2805 444
874 2758 1055 2818 inverterunt,
1082 2757 1112 2806 ut
1132 2758 1175 2805 est

82 2826 230 2879 Columella
248 2828 332 2878 Praei.
353 2830 377 2891 §-
397 2829 420 2877 7.
647 2830 674 2879 in
692 2830 768 2879 Varr.
787 2832 875 2890 Lect,
900 2844 955 2895 quo
975 2831 1069 2880 vitium
1091 2830 1174 2879 444444-

112 2904 138 2952 9.
167 2902 207 2951 40.
234 2902 317 2966 llrpu]
345 2902 453 2965 44344444,
485 2912 546 2951 cum
575 2901 609 2951 ab
649 2903 776 2953 tationem
799 2905 924 2955 continuo
950 2906 1086 2969 exciperet
1108 2904 1175 2953 iusi-

81 2976 215 3027 eiusmodi
242 2976 313 3026 tricis
338 2974 406 3025 liber
428 2976 479 3035 sit,
503 2976 611 3025 44444444
648 2977 726 3027 tionis
744 2977 829 3027 simile
852 2992 929 3042 opus.
964 2980 1017 3029 Sed
1039 2992 1093 3028 non
1114 2979 1173 3028 siue

84 3050 200 3101 arbores
210 3050 335 3112 vitibus‚·
353 3050 426 3113 quod
438 3049 552 3100 verbum
565 3063 611 3099 ru-
648 3054 704 3101 arte
722 3052 840 3113 primum
857 3056 991 3102 memorat
1009 3053 1102 3102 vitium
1120 3051 1176 3101 cul-

82 3124 363 3188 sticorumproprium
376 3124 425 3173 est.
455 3123 494 3173 Ci.
506 3122 609 3173 Colum.
648 3127 751 3184 turam,
772 3124 871 3174 deinde
889 3126 973 3175 otium
990 3125 1090 3175 domiui
1107 3138 1173 3176 suus

80 3202 127 3259 44,
151 3200 181 3259 4,
204 3198 244 3247 49.
271 3222 298 3234 -
337 3198 423 3247 Vitam
450 3198 611 3247 rusticorum
648 3210 744 3260 greges
776 3210 825 3259 per
856 3200 993 3247 sinuosum
1024 3198 1173 3249 convallem

82 3271 212 3323 italorum
242 3273 347 3334 4344344
379 3270 508 3321 describit
535 3270 609 3320 Ouid.
649 3284 756 3335 sparsos
779 3284 842 3321 cum
870 3270 968 3321 laetitia
989 3270 1174 3336 contemplan-

80 3348 150 3397 Past.
168 3346 199 3405 4,
213 3346 257 3396 694
271 3358 331 3409 sqq.
347 3368 374 3381 ·-
385 3345 534 3409 propupiae]
550 3345 611 3395 vitis
649 3346 698 3405 tis,
723 3347 781 3395 tum
798 3358 892 3395 rursm
908 3348 1013 3408 gratum
1030 3346 1174 3409 putationis

80 3418 243 3471 ramusculis
269 3420 295 3469 iu
322 3422 422 3469 terram
445 3419 562 3469 curvatis
579 3432 612 3469 ac
649 3422 676 3469 et
692 3418 822 3469 insitionis
839 3432 921 3484 opus,
941 3418 1013 3481 quod
1026 3419 1136 3481 quidem
1146 3420 1174 3472 444

80 3494 197 3552 defluis3
215 3492 287 3543 uude
308 3504 371 3543 eum
394 3490 528 3543 radicibus
546 3493 612 3543 actis
649 3504 773 3543 mensem
794 3493 917 3543 liertium
938 3492 1087 3553 incidebat,
1111 3506 1174 3545 eum

83 3567 297 3625 convaluissent,
325 3568 402 3617 tertio
425 3579 495 3616 anno
520 3568 613 3617 4444444444
630 3609 632 3641 Ι
648 3566 781 3617 maritatio
794 3566 975 3617 tieretmense
988 3566 1110 3623 Octobri;
1134 3570 1174 3617 sic

81 3642 197 3694 arbores
223 3641 423 3693 maritabantur.
453 3668 481 3679 -
517 3643 587 3691 Altus
598 3668 612 3678 ·
630 3649 632 3707 4
649 3643 772 3691 naturam
789 3642 875 3705 ipsam
893 3645 1002 3692 secutus
1015 3646 1174 3706 perpetuam

78 3716 197 3779 propitios]
214 3716 298 3765 Varro
315 3717 365 3767 lili.
381 3716 452 3779 i‚8:
477 3716 521 3764 ilbi
537 3730 613 3765 -nu-
649 3728 680 3765 ac
705 3717 817 3780 propter
841 3716 893 3766 hoc
918 3716 1007 3779 ipsum
1028 3715 1174 3766 iucundam

80 3796 143 3840 tura
160 3790 279 3852 tumido,
303 3790 337 3839 iti
353 3790 430 3839 4444444
444 3790 503 3839 viiia
521 3790 610 3840 4444444-
649 3791 718 3839 vitae
748 3790 863 3840 rusticae
896 3792 1053 3840 varietatem
1081 3790 1171 3853 pingit.

82 3866 131 3925 do,
152 3866 220 3927 444444
235 3866 262 3915 iu
270 3869 351 3927 partu
362 3868 384 3914 44
395 3865 514 3914 monento
525 3866 612 3915 vinum
650 3865 692 3914 «ln
719 3863 811 3914 verbis
836 3866 928 3914 eutem
952 3864 1001 3913 Aut
1022 3864 1049 3912 44
1070 3864 1175 3912 reducto

80 3952 131 3988 4444
148 3944 177 3988 ut
195 3940 222 3988 in
239 3939 316 3989 colice
333 3939 433 3999 3444444
444 3951 552 4000 aquaem
571 3940 612 3989 sed
650 3936 712 3988 nihil
731 3936 822 3987 diutini
839 3938 928 4000 operis
944 3942 999 3997 est,
1018 3937 1067 3987 sed
1085 3935 1175 3987 brevis

79 4014 172 4070 solem3
192 4013 264 4063 unde
283 4014 335 4062 iam
354 4014 419 4063 Cato
436 4016 611 4077 praeceptum
650 4013 753 4062 tantum
782 4011 944 4061 intermissio
975 4014 1002 4061 et
1034 4008 1172 4075 voluptas,

80 4086 175 4137 dedit:
215 4088 298 4148 Quam
329 4086 480 4136 4444444444
512 4088 612 4137 vineam
649 4088 810 4151 prospectus
848 4087 1031 4134 armentorum
1059 4096 1176 4147 pascen-

80 4162 167 4225 saeito.
188 4159 280 4221 Albos,
300 4158 373 4224 quod
384 4158 442 4210 aliis
454 4159 555 4224 placet,
568 4160 612 4210 vel
649 4160 729 4219 tium,
750 4159 795 4223 qui
813 4170 866 4207 4444
884 4158 965 4208 modo
983 4158 1052 4208 inter
1069 4161 1175 4209 marite-

80 4238 226 4299 proptereo
250 4234 439 4295 reiicieudum,
468 4234 540 4298 quod
561 4248 611 4297 po·
649 4234 750 4284 tionem
776 4235 803 4283 et
827 4233 994 4292 insitionem,
1025 4234 1173 4313 sedetiam
