2934 4884
451 409 511 460 ua.
531 410 572 459 144.
609 411 637 460 C.
657 409 755 459 xxvii.

325 638 331 648 ,
385 565 514 632 Cornua
537 567 680 632 monstri.

258 714 430 800 impudens
453 713 530 800 liqui
555 715 674 801 patrios
697 718 848 789 Penates,

259 835 431 922 Impudcns
454 837 575 902 Orcum
599 856 716 901 moror.
762 837 791 902 Ο
813 836 949 902 deorum
1133 837 1176 898 50

255 956 286 1020 si
310 957 383 1042 quis
406 955 486 1022 haec
509 956 615 1030 audis.
639 958 761 1022 utinam
783 958 867 1022 inter
887 978 995 1023 errem

382 1078 473 1144 Nuda
496 1077 621 1144 leones!

256 1231 434 1316 Antequam
457 1228 559 1314 turpis
582 1227 703 1292 macies
726 1225 880 1293 decentes

255 1348 402 1435 Occupet
423 1347 524 1414 maias
547 1357 745 1436 teneraeque
768 1367 866 1414 sucus

258 1468 385 1536 Defluat
407 1469 565 1556 praedae,
589 1469 740 1556 speciosa
761 1489 885 1556 quaero

382 1592 521 1688 Pascere
544 1590 652 1676 tigres

257 1739 332 1806 Vilis
357 1740 503 1826 Europe,
527 1749 619 1827 pater
642 1748 735 1826 urget
758 1739 893 1806 absens:

149 1902 190 1954 48.
207 1903 278 1952 tauri
294 1899 342 1960 br,
361 1900 422 1950 LCt.
443 1901 482 1962 (ut
497 1912 559 1960 uos,
580 1895 764 1964 ascssyuive,
782 1903 848 1950 Pott.
862 1903 927 1964 sex.)
944 1931 969 1938 -
984 1903 1025 1952 43.
1039 1905 1144 1954 decentis

115 1978 144 2026 B.
166 2005 193 2012 -
214 1975 255 2026 44.
274 1989 347 2026 sumu
365 1973 436 2024 aba:
461 1986 549 2024 444444
566 1985 628 2026 cum
646 1973 712 2024 Edd.
732 1972 868 2037 plerisque
886 1977 920 2026 44.
942 2005 969 2012 -
988 1978 1029 2026 44,
1050 1980 1142 2041 Deficit

115 2052 148 2113 Β,
166 2051 265 2114 1444444
281 2051 308 2099 T.
333 2049 436 2112 (Deficit
451 2048 513 2112 post
529 2047 600 2096 hunc
617 2047 678 2098 uT
702 2047 835 2111 usquead
853 2050 881 2098 C.
901 2048 930 2108 4,
949 2050 978 2105 4,
997 2051 1031 2103 ai
1053 2081 1079 2088 -
1099 2054 1139 2102 57.

117 2125 177 2173 44444
194 2125 312 2186 Europae
326 2127 401 2185 peter
417 2121 467 2172 LC.

85 2266 156 2314 eavit
172 2261 324 2325 Gargailus:
344 2263 434 2326 Fuppii
450 2263 550 2326 verpino
567 2275 610 2310 ar·
647 2253 719 2312 Oete
748 2259 855 2325 ξιφέων
883 2261 1012 2332 ἐπίχειρα
1039 2261 1175 2325 λαχοῦσ,

84 2341 155 2399 dita,
174 2337 402 2388 urdiiudmduOr
418 2339 460 2387 444
475 2350 527 2387 non
542 2351 610 2386 4444-
645 2330 713 2385 '’Aii
731 2332 914 2401 αὐτόνομος,
933 2334 1024 2400 ζῶσα,
1042 2335 1121 2404 μόνη
1137 2336 1174 2404 δὴ

83 2415 115 2462 do
132 2427 150 2461 4
167 2411 319 2462 404444-
342 2413 434 2461 orosam
451 2413 541 2461 autem
558 2424 611 2460 rno-
648 2408 784 2472 Θνατῶν,
795 2405 888 2461 Ἀΐδαν
898 2408 1068 2477 καταβήσει.
1087 2416 1174 2476 Atque

83 2494 159 2537 rainer
183 2489 219 2546 is,
247 2487 306 2550 qui,
337 2498 398 2536 cum
425 2487 492 2536 mori
513 2485 607 2546 debet,
648 2487 757 2536 omniuo
784 2487 852 2535 haee
876 2487 983 2536 videtur
1010 2490 1174 2538 Graecorum

83 2575 136 2612 uon
154 2562 275 2611 moritur.
296 2560 380 2620 «Quid
397 2573 474 2611 cesso
492 2561 609 2610 emerit»
648 2562 756 2623 antiqua
768 2561 857 2623 oprnro
870 2563 897 2609 44
907 2573 976 2611 mos
1011 2563 1091 2612 Certe
1103 2562 1174 2612 Cha-

84 2637 204 2700 Proper-t.
224 2637 253 2696 4,
273 2635 318 2694 rs,
338 2636 367 2683 4.
409 2635 465 2684 Non
482 2647 527 2697 epo
544 2647 610 2683 nuuc
648 2636 717 2684 riton
735 2647 797 2698 pag.
817 2635 858 2684 43.
877 2636 966 2698 Lips.:
988 2633 1063 2702 μηδὲ
1080 2630 1173 2708 ἄμορ-

82 2712 164 2759 444444
179 2723 281 2768 emor,
298 2721 355 2758 ntea
372 2709 493 2770 Cynthio,
511 2709 609 2769 Manes,
647 2722 708 2770 φον
730 2705 767 2779 τῇ
794 2704 926 2795 rapot-q}
953 2708 1122 2775 ποιήσωμεν
1138 2708 1174 2761 τὸ

81 2787 133 2834 bec
149 2797 238 2833 moror
247 2787 360 2834 44444444
372 2784 454 2833 debita
469 2784 608 2846 saturopo.
649 2781 745 2848 σῶμα.
770 2779 919 2848 θάψωμεν
934 2778 1115 2855 Καλλιρρόην
1130 2779 1175 2836 ἔτι

82 2861 145 2908 Stat.
166 2857 251 2907 Theb.
270 2858 300 2917 7,
319 2857 382 2908 eoi:
413 2871 483 2908 serae
504 2857 548 2906 tibi
565 2859 609 2906 de-
648 2855 749 2921 καλήν.
768 2859 831 2908 Stat.
850 2858 910 2909 Siiv.
929 2860 958 2920 4,
978 2860 1006 2919 4
1027 2859 1089 2915 tet
1108 2861 1175 2911 Gra·

81 2947 170 2982 morer
185 2897 315 2994 improbds
330 2931 496 2981 44444444-
523 2933 610 2994 Nudo]
647 2937 756 2993 4444444,
774 2933 955 2995 4444444444,
969 2935 1175 2996 qoodnonmors

82 3021 135 3056 non
162 3004 274 3055 «auxilio
299 3006 436 3069 privata‚»
465 3009 494 3056 ut
518 3005 609 3055 vetunt
646 3009 713 3058 44444
735 3007 840 3056 44444444
860 3009 953 3057 444444
972 3011 1071 3070 4444444
1086 3012 1172 3073 444444,

82 3079 170 3130 Schoi.
197 3083 224 3130 et
245 3080 375 3142 sossensi,
399 3081 514 3131 44444444
532 3081 606 3131 ovid.
647 3085 782 3141 Manesque
802 3079 892 3128 4444444
910 3083 1008 3145 intepet
1023 3088 1047 3132 44
1059 3085 1174 3136 4444444-

80 3161 141 3206 4444.
162 3157 192 3215 4,
210 3155 240 3215 4,
259 3153 308 3203 38:
327 3155 371 3204 His
387 3159 415 3204 44
430 3157 550 3204 militibus
566 3169 610 3204 su-
646 3158 879 3214 meraimovpora
890 3155 990 3204 4444444.
1010 3157 1117 3209 Minime
1128 3161 1174 3223 igi·

79 3243 157 3291 perus
173 3229 331 3288 4444444444
348 3229 467 3291 deosque,¹
484 3231 551 3280 44444
566 3230 610 3280 tibi
647 3232 690 3279 tur
714 3229 783 3277 haec
807 3227 918 3291 stropha
943 3227 1027 3279 deleri
1052 3234 1098 3281 aut
1117 3233 1173 3283 sai-

81 3305 204 3352 4444444
214 3303 358 3364 cmmode,
375 3305 456 3352 44444
471 3305 542 3362 4444.;
560 3302 609 3353 sed
647 3307 702 3354 tem
719 3302 864 3365 vituperari
880 3300 1009 3364 debebat,
1030 3307 1173 3368 propterea

82 3391 166 3428 sensu
184 3377 302 3441 proprio.
647 3375 719 3441 quod
737 3389 752 3425 a
769 3377 861 3426 nostro
879 3387 960 3426 seusu
980 3375 1172 3440 aliquantutum

113 3451 217 3501 53-44.
235 3451 458 3515 muetos-Occupet]
471 3451 564 3503 Tibul.
578 3453 607 3514 4,
647 3452 784 3502 abhorret.
805 3479 833 3486 —-
850 3452 933 3512 44444]
945 3449 1060 3512 «etaim
1080 3465 1173 3518 corpo-

81 3525 111 3586 4,
126 3527 157 3574 44
176 3525 270 3589 Effice,
286 3539 317 3575 ne
331 3527 427 3576 macies
436 3527 559 3588 pallentes
571 3541 611 3577 oc-
647 3529 683 3577 ris
704 3527 805 3589 vigor.»
823 3524 948 3575 Putidum
964 3523 1079 3591 (uexari)
1096 3528 1173 3579 vide-

80 3603 154 3660 cupet
169 3603 251 3648 444444.
267 3627 294 3635 -
306 3600 396 3662 mutus]
415 3613 464 3664 pro
482 3602 564 3663 genis.
580 3629 608 3637 —
647 3604 690 3652 tur
712 3601 764 3650 hoc
784 3599 919 3658 bubiano,
943 3601 1005 3663 quia
1024 3613 1090 3651 sane
1110 3615 1172 3654 curn

81 3675 530 3739 enoraeqrre1uautequampue11ae
543 3681 611 3725 44444-
647 3676 745 3726 nostris
768 3672 869 3724 deliciis
886 3674 1081 3738 (normaton
1098 3677 1174 3727 Zari-

80 3761 140 3808 444,
160 3747 294 3805 florentis.
313 3749 376 3798 ieris
393 3749 540 3800 destinatae
553 3763 611 3800 cor·
646 3749 737 3812 444444)
753 3747 825 3798 haud
842 3749 920 3800 nirnis
936 3750 1065 3812 congruit.
1081 3778 1109 3786 -
1120 3765 1174 3813 spe

80 3833 133 3885 pus
150 3819 351 3872 contabescat.»
375 3823 518 3874 Diuturuos
533 3825 611 3888 igitur
647 3825 724 3885 44444]
737 3822 947 3886 «pulchritudine
955 3823 1075 3873 noudum
1087 3823 1175 3873 detor-

81 3894 191 3944 doicres
207 3895 389 3958 perhorrescit
410 3899 437 3947 et
456 3899 557 3961 integra
576 3899 610 3949 ad
647 3901 729 3957 mata,
743 3899 843 3959 integre
853 3899 881 3946 et
891 3896 1172 3961 florens;»puetlarem

80 3972 181 4020 Orcum
193 3969 361 4021 descendere
374 3973 454 4036 cupit,
474 3985 505 4022 er
521 3975 609 4037 priseo
648 3973 751 4022 formae
767 3973 848 4020 etiam
863 3971 1011 4034 propinqua
1027 3974 1112 4021 morte
1125 3983 1174 4021 cu-

80 4044 354 4096 bumenitatissensu.
365 4047 446 4109 soph.
456 4047 541 4110 Antig.
551 4047 609 4097 847:
648 4059 706 4096 ram
718 4046 850 4109 exprimit.
865 4071 893 4079 —
904 4045 1120 4109 quaeroearcoro]
1134 4047 1172 4095 De

82 4113 199 4168 Οὐκοῦν
209 4114 307 4184 κλεινὴ
319 4114 396 4169 καὶ’
381 4135 501 4171 επωνον
511 4115 611 4180 ἑχονσ
649 4120 847 4170 constructione
858 4118 911 4169 vid.
927 4118 961 4169 ad
974 4118 1021 4168 Od.
1038 4118 1063 4180 3,
1075 4119 1117 4180 44,
1130 4120 1172 4169 47.

79 4185 126 4248 Ee
143 4185 235 4240 τόδ’
217 4193 337 4264 απέρχει
359 4190 466 4257 κεῦθος
490 4191 608 4256 νεκύων,
681 4195 721 4243 57.
743 4193 1086 4257 r⁷ets]«1amnuncdrgna
1103 4207 1173 4258 quae

85 4255 156 4310 0444
174 4265 315 4322 φθινάσιν
333 4266 475 4334 πληγεῖσα
500 4265 608 4331 νόσοις,
649 4267 682 4318 nb
697 4268 1076 4318 omnibusconternnarisu-
1051 4268 1172 4331 -pcterl

172 4353 336 4402 donarunt.
356 4359 371 4404 4.
403 4359 586 4406 rabanicum.
978 4359 1005 4404 32
