2934 4884
666 293 795 344 nonnuli
815 293 941 343 EPODON

481 449 671 517 Siticulosae
693 447 846 536 Apuliae,

438 573 504 638 Nec
525 591 643 636 munus
665 569 808 636 humeris
830 567 972 636 efficacis
996 569 1142 636 Herculis

481 692 596 758 inarsit
617 691 810 758 aestuosius.

437 815 477 881 lit
498 814 526 879 si
548 811 626 901 quid
649 832 793 899 unquam
814 810 877 878 tale
900 812 1141 900 concupiveris,

482 935 595 1002 lecese
617 934 805 1010 Maecenas,
829 953 962 1020 precor,

440 1057 569 1122 bianum
591 1053 699 1143 puella
721 1055 811 1121 savio
835 1065 977 1142 opponat
999 1063 1074 1130 tuo,

482 1177 632 1242 Extrema
654 1185 687 1242 et
708 1175 741 1240 in
764 1174 889 1263 sponda
911 1174 1017 1242 cubet.

334 1375 375 1425 49.
393 1374 460 1437 enred
474 1374 496 1424 ri
512 1375 530 1423 S
548 1373 610 1436 (non
626 1371 700 1438 bod).
727 1397 757 1411 ·-
786 1373 828 1424 2⁰.
845 1375 933 1424 iocosa
949 1371 1084 1426 Markland
1104 1374 1134 1424 lu
1150 1373 1213 1424 Eur.
1232 1374 1327 1440 suppl.

299 1463 327 1515 p.
344 1449 403 1500 mo.
424 1475 450 1486 -
470 1448 512 1498 2⁴.
530 1449 601 1497 soom
617 1459 757 1512 superscr.
774 1461 793 1498 o
809 1447 841 1510 d,
860 1447 948 1498 ruente
966 1448 1026 1499 Lct.
1047 1449 1087 1512 (ut
1103 1459 1168 1510 nos,
1186 1447 1262 1512 nse)

268 1625 361 1690 oedip.
374 1623 418 1676 ll:
444 1623 493 1674 Sed
507 1623 595 1687 pronis
609 1628 633 1673 et
649 1628 705 1673 nter
720 1625 796 1673 tome
833 1623 884 1692 dna
901 1623 1054 1688 deceperat.
1089 1623 1146 1674 ilco
1167 1625 1261 1674 autem
1281 1621 1360 1688 longe

269 1699 312 1750 dot
328 1699 402 1748 tems
422 1710 511 1759 caper.
533 1725 561 1733 -
584 1697 797 1762 Sittodom1ut
832 1698 919 1763 aptius
941 1699 988 1748 toti
1011 1697 1123 1748 carmini
1143 1709 1226 1760 quam
1243 1698 1361 1748 otiosum

269 1770 446 1835 πολυδίψιον
455 1764 565 1841 Ἄργος.
586 1796 613 1807 -
632 1772 733 1837 meum]
750 1785 797 1822 vc·
833 1770 896 1822 illud
922 1770 1027 1836 puellae
1051 1769 1184 1822 ἐπίθετον
1208 1773 1303 1822 taccam
1330 1796 1358 1808 -

269 1849 318 1900 etis
335 1848 412 1898 Nessi
430 1847 555 1898 Centauri
579 1858 674 1896 cruore
694 1848 794 1907 tincta,
832 1847 912 1910 socio]
931 1848 1046 1897 «amorio
1063 1845 1180 1897 osculo».
1199 1847 1294 1896 Senon.
1316 1859 1360 1896 rc-

268 1937 285 1974 a
310 1923 434 1974 Deianira
459 1919 566 1972 Herculi
598 1923 702 1984 coniugi
727 1919 796 1972 loles
831 1923 916 1982 utun,
940 1919 1057 1986 φίλημα
1072 1916 1225 1990 ἑταιρικόν.
1256 1917 1358 1970 Philon.

269 2010 362 2048 amore
384 1998 463 2061 capto
487 1996 591 2047 lunesto
613 1995 685 2046 dono
701 1997 794 2046 missa.
832 1995 937 2045 Rectior
960 1997 1050 2046 antem
1074 1995 1141 2045 baec
1164 1996 1206 2046 est
1226 1994 1360 2058 scriptura

271 2071 346 2121 ovid.
370 2073 432 2122 liet.
457 2071 485 2132 9,
513 2070 570 2121 ⁴30.
599 2097 628 2106 -
654 2070 764 2119 iunctis
782 2095 797 2106 -
833 2081 915 2133 quam
932 2068 1129 2120 altercandum.
1148 2069 1292 2118 Nouenim
1311 2068 1360 2118 dc-

268 2145 369 2209 lnce-etl]
388 2145 523 2195 «humeris
541 2144 640 2194 ardone
656 2145 795 2195 inhaesit.»
833 2142 939 2193 ducitur
963 2157 980 2193 a
1003 2155 1029 2192 v.
1055 2143 1152 2204 moab,
1182 2142 1232 2192 sed
1260 2145 1360 2192 mimo

271 2246 300 2256 -
323 2220 438 2284 efficacis]
463 2219 638 2271 «difficillimis
659 2217 796 2269 laboribus
832 2217 941 2282 proprie
960 2218 1001 2268 est
1016 2216 1145 2276 labellulo,
1172 2219 1202 2266 ut
1224 2215 1267 2266 bis
1285 2219 1359 2267 terre

269 2293 399 2355 dalonen,
418 2291 603 2366 δραστηρίου,
621 2293 795 2356 timiditatem
831 2293 904 2358 apud
927 2290 1058 2342 Plautum.
1084 2291 1136 2342 Cir.
1155 2292 1220 2342 lahn
1237 2292 1273 2342 ad
1295 2293 1323 2342 b.
1341 2291 1358 2342 l.

269 2366 346 2432 Apul.
359 2367 434 2432 Apol.
446 2383 473 2433 p.
486 2367 549 2418 ila:
567 2367 684 2418 Herodes
701 2368 797 2416 tastra-
834 2393 862 2403 -
876 2366 973 2428 sponda
983 2365 1062 2430 cubet]
1081 2365 1231 2416 Devenere
1243 2379 1260 2414 a
1271 2365 1360 2430 puella

269 2446 311 2492 tor
331 2443 409 2503 mdis,
429 2448 559 2506 porcator
579 2443 707 2506 saman,
732 2454 796 2505 pen-
833 2443 929 2505 negate
941 2441 1057 2504 accipio,
1077 2443 1106 2490 ut
1122 2441 1165 2490 est
1180 2439 1357 2504 apud'libull.

270 2516 335 2566 llam
358 2518 473 2567 domitor.
509 2518 552 2566 Sic
576 2518 706 2568 Maximus
731 2516 793 2577 Tyr.
833 2518 863 2577 t,
882 2517 910 2576 9,
929 2515 970 2566 56.
998 2516 1024 2565 in
1048 2513 1127 2565 simili
1147 2516 1357 2578 imprecatione:

270 2592 302 2641 D.
321 2591 350 2651 3,
369 2592 392 2641 7.
418 2590 561 2642 Herculem
577 2593 657 2641 vocat
673 2585 724 2641 τὸν
740 2585 796 2640 τῶν
834 2591 922 2640 luerem
937 2591 1086 2652 inter-posito
1103 2589 1227 2654 termido
1243 2595 1360 2640 uerteru-

269 2659 384 2714 πολλῶν
413 2667 463 2716 καὶ
491 2663 672 2729 θαυμαστῶν
700 2663 796 2714 πόνων
833 2665 878 2714 bet.
907 2663 970 2714 Alii:
999 2677 1078 2716 «sese
1101 2677 1185 2728 quam
1206 2663 1358 2728 longissime

270 2731 413 2804 ὁμιλητὴν
429 2741 478 2789 καὶ
490 2734 654 2805 ἀγωνιστὴν
669 2733 797 2788 amedei-
832 2741 892 2789 ote
913 2741 1051 2788 removeat
1076 2739 1102 2788 in
1128 2737 1189 2788 lecti
1215 2738 1359 2789 convivalis

269 2809 318 2872 da,
345 2815 373 2862 et
388 2813 499 2864 similius
516 2814 598 2862 ettam
615 2812 684 2863 Dira.
699 2813 729 2862 il
745 2851 751 2874 ,
770 2813 794 2862 d.
832 2813 962 2878 sponda.»
1002 2813 1070 2862 Sane
1097 2813 1190 2864 cubare
1216 2815 1298 2864 eiiam
1324 2813 1357 2863 de

268 2882 461 2954 καθορθωτὴν
479 2880 578 2957 ἔργων.
617 2884 733 2936 lulianus
760 2885 795 2936 ad
833 2888 952 2939 convivis
969 2889 1122 2951 usurpatur.
1145 2887 1199 2937 Cic.
1219 2886 1254 2937 de
1273 2889 1317 2937 Or.
1330 2889 1358 2948 2,

269 2958 445 3010 Themistium
466 2973 492 3024 p.
512 2959 569 3011 aei.
589 2973 622 3010 er
642 2960 739 3022 Odyas.
758 2976 794 3022 φ,
833 2961 880 3011 86:
898 2974 948 3022 qrto
964 2974 1051 3010 eonon
1067 2961 1120 3010 toro
1137 2961 1242 3023 cubante
1258 2961 1359 3011 cadub-

269 3033 315 3082 26:
351 3029 483 3098 μεγάλων
516 3033 668 3104 ἐπιΐστορα
689 3028 795 3105 ἔργων,
831 3041 876 3086 set.
897 3063 925 3072 -
944 3033 1018 3085 Falso
1037 3037 1127 3085 autem
1143 3036 1232 3085 Acron
1249 3036 1360 3098 puellcm

270 3101 519 3177 ιαῦτουργότατον
546 3104 684 3159 ἁπάντων
713 3105 796 3176 γενό-
833 3109 947 3175 explicat
970 3109 1011 3174 de·
1030 3110 1153 3159 Terentia
1179 3111 1358 3170 Maecenatis,

268 3189 384 3246 pavea.»
413 3183 454 3232 Ad
478 3183 700 3234 consuetudinem
724 3185 797 3234 Lati-
833 3184 860 3234 id
877 3183 950 3247 quod
971 3196 1056 3248 prope
1077 3183 1236 3234 indecenter
1258 3184 1359 3234 dictum

269 3257 391 3307 namclr.
410 3255 530 3308 Caelium
547 3256 582 3306 ad
599 3258 653 3308 Cic.
673 3259 744 3308 Fam.
764 3259 794 3320 8,
832 3258 901 3308 loret
928 3257 962 3307 de
990 3259 1045 3306 tarn
1071 3256 1209 3322 splendida
1237 3261 1359 3308 matrona

270 3331 316 3391 tc,
329 3331 357 3380 3:
375 3331 446 3380 Nocti
463 3330 627 3393 Marcellum,
646 3345 724 3394 mrem
741 3337 797 3382 tar-
833 3335 964 3392 Romano,
994 3332 1068 3395 prius
1096 3344 1112 3379 n
1139 3331 1256 3382 Caesare
1282 3333 1359 3382 Octa-

270 3406 317 3454 dae
333 3410 357 3454 et
370 3418 467 3466 param
482 3405 575 3469 efficax
591 3407 631 3455 att.
833 3407 912 3455 viano
932 3407 1028 3455 amau.
1066 3405 1182 3468 (Sueten.
1195 3406 1289 3456 Octav.
1309 3407 1358 3468 69.)

303 3478 401 3528 tlt-22.
420 3481 603 3542 conopaeo]
622 3481 662 3530 «Si
680 3482 736 3530 tam
747 3481 798 3530 de·
832 3481 918 3531 immo
936 3479 1076 3529 manticato
1093 3478 1210 3542 loquitur
1228 3480 1263 3530 de
1282 3479 1359 3530 ἑταί-

270 3551 401 3604 teatabllia
423 3553 500 3604 cibus
525 3569 644 3618 unquam
670 3555 717 3604 tibi
739 3569 798 3606 rur·
833 3570 884 3625 ρᾳ,
920 3565 1037 3616 quacum
1066 3553 1236 3603 consueverit
1264 3557 1359 3618 potens

270 3625 489 3690 conplacuerit.»
509 3655 537 3664 -
555 3629 645 3693 locare]
663 3631 796 3692 quatenus
833 3629 935 3678 amicus
953 3628 1014 3676 ante
1033 3627 1137 3691 nuptias
1155 3641 1218 3678 curn
1236 3629 1356 3679 Terentia

269 3698 329 3750 allio
347 3699 416 3752 clem
432 3700 522 3752 oblato
534 3704 652 3754 amicum
668 3701 795 3755 ludibun-
833 3701 993 3754 celebratas.
1011 3701 1064 3752 Cir.
1075 3702 1175 3752 Franlre
1185 3703 1210 3752 F.
1221 3703 1251 3753 ll.
1263 3715 1291 3766 p.
1302 3705 1356 3754 lii.

703 3973 927 3998 ’ᾡ--ὲ--ι--κ-
