2934 4884
461 372 520 421 LlB.
540 373 558 419 l.
595 372 623 419 (1.
645 371 731 421 xxxi.

245 529 314 591 Nou
336 538 507 592 aestuosae
529 537 619 612 grata
642 524 811 592 Calabriae

246 650 412 722 ¹irmenta,
437 668 501 711 nou
523 667 639 711 aurum
660 658 716 711 aut
738 646 821 713 ebur
843 648 1001 721 indicum.

289 770 358 833 lt'on
381 788 472 844 rura,
499 788 584 855 quae
606 768 688 833 Liris
711 767 822 855 quieta

330 888 454 955 llordet
474 910 560 976 aqua
582 889 759 955 taciturnus
783 892 895 957 amnis.

247 1052 397 1115 Premant
419 1046 537 1116 Calena
557 1048 639 1115 falce
659 1049 779 1137 quibus
802 1048 891 1115 dedit

246 1160 387 1236 Fortuna
407 1170 521 1241 vitem,
545 1168 638 1235 dives
660 1182 692 1236 et
714 1173 822 1237 aureis
1126 1174 1163 1238 to

132 1336 161 1382 5.
179 1333 251 1381 taeta
272 1329 421 1381 Paldamus.
449 1356 476 1367 —
499 1330 523 1379 6.
547 1330 607 1380 ebor
627 1331 655 1381 Τ.
676 1357 703 1368 -
722 1331 747 1380 9.
767 1332 886 1381 Calenam
906 1330 988 1381 lteutl.
1011 1334 1079 1382 coni.
1102 1360 1127 1369 —

103 1409 145 1456 to.
165 1406 198 1471 ct]
218 1411 248 1455 at
263 1406 294 1465 B,
312 1417 353 1468 pr.
371 1401 392 1463 β
409 1408 437 1453 et
453 1418 522 1453 corr.
540 1422 567 1470 γ,
585 1404 746 1469 Porphyrio.
772 1408 838 1455 Pott.
859 1406 992 1468 quinque,
1012 1408 1095 1459 bentl.

70 1548 148 1597 dne·
173 1546 275 1609 Epi,
298 1546 342 1594 27:
365 1546 470 1595 aeaeae
487 1544 602 1595 antaee
638 1543 668 1604 l,
694 1544 755 1593 350:
788 1545 820 1593 Et
846 1546 912 1594 Liris
938 1548 1047 1596 nutritus
1075 1550 1161 1609 aaut,

70 1629 126 1671 nate
151 1622 226 1670 aare
250 1619 377 1681 fervidam
401 1619 506 1668 taram
524 1625 603 1670 mutet
639 1619 682 1681 qai
700 1619 769 1681 settle
789 1620 871 1681 quate
893 1622 1040 1671 Dissimulet
1061 1636 1163 1673 citream

68 1697 178 1759 panum
192 1693 601 1757 -prata-armeatalapulcbra
638 1708 670 1744 ac
689 1695 758 1743 aaa
780 1696 907 1745 mutabitis
927 1696 1001 1746 tratri
1016 1699 1163 1761 Perstrinpit

71 1775 95 1821 et
115 1770 244 1834 pinguia,
272 1782 343 1831 quae
364 1768 429 1818 dum
445 1772 600 1832 pascuntur,
638 1769 728 1818 tacitas
744 1770 879 1832 portamini
895 1773 995 1834 parpite
1009 1773 1090 1835 ripas.

70 1852 171 1909 protare
189 1858 246 1893 non
264 1842 353 1893 solum
371 1841 487 1903 domino,
506 1856 601 1893 verum
672 1844 696 1893 9.
715 1845 866 1894 Sententiae
884 1845 919 1894 ita
937 1848 1090 1897 nectuntur:
1119 1846 1163 1897 ald

71 1923 148 1971 etiarn
165 1934 222 1983 per
238 1931 339 1982 pascua
356 1916 538 1967 deambulanti
549 1918 604 1967 uia-
639 1931 703 1967 vere
714 1930 774 1967 mea
784 1918 892 1967 minime
900 1918 989 1979 refert,
999 1920 1062 1983 quid
1073 1924 1165 1985 optent

72 1997 118 2044 tori
143 1990 335 2057 spectaculum
360 1992 517 2055 praebent.»
547 1993 603 2041 lioc
639 1992 762 2041 homiues
788 1992 822 2041 de
843 1991 932 2055 plebe.
960 1994 1082 2045 llabeaut
1103 1996 1162 2053 sibi,

71 2070 206 2118 ἐπίθετον
223 2065 348 2129 simplex,
367 2067 419 2115 boc
436 2069 545 2116 naturae
564 2067 601 2115 rei
640 2079 709 2128 quae
738 2067 880 2129 expetunt:
916 2068 1042 2129 equidem
1073 2071 1164 2132 paucis

71 2147 176 2207 aptum,
201 2156 235 2191 ac
253 2142 357 2190 risisset
375 2139 496 2203 prolecto
512 2143 601 2204 poeta,
640 2143 781 2191 contentus
798 2154 888 2189 sume
916 2142 944 2191 iu
962 2141 1057 2191 barum
1075 2145 1164 2193 autem

71 2220 92 2266 si
112 2219 175 2280 quis
204 2228 271 2265 eum
295 2214 458 2265 substituere
483 2215 603 2265 iussisset
640 2214 755 2263 duarum
773 2214 942 2277 stropharum
960 2217 1089 2285 εἰρωνείᾳ
1107 2230 1165 2265 rna-

71 2294 144 2342 toeta.
157 2292 229 2341 Miro
247 2304 322 2349 casu,
341 2302 424 2352 quem
442 2292 531 2338 tamen
548 2290 602 2339 iam
640 2289 711 2337 xiura
728 2288 807 2337 huius
825 2288 908 2337 odarii
922 2290 1006 2339 virtus
1017 2292 1103 2353 posita
1115 2294 1163 2341 est.

72 2366 213 2428 aliquoties
221 2364 385 2420 notatimus,
398 2363 493 2412 lldncb
506 2366 532 2411 et
545 2362 605 2413 llos·
643 2389 670 2398 -
688 2360 814 2424 Premaat]
833 2375 881 2425 pro
898 2363 1015 2425 pedestri
1031 2378 1056 2413 v.
1066 2370 1164 2427 patena

74 2453 132 2489 man
149 2436 315 2500 Peerlkamp
331 2438 359 2486 in
376 2437 491 2486 eandem
506 2437 605 2486 incide-
641 2438 703 2498 quia
724 2436 834 2485 nimiam
851 2439 1038 2499 pampinorum
1059 2452 1091 2488 ac
1108 2438 1166 2503 pal-

73 2514 226 2562 matroni:
247 2512 510 2561 Grata-enneae.
535 2512 603 2561 Sauo
641 2512 736 2561 mitum
754 2510 885 2560 luxuriem
904 2510 956 2561 loix
971 2512 1096 2561 eimaticd
1115 2514 1166 2563 Ca-

74 2602 134 2637 eres
143 2587 309 2637 Tarentinae
321 2588 431 2649 propter
442 2583 518 2635 lanae
527 2600 604 2649 prae-
641 2586 695 2633 toni
708 2587 737 2633 R.
752 2586 779 2635 lt.
795 2585 846 2643 ti,
862 2587 996 2646 putatoria
1010 2585 1127 2637 Palladio
1141 2589 1164 2647 t,

73 2664 198 2711 stantiam
215 2661 296 2709 eraut
313 2659 494 2710 nobilissimae
510 2660 604 2723 appel·
641 2658 682 2717 ta,
702 2658 737 2718 t,
760 2657 881 2709 cultellus
899 2660 1023 2711 incurvus
1037 2662 1164 2721 vinitoris,

74 2734 253 2797 bbanturque
273 2735 399 2793 Graecae,
418 2734 545 2783 &aecum
556 2748 605 2796 pa-
642 2733 802 2795 comprimit‚
822 2734 976 2797 compescit.
997 2734 1066 2797 Virg.
1080 2738 1125 2785 Ge.
1141 2738 1164 2795 t,

74 2826 121 2858 aas.
141 2810 197 2859 Cir.
218 2806 398 2857 Columellam
415 2808 439 2865 7,
454 2807 479 2858 l.
492 2808 557 2858 Plin.
570 2810 601 2859 ll.
642 2809 701 2856 ⁴57:
728 2809 798 2857 raris
814 2809 887 2869 epact
904 2809 978 2858 Falce
990 2822 1090 2869 prensos
1108 2824 1167 2859 arn·

76 2887 102 2933 N.
119 2886 149 2944 8,
168 2884 212 2935 te.
231 2883 336 2932 Verum
354 2896 410 2931 oues
423 2896 477 2932 uon
489 2886 606 2933 suntor·
641 2882 709 2933 brat.
728 2882 801 2932 Ouid.
821 2884 883 2933 liet.
897 2880 941 2943 tt,
961 2884 1021 2933 628:
1041 2884 1166 2933 maaca-

75 2966 172 3019 acuta,
206 2970 328 3021 quorum
361 2956 495 3007 ἐπίθετον
523 2959 606 3007 Graia
640 2957 714 3019 soba,
735 2958 791 3017 Oua
806 2957 879 3005 modo
896 2956 1024 3006 tanariae
1037 2959 1130 3018 praeit
1144 2964 1167 3008 at

75 3036 155 3084 muns
177 3030 277 3097 procul
301 3031 383 3082 dubio
408 3032 477 3082 risus
501 3031 607 3083 lectori-
641 3031 781 3093 metientia
793 3032 889 3092 passim
900 3032 1011 3081 Brachia
1026 3035 1164 3094 compescit.

76 3106 124 3159 bus
153 3107 331 3157 excussisset.
642 3107 679 3155 lta
709 3106 801 3154 Graeci
830 3117 945 3167 quoque.
976 3105 1108 3156 Plutarch.
1133 3108 1167 3158 de

106 3221 130 3269 a.
159 3220 237 3283 aaa]
262 3218 360 3268 ouvius
382 3219 409 3267 a
426 3217 523 3269 ananus
540 3219 605 3269 nain
643 3179 705 3228 ³¹¹⁶·
720 3180 797 3267 Pit·
810 3178 997 3299 ljgpwlsti
1017 3177 1092 3230 “²²²⁰‘’
1105 3176 1169 3231 ²³²⁹

80 3299 103 3343 et
114 3294 292 3359 Campaniae,
305 3294 441 3356 pertinens
450 3294 604 3355 Minturnas,
642 3266 728 3317 W&
745 3266 779 3303 το
799 3266 841 3341 μυ,
902 3266 945 3313 ες’
971 3250 1168 3342 mamm

80 3368 240 3418 tautecurt
259 3368 337 3415 tiana.
356 3366 403 3415 oa.
423 3366 438 3415 a
472 3368 502 3416 tr
535 3368 560 3417 a.
642 3344 726 3415 W‘ss‘
751 3325 920 3417 eoaovopev
945 3328 995 3378 κθ)
1019 3332 1167 3415 aeaeae,

130 3424 137 3435 ·
240 3382 258 3431 9
446 3406 451 3425 ⁸
512 3406 517 3426 '
644 3419 677 3454 ex
693 3401 845 3474 ημεριῠος,
863 3406 936 3463 vitis,
962 3407 1166 3465 comparatione.

107 3482 131 3529 8.
158 3479 270 3542 lierda]
294 3477 376 3527 Simili
393 3478 508 3540 imagine
526 3480 605 3529 etiam
644 3482 771 3530 Ceterum
803 3478 886 3527 cuivis
915 3478 1084 3527 manifestum
1113 3477 1168 3528 iore

78 3555 164 3602 rodae
179 3556 208 3604 et
225 3558 309 3602 terere
319 3552 353 3601 de
365 3552 452 3601 lluriis
463 3553 535 3616 ripas
547 3566 609 3604 sen·
644 3554 770 3619 equidem
798 3554 936 3615 putaram,
966 3551 1001 3602 de
1029 3551 1168 3601 vinearum

79 3629 128 3677 sim
144 3625 302 3677 eluentibus
318 3629 471 3689 usurpatur.
501 3629 605 3677 buoret.
645 3626 769 3678 tortilium
787 3626 964 3690 possessione,
985 3638 1038 3675 non
1055 3626 1168 3677 vereda

79 3703 109 3759 5,
125 3703 188 3751 257:
216 3706 243 3751 at
267 3700 340 3762 ripae
362 3701 481 3750 radentia
500 3702 608 3765 (tantae
644 3704 702 3767 ipso
725 3714 807 3765 opere
831 3701 929 3750 rustico
946 3700 973 3749 in
990 3700 1021 3750 iis
1038 3698 1168 3761 iaciendo,

79 3778 178 3824 rodant.
207 3773 304 3826 Claud.
330 3774 411 3825 Cous.
438 3774 516 3824 Proh.
544 3776 605 3826 259:
645 3776 717 3838 loqui
734 3777 855 3838 poetam
882 3774 1044 3824 eontrarium
1066 3774 1171 3825 videtur

80 3856 158 3899 tatas
185 3854 307 3912 querceta
334 3849 449 3900 Medeae
472 3850 547 3899 liris.
579 3877 606 3887 -
646 3850 781 3911 Liibkero,
801 3851 843 3899 cui
868 3850 913 3913 qui
938 3849 1010 3899 volet
1033 3850 1168 3907 assentiat;

80 3925 229 3988 tabernas]
249 3923 303 3973 Cir.
321 3924 406 3973 Isaiae
422 3924 452 3984 8,
471 3924 500 3973 6:
527 3938 610 3986 aquae
647 3938 696 3987 ego
713 3938 775 3973 non.
802 3951 829 3961 -
854 3925 1044 3974 «necenttores
1060 3924 1170 3987 quidem

80 3999 155 4059 sitae,
173 4012 242 4061 qaae
257 3999 355 4047 oadtmt
371 3998 544 4048 mmstbntto.
569 3999 610 4048 Ti-
647 3999 778 4049 editiones
794 4002 896 4063 penum
910 4000 1042 4049 commata
1053 4001 1168 4062 postvv.

80 4072 142 4123 buli.
158 4075 183 4132 t,
195 4074 222 4131 7,
237 4072 284 4122 ta:
302 4073 340 4122 Aa
351 4078 384 4133 te,
397 4073 489 4135 Cydae,
506 4086 608 4134 amaru,
646 4074 710 4137 falce
727 4075 755 4123 et
771 4074 891 4124 Fortuna.
913 4076 946 4125 nt
962 4075 1061 4124 rectius
1078 4070 1172 4121 tollun-

80 4148 163 4196 tacitie
190 4148 235 4209 aui
263 4147 352 4197 letter
377 4148 452 4197 ando
476 4148 611 4198 Caeretem
647 4150 698 4209 tur,
717 4150 747 4197 ut
763 4150 929 4199 accusativus
944 4150 1020 4199 attam
1037 4159 1089 4197 non
1108 4157 1170 4207 pra-

79 4221 517 4285 ptaetaispareadasepisaqaia?
532 4221 610 4273 Silius
646 4228 717 4273 mant
739 4220 826 4273 solutu
849 4225 989 4287 sequetur,
1019 4218 1068 4271 sed
1090 4220 1171 4271 etiam
