2934 4884
645 302 775 351 sommi
793 303 962 356 CARfflNUM

376 453 548 543 'Spiritum
570 454 721 522 Phoebus
743 456 835 534 mihi,
859 456 1010 523 Phoebus
1032 470 1135 526 artem

393 573 549 640 Carminis
571 595 755 664 nomenque
777 576 866 643 dedit
886 587 1011 666 poetae,

393 693 558 781 virginum
579 696 702 781 primae
725 699 885 785 puerique
907 698 1003 766 claris

477 814 624 881 Patribus
646 817 722 891 orti,

392 970 504 1037 Deliae
528 970 625 1038 tutela
653 972 736 1040 deae
758 974 890 1061 nugaces

391 1092 518 1179 Lyuoas
541 1102 573 1157 et
594 1113 710 1158 cervos
732 1094 911 1163 cohibentis
933 1119 1030 1173 arcu,

391 1210 544 1278 Lesbium
566 1222 693 1280 servate
714 1213 832 1300 pedem
853 1217 984 1303 meique

476 1330 603 1398 Pollicis
627 1333 738 1411 ictum,

332 1528 372 1577 ee.
390 1528 490 1592 meam
506 1530 534 1578 a.

298 1693 338 1743 29.
365 1694 405 1745 30.
436 1698 526 1747 Nerius
543 1699 611 1749 inter
627 1695 705 1751 'hanc
722 1704 794 1750 stro-
831 1705 877 1765 qui
892 1702 995 1768 pollicis
1011 1706 1087 1754 motu
1108 1705 1290 1769 indicebatur,
1314 1708 1353 1759 to-

264 1766 337 1829 phen
360 1769 387 1817 ct
407 1770 600 1831 praecedentes
619 1789 634 1824 a
657 1774 793 1841 plerisque
831 1778 929 1839 quitur.
947 1778 1096 1828 Terentiam
1111 1781 1288 1832 itanum:
1305 1784 1354 1833 od-

269 1840 459 1904 interpretihus
477 1846 564 1896 minus
576 1852 735 1911 perspectus
749 1850 793 1900 hic
829 1856 926 1901 metam
934 1865 1051 1912 morare,
1070 1850 1354 1915 Otmmootttciseonore

269 1915 321 1963 est:
346 1918 460 1967 «Preces
478 1932 553 1970 meas
572 1920 664 1985 Apollo
684 1924 793 1974 iamiam
829 1926 869 1974 vet
889 1926 984 1986 pterea
1005 1926 1077 1985 ped&
1093 1926 1289 1989 Dioedmtaere,
1312 1931 1353 1989 eoi

268 1988 418 2049 exaudivit;
437 1991 494 2055 ipse
515 2006 558 2044 me
578 1996 683 2059 poetico
703 1997 792 2047 furore
830 1998 917 2048 decem
930 2004 1023 2059 arteve,
1041 2000 1126 2049 soleat.
1147 2002 1209 2062 Qui,
1228 2005 1260 2052 ut
1270 2016 1352 2067 nuper

268 2060 412 2124 perculit;»
430 2066 502 2116 unde
514 2068 610 2119 missas
622 2069 721 2121 iaciens
733 2084 795 2135 pre-
830 2072 911 2121 etiam
927 2070 1113 2135 Dilleaburger
1132 2082 1194 2137 pag.
1213 2076 1272 2134 93..
1291 2088 1350 2127 curm

268 2148 328 2197 ces,
348 2137 445 2200 quibus
457 2139 520 2190 doni
531 2140 598 2194 iilius
611 2146 728 2209 compoti
741 2146 793 2196 iam
830 2143 981 2194 Scholiastis
1006 2144 1154 2209 explicant:
1181 2148 1354 2199 «modulatio-

267 2222 321 2259 non
339 2224 406 2274 opus
428 2216 483 2275 est,
510 2215 621 2267 fiduciae
647 2218 743 2281 plenus
763 2232 793 2269 se
830 2230 894 2268 nem
910 2220 1051 2278 carminis,
1080 2219 1160 2269 veluti
1186 2222 1246 2285 ipse
1271 2222 1355 2285 lyram

267 2284 356 2345 ipsum
364 2288 473 2349 poetam
484 2290 631 2353 profitetur.
651 2295 732 2356 Igitur
742 2295 794 2343 hoc
829 2294 1007 2356 percutiam»,
1026 2292 1099 2342 haud
1111 2295 1174 2345 setis
1186 2296 1355 2347 attenderunt

269 2368 362 2409 rursus
371 2358 429 2409 loco
438 2360 502 2411 illud
515 2365 690 2416 recordemur
702 2381 795 2418 ncces·
830 2365 866 2415 ad
881 2366 936 2414 vim
948 2367 1022 2416 vocis
1032 2368 1126 2429 icem,
1144 2367 1223 2431 longe
1236 2370 1354 2422 diversae

269 2440 299 2478 se
318 2433 374 2479 est:
400 2434 476 2484 &nie
492 2439 633 2499 superbiam
650 2443 794 2501 Quaesitum
831 2437 865 2487 ab
888 2439 935 2499 iis,
961 2452 1031 2502 quae
1056 2440 1091 2489 ad
1112 2455 1138 2490 v.
1161 2442 1257 2502 patere
1273 2446 1353 2505 ὄντων

268 2504 371 2553 meritis
392 2506 447 2569 (οᾱ.
459 2510 483 2569 3,
493 2510 533 2571 30,
549 2512 599 2575 it.)
613 2542 640 2549 -
662 2516 792 2580 spissim]
830 2513 976 2575 pertinent,
996 2526 1084 2577 neque
1102 2516 1290 2579 expenderunt
1304 2520 1355 2569 iio-

268 2574 500 2645 ἐνθουσιασμόν,
520 2586 628 2647 quierit
642 2592 791 2653 opponitur.
830 2587 928 2636 ratium
949 2600 984 2636 ne
1005 2589 1111 2650 poetice
1133 2590 1246 2652 quidem
1267 2592 1354 2641 dicere

270 2651 323 2701 Cfr.
335 2653 382 2702 Od.
396 2655 420 2713 2,
433 2656 473 2716 46,
484 2656 524 2706 38.
537 2658 584 2708 Od.
597 2660 623 2719 t,
636 2662 661 2722 3,
674 2663 714 2713 it.
734 2666 793 2714 irie
830 2661 962 2723 potuisse,
980 2663 1069 2711 semet
1085 2663 1174 2725 ipsum
1190 2662 1280 2725 lyram
1297 2678 1353 2716 esse

269 2717 360 2765 eutem
382 2718 449 2768 haec
467 2721 608 2782 perficiunt
625 2730 732 2789 poetam
750 2728 793 2779 tali
830 2734 978 2797 pulsurum.
1024 2736 1081 2785 Hoc
1110 2737 1189 2787 dicit:
1230 2739 1353 2790 «Docebo

268 2790 376 2838 nomine
400 2790 532 2855 dignum,
555 2797 706 2861 ingenium,
736 2806 794 2854 stu·
831 2810 928 2859 choros
951 2808 1052 2872 (aecae
1068 2824 1192 2861 meorum
1214 2814 1353 2875 mm)

270 2860 357 2922 dium,
376 2862 446 2913 iama
463 2868 569 2930 utrique
582 2875 758 2937 respondens.
830 2876 944 2951 ῥυθμὸν
957 2884 1120 2947 Sapphicum
1137 2886 1266 2937 carminis
1282 2901 1355 2939 socu-

302 2936 342 2984 3⁴.
373 2938 625 3009 Vireioumpm'mee]
648 2949 793 3003 «nohum»
832 2956 919 3005 laris.»

269 3008 350 3058 Erant
384 3014 474 3065 autem
509 3018 624 3081 virgines
658 3026 685 3073 et
717 3028 793 3089 pueri
863 3030 903 3079 37.
922 3030 963 3081 38.
982 3032 1049 3093 Rite]
1068 3044 1116 3082 «ex
1133 3035 1185 3083 ritu
1202 3034 1354 3086 inhiscec·

270 3082 376 3145 patrimi
402 3089 429 3137 et
453 3092 582 3155 matrimi,
612 3110 644 3146 ex
670 3100 794 3161 gentibus
831 3105 950 3155 timoniis
970 3107 1114 3168 antiquitus
1134 3106 1212 3157 nobis
1233 3109 1353 3160 tradito.-

271 3158 400 3220 patriciis,
436 3166 592 3226 parentibus
623 3174 795 3225 confarreatis
834 3205 861 3213 -
879 3178 942 3240 face]
962 3178 1105 3228 alumine.»
1135 3181 1219 3230 Diana
1236 3184 1354 3233 Lucifera

271 3232 360 3292 geniti·
830 3253 857 3301 in
874 3252 989 3315 antiquis
1006 3254 1187 3303 monumentis
1203 3259 1252 3305 aut
1268 3256 1353 3307 lunam

305 3304 414 3359 33-36.
434 3315 524 3381 totale]
543 3321 609 3382 «qui
627 3324 690 3373 estis
708 3324 735 3371 in
752 3327 795 3373 tu·
831 3328 1000 3376 crescentem
1024 3338 1047 3374 s.
1070 3323 1193 3377 talcatam
1218 3329 1246 3378 in
1270 3331 1353 3394 capite

272 3376 461 3435 talemence.»
480 3389 573 3442 Catuli.
587 3393 632 3454 at,
646 3396 675 3444 t:
694 3398 795 3447 Diceae
830 3398 914 3447 habet
935 3399 982 3447 aut
1003 3398 1090 3448 iacem
1112 3398 1205 3449 dextra
1223 3404 1299 3453 tanet
1314 3404 1355 3453 aut

272 3464 357 3503 mmm
371 3456 792 3535 infidoPuettoeetpaeriinteffle'.
831 3473 944 3533 utroque
971 3470 1096 3535 symbolo
1114 3476 1207 3522 ornata
1225 3476 1354 3540 conspici·

273 3550 301 3561 -
312 3527 453 3597 cohibeatis]
465 3536 597 3590 «simensis
609 3542 634 3591 in
647 3543 715 3607 tuga,
728 3545 794 3595 dum
832 3547 883 3594 tur.
903 3544 956 3595 Cir.
976 3544 1055 3596 Millin
1073 3546 1139 3596 Gott.
1152 3549 1257 3608 mettot.
1270 3552 1302 3599 N.
1316 3550 1351 3599 93.

272 3611 318 3650 cos
336 3604 436 3666 sagittis
459 3609 611 3674 transfigit.»
641 3616 743 3669 Cellim.
762 3621 792 3669 ii.
832 3620 889 3667 tii.
910 3620 966 3668 tte.
981 3620 1037 3669 iet.
1056 3620 1123 3670 iiiuc
1140 3621 1220 3684 soph.
1235 3624 1352 3674 Trachin.

271 3673 346 3723 Dian.
367 3678 414 3727 ⁴6:
440 3675 550 3734 ὁππότε
566 3690 669 3752 μηκέτι
688 3689 795 3757 λύγκας
831 3692 889 3743 ait.
919 3696 998 3742 vocat
1025 3686 1156 3764 ’Ἄρτεμιν
1194 3691 1353 3763 Ὀρτυγίαν,

272 3742 345 3812 Μήτ’
363 3749 491 3818 ἐλάφους
507 3755 653 3825 βάλλοιμι.
672 3792 698 3801 -
712 3768 795 3817 Lesbi-
832 3763 1038 3827 ἑλαφαβόλον,
1065 3760 1244 3839 ἀμφίπυρον.
1276 3773 1354 3821 Dicti-

271 3834 337 3870 um·
344 3828 441 3893 pedem]
456 3834 572 3883 metrum
582 3838 751 3901 sapphicum.
766 3870 793 3877 -
833 3854 893 3891 mus
915 3844 941 3891 ia
963 3841 1068 3892 Anthol.
1091 3843 1145 3894 Pei.
1169 3846 1188 3894 l.
1212 3858 1273 3909 pag.
1291 3848 1351 3898 sii:

272 3896 369 3950 Pollice
391 3904 479 3969 icimn]
503 3910 730 3977 χειρονομοῦντά
747 3930 793 3979 με.
833 3908 1352 3989 Φωσφόρος,ὦσώτειρ’-·Ἀρτεμι.-

274 3970 339 4021 Vide
365 3975 528 4033 Boissonade
555 3983 588 4033 ad
612 3986 742 4039 Aristaeo.
766 4003 793 4053 p.
833 3990 973 4052 Noctiluca]
1001 3988 1181 4056 νυκτιφαής,
1200 3992 1354 4059 medac-

271 4044 330 4093 384.
361 4049 417 4099 Non
440 4052 474 4103 de
497 4056 554 4120 ipsa
571 4058 687 4111 citherae
705 4061 793 4125 puise-
833 4060 899 4127 πής.
935 4066 1002 4115 Item
1032 4062 1217 4135 σελασφόρος
1244 4070 1352 4119 Pansae.

274 4118 359 4183 sione,
395 4125 443 4175 sed
469 4126 502 4177 dc
529 4134 653 4184 carminis
674 4130 794 4203 ῥυθμῷ,
835 4138 959 4200 t,3t,2.
979 4142 1006 4189 et
1022 4136 1184 4211 φωσφόρος
1209 4141 1296 4202 idi,
1317 4142 1352 4199 31,
