2934 4884
666 347 796 398 nontin
813 347 940 398 EPODON

482 503 598 569 Terras
620 511 653 568 et
674 501 849 568 humanum
872 522 993 589 genus.
1016 549 1020 557 ,

435 621 522 702 Quid
545 623 605 688 iste
626 623 687 688 4444
709 621 887 688 tumultus?
909 635 964 688 aut
985 623 1063 709 quid
1086 623 1229 688 omniurn

478 742 589 809 Voltus
611 744 644 808 in
665 765 766 808 unum
788 763 840 809 me
863 745 998 809 truces?

436 865 498 930 Per
521 863 641 930 liberos
664 876 711 940 te,
737 865 764 930 si
787 876 900 930 vocata
923 865 1080 951 partubus

479 985 601 1051 Lucina
621 985 709 1051 veris
731 984 838 1058 affixit,

439 1110 501 1174 Per
523 1105 585 1172 hoc
608 1107 702 1172 inane
726 1125 889 1193 purpurae
914 1106 1016 1174 decus
1039 1127 1168 1194 precor,

482 1231 544 1295 Per
574 1226 827 1318 improbaturum
849 1225 930 1294 haee
952 1229 1076 1303 lovem,

437 1349 524 1428 Quid
546 1359 582 1414 ut
604 1369 746 1415 noverea
769 1369 820 1416 me
844 1348 978 1416 intueris
1000 1360 1056 1415 aut
1081 1349 1125 1414 uti

334 1531 359 1580 3.
379 1534 425 1578 aut
440 1529 501 1590 quid
517 1527 592 1587 BSd,
610 1527 727 1578 Oberiini
746 1528 782 1587 B,
809 1527 928 1576 Pottierii
946 1528 976 1586 4,
995 1527 1023 1586 3,
1044 1526 1170 1586 tuan,
1198 1526 1329 1578 Aldinae:

301 1610 325 1653 et
342 1603 403 1666 quid
419 1601 469 1662 bc,
488 1600 581 1652 Bland.
600 1604 741 1663 quattuor,
761 1601 827 1661 LCt,
846 1599 994 1658 Bentteius,
1013 1601 1080 1650 Fut.

269 1764 333 1802 men
354 1764 408 1800 une
428 1763 476 1800 ure
497 1749 631 1800 4444444444
656 1748 795 1799 Canidiam
832 1749 916 1798 codd.
936 1749 1018 1799 etiam
1034 1748 1133 1799 Horatii
1150 1747 1226 1799 multi
1238 1751 1364 1812 quidquid

268 1826 415 1874 hanovere
432 1824 539 1874 nomine
557 1822 638 1872 fuisse
650 1822 795 1872 Gratidiam
831 1849 845 1860 -
856 1824 954 1886 -repia
974 1823 1026 1872 Sed
1044 1826 1117 1874 reeta
1129 1823 1280 1875 Bentieius:
1303 1828 1364 1876 «tte-

269 1897 469 1964 Neapoiitanam
485 1898 690 1960 unguentariam
708 1897 733 1959 (4
746 1896 793 1946 cir.
830 1897 868 1960 pit
884 1896 918 1947 ab
936 1897 1043 1947 Horatio
1060 1898 1211 1961 proiectum
1229 1901 1281 1948 est.
1301 1901 1360 1950 Non

269 1987 314 2022 vv.
327 1974 368 2023 444.
381 1973 432 2033 60.)
450 1975 479 2022 44
493 1971 657 2031 veneticam,
676 1972 795 2021 44444444
832 1971 904 2020 enim
927 1984 995 2034 puer
1017 1969 1059 2021 4144
1077 1971 1144 2022 deos
1161 1973 1205 2022 hio
1223 1977 1359 2036 precatur,

270 2049 309 2098 444
326 2047 470 2109 iooigratia
481 2044 653 2110 appellatam.
667 2071 696 2081 -
722 2045 795 2106 (44444
831 2045 880 2095 aed
898 2045 1035 2095 Canidiam
1053 2049 1081 2095 et
1097 2047 1184 2096 sociae
1202 2045 1362 2110 alloquitur,

270 2121 373 2186 epodus
392 2121 504 2170 cnorum
527 2120 601 2170 ducit
620 2133 714 2169 eorum
737 2132 797 2168 oar-
831 2131 919 2182 naque
937 2133 1001 2170 vero
1019 2120 1151 2169 invocatio
1170 2119 1286 2170 deorum
1305 2125 1362 2177 est,

271 2197 387 2254 minum,
420 2197 447 2244 in
475 2193 573 2257 quihus
602 2193 710 2244 canidio
739 2193 795 2243 sive
832 2192 882 2244 sed
907 2192 1064 2244 exclamatio
1090 2193 1244 2254 dumtaxat,
1271 2195 1361 2257 qualia

271 2268 386 2318 Gratidio
407 2268 542 2318 diffamata
562 2272 612 2319 eet.
648 2268 703 2318 Cir.
722 2269 798 2317 Butt·
832 2267 998 2329 4444444444,
1014 2267 1197 2330 protuppiter,
1214 2269 1360 2319 4444444444

271 2355 352 2392 mann
373 2340 481 2405 Mythol.
500 2344 520 2392 4.
540 2356 566 2407 p.
585 2342 660 2392 334.»
688 2343 795 2391 44444444.
830 2343 905 2406 444444
922 2345 991 2393 eet.»
1021 2343 1066 2393 Est
1086 2341 1260 2407 simpliciter:
1285 2357 1318 2394 «o
1334 2345 1365 2394 di

270 2417 364 2467 Eidem
381 2417 496 2480 scriptus
512 2417 619 2467 videtur
633 2430 657 2465 a.
679 2417 736 2465 747.
755 2413 797 2465 vel
834 2415 976 2476 caelestes,
1000 2419 1120 2467 rectores
1138 2419 1273 2468 terrarum
1292 2425 1363 2469 cet..

270 2492 343 2552 ata,
362 2490 533 2542 Groteiendio
549 2505 573 2540 a.
593 2490 650 2541 744.
866 2491 921 2540 3-4.
938 2489 995 2554 sert]
1015 2491 1092 2540 «novi
1109 2489 1199 2551 affert,
1221 2490 1363 2548 4414444444

304 2567 329 2614 4.
346 2567 386 2631 At]
406 2567 462 2616 Hoc
478 2564 538 2616 ioco
555 2571 584 2615 at
599 2563 738 2614 abundare
756 2563 799 2613 di·
834 2576 962 2627 quorsum
974 2565 1013 2614 444
1024 2563 1263 2615 44444444444444444»
1277 2593 1307 2603 -
1318 2574 1363 2616 nat

271 2640 308 2688 444
324 2640 450 2689 Priscian.
470 2640 516 2699 47,
535 2639 591 2699 74,
618 2638 798 2688 adornatum
834 2639 901 2703 quid]
925 2639 996 2689 44444
1014 2637 1093 2689 lectio
1112 2640 1361 2703 antiquissimorum

270 2711 359 2763 sotum
383 2715 517 2776 pertinere
542 2713 650 2762 Servius
670 2711 706 2761 ad
730 2713 796 2760 Aen.
834 2713 918 2764 codd.
936 2713 974 2764 BS
996 2713 1153 2764 auctoritate
1170 2715 1277 2766 firmata
1304 2729 1363 2766 me·

271 2789 299 2847 7,
318 2787 376 2836 363.
395 2789 510 2846 Verum,
532 2785 578 2834 ubi
594 2791 623 2834 at
638 2786 679 2836 sio
696 2786 799 2835 orditur
833 2787 884 2838 iios
906 2787 1030 2850 exprimit
1051 2787 1188 2840 turbatum
1210 2791 1287 2853 pueri
1308 2791 1364 2840 ani-

271 2861 432 2919 mationem,
463 2859 586 2923 exprimit
613 2859 694 2908 animi
720 2873 798 2910 oum·
836 2873 911 2912 mum
923 2859 1215 2924 quamalteraetptid.
1236 2865 1364 2926 Siopmr

271 2934 337 2983 moti
362 2935 493 2997 impetum
519 2946 551 2983 ac
576 2933 797 2996 trepidationem,
836 2947 882 2985 aus
899 2934 983 2998 Epod.
1006 2935 1034 2994 7,
1062 2937 1102 2997 4.,
1129 2935 1177 2986 uhi
1201 2937 1260 2987 sine
1282 2949 1362 2987 causa

272 3021 334 3058 eum
352 3009 397 3071 qui
417 3007 532 3071 loquitur
548 3021 578 3059 se
596 3007 685 3059 subito
704 3009 730 3058 in
747 3007 799 3059 aiio
836 3008 1044 3071 cuninghemius
1056 3009 1139 3060 votuit
1154 3015 1178 3060 44
1194 3024 1249 3060 cun
1265 3037 1295 3047 -
1308 3015 1363 3060 444-

271 3095 354 3146 quam
379 3085 458 3132 antea
483 3085 554 3132 atatu
576 3081 737 3133 collocatum
758 3083 799 3132 vi·
835 3083 887 3147 444]
908 3086 1049 3146 «quattuor
1065 3097 1189 3147 saganam
1206 3083 1295 3135 voltus
1314 3085 1363 3134 mi-

271 3157 327 3216 det,
346 3158 426 3219 atque
444 3154 565 3206 dotorem
582 3159 611 3206 et
626 3159 694 3208 iram
716 3157 799 3220 443444-
836 3159 952 3208 nitantur
977 3158 1002 3207 in
1029 3169 1074 3208 me
1101 3158 1250 3209 4444444444
1279 3185 1308 3196 -
1332 3157 1361 3220 44]

272 3231 342 3282 iicet.
377 3230 430 3280 Cir.
455 3230 531 3280 tiand
553 3230 664 3283 Turseli.
689 3232 709 3281 1.
737 3243 797 3294 pag.
834 3234 889 3282 lam
907 3231 942 3282 ad
959 3231 1110 3290 Canidiam,
1138 3243 1265 3293 sagarum
1288 3233 1363 3296 prin·

272 3307 329 3357 449.
343 3305 439 3358 44444.
466 3306 508 3354 Sie
522 3307 603 3357 etiam
618 3307 800 3367 GraeciTyr-
836 3309 939 3370 oipem,
957 3318 1019 3356 aeae
1037 3304 1150 3355 eoniert.

271 3386 349 3432 444444
365 3382 390 3432 8.
409 3381 607 3431 Schneidewin:
627 3375 695 3430 Ἀλλ’
713 3375 799 3449 Ἡρα·
869 3381 956 3430 44-44).
983 3378 1095 3442 Lucina]
1115 3375 1168 3428 Cir.
1192 3378 1283 3429 Carm.
1305 3393 1359 3430 see.

271 3451 362 3518 κλῆος
383 3451 439 3525 γὰρ
459 3450 601 3519 ἀνικήτου
624 3457 707 3520 γένος
722 3452 797 3503 ἐστέ.
836 3456 875 3504 te.
905 3454 1017 3517 Egregie
1037 3453 1138 3502 iocatur
1155 3453 1182 3501 in
1201 3465 1230 3501 44
1249 3455 1361 3504 4444444·

272 3528 402 3590 Theoguis
419 3527 482 3580 3444
507 3525 604 3589 Ἀλλά,
627 3524 697 3588 Ζεῦ,
721 3524 800 3578 xiia·
836 3530 903 3579 sima
920 3527 1011 3577 verbis
1028 3526 1159 3590 ambiguis
1183 3539 1265 3586 usus,
1293 3540 1360 3591 quae

271 3599 327 3653 σόν
354 3595 568 3666 μον-εὐχήν.
600 3629 629 3638 -
659 3601 798 3667 quidquid]
836 3603 863 3651 in
882 3601 951 3650 anxii
974 3600 1051 3663 pueri
1073 3613 1120 3650 ore
1143 3600 1361 3650 innocentissima

271 3677 346 3727 ovid.
365 3678 427 3726 niet.
447 3677 492 3737 to,
512 3677 558 3727 ⁴8:
585 3676 707 3738 4444444444
727 3691 800 3726 mor-
835 3675 971 3724 videntur:
1002 3675 1039 3724 «si
1060 3687 1155 3737 reapse
1179 3673 1280 3724 Lucina
1305 3676 1361 3724 tuos

271 3753 322 3801 tato
341 3763 470 3800 44444444.
507 3751 569 3800 tior.
589 3751 644 3800 Sat.
667 3751 695 3810 4,
718 3751 748 3809 6,
768 3752 797 3800 t:
836 3752 928 3814 pertua
950 3749 1027 3808 iuvit,
1053 3751 1084 3797 ut
1103 3747 1197 3812 procul
1219 3748 1303 3799 dubio
1322 3750 1361 3798 iu-

271 3825 400 3885 44444444
421 3824 544 3885 quidqud
559 3823 679 3873 44444444
693 3824 799 3874 4444444444
837 3826 905 3883 vit3»
931 3836 965 3872 ex
988 3825 1084 3886 poetae
1109 3835 1192 3873 sensu
1214 3823 1360 3874 mordacia-

269 3901 339 3961 paea.
374 3899 461 3948 Etiam
479 3899 504 3948 in
520 3897 638 3961 pedestri
650 3911 689 3947 or.
703 3899 758 3948 Liv.
772 3899 796 3956 4,
835 3899 902 3948 eima
924 3898 1000 3946 aunt:
1028 3896 1066 3946 «si
1086 3908 1206 3960 unquam
1225 3911 1291 3948 vere
1313 3911 1361 3960 pe-

272 3975 300 4022 5:
323 3974 446 4035 4444444444
461 3974 755 4035 44444444--4444443,
772 3974 796 4022 9.
837 3973 966 4037 peristip»
993 3983 1047 4034 quo
1072 3970 1131 4034 ipso
1155 3971 1286 4034 significat
1310 3971 1360 4020 Ca·

272 4048 385 4096 wantos
406 4061 455 4109 per
471 4049 593 4109 quidquid
620 4049 725 4098 44444444
752 4051 796 4097 eat.
836 4046 935 4096 nidiam
953 4043 1032 4094 444444
1046 4043 1097 4093 sibi
1114 4045 1289 4108 supposuisse
1300 4057 1359 4110 par-

273 4120 416 4170 Diomedae
432 4135 459 4185 p.
477 4122 533 4172 tat.
554 4124 582 4172 et
602 4123 752 4172 Priscianus
769 4133 796 4184 p.
833 4123 886 4171 tus.
919 4118 980 4181 (Cir.
1004 4118 1089 4182 Epod.
1110 4120 1155 4179 47,
1180 4119 1231 4180 tto.)
1250 4143 1278 4154 -
1295 4131 1359 4180 pur-

274 4191 346 4242 44044.
368 4195 395 4241 Ρ.
417 4193 517 4244 habent
544 4195 796 4258 quiaquia-wopis,
831 4207 915 4255 purae
942 4192 1029 4255 decue]
1059 4196 1147 4255 togam
1180 4194 1356 4256 praetextam.
