<?xml version="1.0" encoding="UTF-8"?>
<!DOCTYPE html PUBLIC "-//W3C//DTD XHTML 1.0 Transitional//EN"
    "http://www.w3.org/TR/xhtml1/DTD/xhtml1-transitional.dtd">
<html xmlns="http://www.w3.org/1999/xhtml" xml:lang="en" lang="en">
 <head>
  <title>
</title>
<meta http-equiv="Content-Type" content="text/html;charset=utf-8" />
  <meta name='ocr-system' content='tesseract 3.04.00' />
  <meta name='ocr-capabilities' content='ocr_page ocr_carea ocr_par ocr_line ocrx_word'/>
</head>
<body>
  <div class='ocr_page' id='page_1' title='image "./qhoratiusflaccu04baitgoog/qhoratiusflaccu04baitgoog_0774.png"; bbox 0 0 2934 4884; ppageno 0'>
   <div class='ocr_carea' id='block_1_1' title="bbox 667 303 944 354">
    <p class='ocr_par' dir='ltr' id='par_1_1' title="bbox 667 303 944 354">
     <span class='ocr_line' id='line_1_1' title="bbox 667 303 944 354; baseline 0 0"><span class='ocrx_word' id='word_1_1' title='bbox 667 303 797 354; x_wconf 73' lang='lat' dir='ltr'><strong>llOllA&#39;l‘ll</strong></span> <span class='ocrx_word' id='word_1_2' title='bbox 815 303 944 354; x_wconf 75' lang='lat' dir='ltr'><strong>Esouort</strong></span> 
     </span>
    </p>
   </div>
   <div class='ocr_carea' id='block_1_2' title="bbox 395 457 1366 1030">
    <p class='ocr_par' dir='ltr' id='par_1_2' title="bbox 395 457 942 530">
     <span class='ocr_line' id='line_1_2' title="bbox 395 457 942 530; baseline -0.011 -3"><span class='ocrx_word' id='word_1_3' title='bbox 395 460 560 528; x_wconf 87' lang='lat' dir='ltr'><strong>lniuriosis</strong></span> <span class='ocrx_word' id='word_1_4' title='bbox 581 459 693 526; x_wconf 83' lang='lat' dir='ltr'><strong>aridus</strong></span> <span class='ocrx_word' id='word_1_5' title='bbox 715 458 818 525; x_wconf 87' lang='lat' dir='ltr'><strong>ventis</strong></span> <span class='ocrx_word' id='word_1_6' title='bbox 832 457 942 530; x_wconf 66' lang='lat' dir='ltr'><strong>seror,</strong></span> 
     </span>
    </p>

    <p class='ocr_par' dir='ltr' id='par_1_3' title="bbox 396 576 1366 906">
     <span class='ocr_line' id='line_1_3' title="bbox 396 576 1366 650; baseline -0.009 0"><span class='ocrx_word' id='word_1_7' title='bbox 396 582 490 650; x_wconf 85' lang='lat' dir='ltr'><strong>Cales</strong></span> <span class='ocrx_word' id='word_1_8' title='bbox 516 582 652 649; x_wconf 81' lang='lat' dir='ltr'><strong>venenis</strong></span> <span class='ocrx_word' id='word_1_9' title='bbox 672 579 800 647; x_wconf 84' lang='lat' dir='ltr'><strong>officina</strong></span> <span class='ocrx_word' id='word_1_10' title='bbox 823 576 989 646; x_wconf 81' lang='lat' dir='ltr'><strong>Colchicis.</strong></span> <span class='ocrx_word' id='word_1_11' title='bbox 1322 579 1366 642; x_wconf 78' lang='lat'><strong>35</strong></span> 
     </span>
     <span class='ocr_line' id='line_1_4' title="bbox 396 697 1219 789; baseline -0.009 -20"><span class='ocrx_word' id='word_1_12' title='bbox 396 705 489 783; x_wconf 86' lang='lat' dir='ltr'><strong>Quae</strong></span> <span class='ocrx_word' id='word_1_13' title='bbox 511 701 584 768; x_wconf 87' lang='lat' dir='ltr'><strong>finis</strong></span> <span class='ocrx_word' id='word_1_14' title='bbox 605 711 661 767; x_wconf 87' lang='lat' dir='ltr'><strong>aut</strong></span> <span class='ocrx_word' id='word_1_15' title='bbox 682 700 771 789; x_wconf 86' lang='lat' dir='ltr'><strong>qnod</strong></span> <span class='ocrx_word' id='word_1_16' title='bbox 792 719 846 766; x_wconf 90' lang='lat' dir='ltr'><strong>me</strong></span> <span class='ocrx_word' id='word_1_17' title='bbox 869 708 977 764; x_wconf 85' lang='lat' dir='ltr'><strong>manet</strong></span> <span class='ocrx_word' id='word_1_18' title='bbox 1000 697 1219 785; x_wconf 72' lang='lat' dir='ltr'>stipendium?</span> 
     </span>
     <span class='ocr_line' id='line_1_5' title="bbox 396 816 1103 906; baseline -0.011 -16"><span class='ocrx_word' id='word_1_19' title='bbox 396 822 521 901; x_wconf 84' lang='lat' dir='ltr'><strong>lillarc;</strong></span> <span class='ocrx_word' id='word_1_20' title='bbox 544 823 651 888; x_wconf 89' lang='lat' dir='ltr'><strong>iussas</strong></span> <span class='ocrx_word' id='word_1_21' title='bbox 671 841 746 888; x_wconf 90' lang='lat' dir='ltr'><strong>cum</strong></span> <span class='ocrx_word' id='word_1_22' title='bbox 771 819 835 885; x_wconf 87' lang='lat' dir='ltr'><strong>lide</strong></span> <span class='ocrx_word' id='word_1_23' title='bbox 854 839 978 906; x_wconf 85' lang='lat' dir='ltr'><strong>poenes</strong></span> <span class='ocrx_word' id='word_1_24' title='bbox 1001 816 1103 894; x_wconf 87' lang='lat' dir='ltr'><strong>luam,</strong></span> 
     </span>
    </p>

    <p class='ocr_par' dir='ltr' id='par_1_4' title="bbox 397 939 1000 1030">
     <span class='ocr_line' id='line_1_6' title="bbox 397 939 1000 1030; baseline -0.013 -18"><span class='ocrx_word' id='word_1_25' title='bbox 397 947 532 1012; x_wconf 82' lang='lat' dir='ltr'><strong>Paratus</strong></span> <span class='ocrx_word' id='word_1_26' title='bbox 555 942 702 1030; x_wconf 85' lang='lat' dir='ltr'><strong>expiare,</strong></span> <span class='ocrx_word' id='word_1_27' title='bbox 726 961 785 1008; x_wconf 88' lang='lat' dir='ltr'><strong>sou</strong></span> <span class='ocrx_word' id='word_1_28' title='bbox 808 939 1000 1028; x_wconf 81' lang='lat' dir='ltr'><strong>poposceris</strong></span> 
     </span>
    </p>
   </div>
   <div class='ocr_carea' id='block_1_3' title="bbox 303 1185 1331 1400">
    <p class='ocr_par' dir='ltr' id='par_1_5' title="bbox 303 1185 1331 1400">
     <span class='ocr_line' id='line_1_7' title="bbox 336 1185 1331 1250; baseline -0.002 -10"><span class='ocrx_word' id='word_1_29' title='bbox 336 1190 376 1240; x_wconf 80' lang='grc'><strong>38.</strong></span> <span class='ocrx_word' id='word_1_30' title='bbox 394 1191 518 1248; x_wconf 61' lang='lat' dir='ltr'><strong>matus,</strong></span> <span class='ocrx_word' id='word_1_31' title='bbox 544 1187 650 1250; x_wconf 72' lang='lat' dir='ltr'><strong>aspirare</strong></span> <span class='ocrx_word' id='word_1_32' title='bbox 673 1188 695 1237; x_wconf 88' lang='lat' dir='ltr'><strong>si</strong></span> <span class='ocrx_word' id='word_1_33' title='bbox 714 1186 858 1248; x_wconf 67' lang='lat' dir='ltr'><strong>poposceris</strong></span> <span class='ocrx_word' id='word_1_34' title='bbox 874 1185 977 1238; x_wconf 68' lang='lat' dir='ltr'><strong>emron</strong></span> <span class='ocrx_word' id='word_1_35' title='bbox 993 1185 1116 1248; x_wconf 68' lang='lat' dir='ltr'><strong>iuvencis,</strong></span> <span class='ocrx_word' id='word_1_36' title='bbox 1144 1187 1195 1236; x_wconf 85' lang='lat' dir='ltr'><strong>sice</strong></span> <span class='ocrx_word' id='word_1_37' title='bbox 1213 1188 1331 1238; x_wconf 59' lang='lat' dir='ltr'><strong>meudun</strong></span> 
     </span>
     <span class='ocr_line' id='line_1_8' title="bbox 303 1257 1326 1326; baseline -0.003 -12"><span class='ocrx_word' id='word_1_38' title='bbox 303 1265 363 1326; x_wconf 77' lang='lat' dir='ltr'><strong>ipro</strong></span> <span class='ocrx_word' id='word_1_39' title='bbox 389 1265 458 1314; x_wconf 85' lang='lat' dir='ltr'><strong>Voiss</strong></span> <span class='ocrx_word' id='word_1_40' title='bbox 480 1275 585 1325; x_wconf 80' lang='lat' dir='ltr'><strong>sonoro,</strong></span> <span class='ocrx_word' id='word_1_41' title='bbox 613 1262 648 1311; x_wconf 82' lang='lat' dir='ltr'><strong>Ta</strong></span> <span class='ocrx_word' id='word_1_42' title='bbox 668 1262 778 1324; x_wconf 73' lang='grc' dir='ltr'><strong>ρεᾱίεα,</strong></span> <span class='ocrx_word' id='word_1_43' title='bbox 805 1265 833 1311; x_wconf 82' lang='lat' dir='ltr'><strong>to</strong></span> <span class='ocrx_word' id='word_1_44' title='bbox 852 1261 900 1324; x_wconf 84' lang='lat' dir='ltr'><strong>pio</strong></span> <span class='ocrx_word' id='word_1_45' title='bbox 924 1257 1042 1310; x_wconf 79' lang='lat' dir='ltr'><strong>malebat</strong></span> <span class='ocrx_word' id='word_1_46' title='bbox 1056 1259 1190 1312; x_wconf 83' lang='lat' dir='ltr'><strong>Bentlclus</strong></span> <span class='ocrx_word' id='word_1_47' title='bbox 1214 1263 1241 1312; x_wconf 90' lang='lat' dir='ltr'><strong>in</strong></span> <span class='ocrx_word' id='word_1_48' title='bbox 1259 1261 1326 1312; x_wconf 80' lang='lat' dir='ltr'><strong>Add.</strong></span> 
     </span>
     <span class='ocr_line' id='line_1_9' title="bbox 304 1332 1119 1400; baseline -0.006 -12"><span class='ocrx_word' id='word_1_49' title='bbox 304 1338 405 1400; x_wconf 73' lang='lat' dir='ltr'><strong>(som</strong></span> <span class='ocrx_word' id='word_1_50' title='bbox 421 1335 522 1388; x_wconf 82' lang='lat' dir='ltr'><strong>scilicet</strong></span> <span class='ocrx_word' id='word_1_51' title='bbox 538 1353 570 1398; x_wconf 87' lang='grc' dir='ltr'><strong>κ,</strong></span> <span class='ocrx_word' id='word_1_52' title='bbox 588 1351 607 1396; x_wconf 85' lang='grc' dir='ltr'>χ</span> <span class='ocrx_word' id='word_1_53' title='bbox 625 1335 693 1396; x_wconf 89' lang='lat' dir='ltr'><strong>dno,</strong></span> <span class='ocrx_word' id='word_1_54' title='bbox 711 1349 753 1399; x_wconf 88' lang='lat' dir='ltr'><strong>pr.</strong></span> <span class='ocrx_word' id='word_1_55' title='bbox 771 1333 805 1395; x_wconf 82' lang='grc' dir='ltr'><strong>β,</strong></span> <span class='ocrx_word' id='word_1_56' title='bbox 825 1337 852 1386; x_wconf 83' lang='grc' dir='ltr'><strong>ει</strong></span> <span class='ocrx_word' id='word_1_57' title='bbox 868 1332 968 1398; x_wconf 80' lang='lat' dir='ltr'><strong>aliquot</strong></span> <span class='ocrx_word' id='word_1_58' title='bbox 984 1335 1119 1397; x_wconf 78' lang='lat' dir='ltr'><strong>Pottierli.)</strong></span> 
     </span>
    </p>
   </div>
   <div class='ocr_carea' id='block_1_4' title="bbox 272 1557 1362 4215">
    <p class='ocr_par' dir='ltr' id='par_1_6' title="bbox 272 1557 1362 4215">
     <span class='ocr_line' id='line_1_10' title="bbox 272 1557 1358 1626; baseline -0.004 -14"><span class='ocrx_word' id='word_1_59' title='bbox 272 1561 393 1626; x_wconf 85' lang='lat' dir='ltr'><strong>pretatur</strong></span> <span class='ocrx_word' id='word_1_60' title='bbox 409 1560 597 1624; x_wconf 58' lang='lat' dir='ltr'><strong>perpetuam,</strong></span> <span class='ocrx_word' id='word_1_61' title='bbox 615 1571 720 1620; x_wconf 67' lang='lat' dir='ltr'><strong>auam,</strong></span> <span class='ocrx_word' id='word_1_62' title='bbox 744 1571 797 1608; x_wconf 91' lang='lat' dir='ltr'><strong>non</strong></span> <span class='ocrx_word' id='word_1_63' title='bbox 834 1561 904 1610; x_wconf 84' lang='lat' dir='ltr'><strong>nnec</strong></span> <span class='ocrx_word' id='word_1_64' title='bbox 920 1569 1027 1610; x_wconf 83' lang='lat' dir='ltr'><strong>summa</strong></span> <span class='ocrx_word' id='word_1_65' title='bbox 1042 1557 1136 1608; x_wconf 84' lang='lat' dir='ltr'><strong>iniuria</strong></span> <span class='ocrx_word' id='word_1_66' title='bbox 1154 1560 1182 1610; x_wconf 88' lang='lat' dir='ltr'><strong>ei</strong></span> <span class='ocrx_word' id='word_1_67' title='bbox 1199 1557 1358 1610; x_wconf 76' lang='lat' dir='ltr'><strong>contumelio</strong></span> 
     </span>
     <span class='ocr_line' id='line_1_11' title="bbox 272 1632 1357 1698; baseline -0.003 -14"><span class='ocrx_word' id='word_1_68' title='bbox 272 1633 517 1698; x_wconf 74' lang='lat' dir='ltr'><strong>languescentem.»</strong></span> <span class='ocrx_word' id='word_1_69' title='bbox 536 1633 799 1684; x_wconf 75' lang='lat' dir='ltr'><strong>contradicitBent·</strong></span> <span class='ocrx_word' id='word_1_70' title='bbox 836 1634 892 1694; x_wconf 86' lang='lat' dir='ltr'><strong>est,</strong></span> <span class='ocrx_word' id='word_1_71' title='bbox 919 1632 1024 1682; x_wconf 83' lang='lat' dir='ltr'><strong>cineres</strong></span> <span class='ocrx_word' id='word_1_72' title='bbox 1047 1632 1074 1682; x_wconf 92' lang='lat' dir='ltr'><strong>in</strong></span> <span class='ocrx_word' id='word_1_73' title='bbox 1092 1632 1188 1682; x_wconf 84' lang='lat' dir='ltr'><strong>ventos</strong></span> <span class='ocrx_word' id='word_1_74' title='bbox 1214 1633 1311 1697; x_wconf 75' lang='lat' dir='ltr'><strong>spargi.</strong></span> <span class='ocrx_word' id='word_1_75' title='bbox 1330 1661 1357 1667; x_wconf 99' lang='lat'>-</span> 
     </span>
     <span class='ocr_line' id='line_1_12' title="bbox 273 1705 1358 1770; baseline -0.001 -12"><span class='ocrx_word' id='word_1_76' title='bbox 273 1707 355 1767; x_wconf 80' lang='lat' dir='ltr'><strong>icius.</strong></span> <span class='ocrx_word' id='word_1_77' title='bbox 372 1707 460 1770; x_wconf 67' lang='lat' dir='ltr'><strong>(tirsus</strong></span> <span class='ocrx_word' id='word_1_78' title='bbox 475 1705 646 1770; x_wconf 75' lang='lat' dir='ltr'><strong>praeferens:</strong></span> <span class='ocrx_word' id='word_1_79' title='bbox 665 1709 738 1757; x_wconf 69' lang='lat' dir='ltr'><strong>aNon</strong></span> <span class='ocrx_word' id='word_1_80' title='bbox 749 1719 799 1755; x_wconf 85' lang='lat' dir='ltr'><strong>uu·</strong></span> <span class='ocrx_word' id='word_1_81' title='bbox 837 1707 907 1769; x_wconf 78' lang='lat' dir='ltr'><strong>Quos</strong></span> <span class='ocrx_word' id='word_1_82' title='bbox 923 1705 988 1770; x_wconf 61' lang='lat' dir='ltr'><strong>ficu]</strong></span> <span class='ocrx_word' id='word_1_83' title='bbox 1007 1707 1063 1756; x_wconf 86' lang='lat' dir='ltr'><strong>lloc</strong></span> <span class='ocrx_word' id='word_1_84' title='bbox 1082 1718 1164 1757; x_wconf 89' lang='lat' dir='ltr'><strong>seusu</strong></span> <span class='ocrx_word' id='word_1_85' title='bbox 1181 1719 1265 1770; x_wconf 85' lang='lat' dir='ltr'><strong>saepe</strong></span> <span class='ocrx_word' id='word_1_86' title='bbox 1279 1719 1358 1757; x_wconf 83' lang='lat' dir='ltr'><strong>usur-</strong></span> 
     </span>
     <span class='ocr_line' id='line_1_13' title="bbox 273 1777 1358 1844; baseline -0.002 -13"><span class='ocrx_word' id='word_1_87' title='bbox 273 1783 342 1841; x_wconf 84' lang='lat' dir='ltr'><strong>iem,</strong></span> <span class='ocrx_word' id='word_1_88' title='bbox 361 1781 384 1830; x_wconf 88' lang='lat' dir='ltr'><strong>si</strong></span> <span class='ocrx_word' id='word_1_89' title='bbox 395 1783 481 1841; x_wconf 82' lang='lat' dir='ltr'><strong>aetas,</strong></span> <span class='ocrx_word' id='word_1_90' title='bbox 499 1777 668 1830; x_wconf 84' lang='lat' dir='ltr'><strong>translatione</strong></span> <span class='ocrx_word' id='word_1_91' title='bbox 681 1779 798 1830; x_wconf 86' lang='lat' dir='ltr'><strong>avernis</strong></span> <span class='ocrx_word' id='word_1_92' title='bbox 835 1781 900 1844; x_wconf 85' lang='lat' dir='ltr'><strong>pant</strong></span> <span class='ocrx_word' id='word_1_93' title='bbox 917 1791 977 1844; x_wconf 78' lang='lat' dir='ltr'><strong>gen.</strong></span> <span class='ocrx_word' id='word_1_94' title='bbox 995 1778 1085 1830; x_wconf 82' lang='lat' dir='ltr'><strong>iamin.</strong></span> <span class='ocrx_word' id='word_1_95' title='bbox 1112 1781 1167 1831; x_wconf 88' lang='lat' dir='ltr'><strong>Cic.</strong></span> <span class='ocrx_word' id='word_1_96' title='bbox 1186 1779 1222 1830; x_wconf 85' lang='lat' dir='ltr'><strong>de</strong></span> <span class='ocrx_word' id='word_1_97' title='bbox 1240 1782 1317 1844; x_wconf 73' lang='lat' dir='ltr'><strong>legg.</strong></span> <span class='ocrx_word' id='word_1_98' title='bbox 1329 1780 1358 1840; x_wconf 72' lang='lat' dir='ltr'><strong>i,</strong></span> 
     </span>
     <span class='ocr_line' id='line_1_14' title="bbox 272 1852 1356 1918; baseline -0.006 -9"><span class='ocrx_word' id='word_1_99' title='bbox 272 1853 386 1909; x_wconf 87' lang='lat' dir='ltr'><strong>lloribus</strong></span> <span class='ocrx_word' id='word_1_100' title='bbox 402 1855 523 1918; x_wconf 83' lang='lat' dir='ltr'><strong>sumpta,</strong></span> <span class='ocrx_word' id='word_1_101' title='bbox 545 1854 629 1904; x_wconf 77' lang='lat' dir='ltr'><strong>oirsrs</strong></span> <span class='ocrx_word' id='word_1_102' title='bbox 644 1852 714 1905; x_wconf 84' lang='lat' dir='ltr'><strong>bede</strong></span> <span class='ocrx_word' id='word_1_103' title='bbox 731 1853 799 1904; x_wconf 87' lang='lat' dir='ltr'><strong>dici-</strong></span> <span class='ocrx_word' id='word_1_104' title='bbox 835 1855 881 1914; x_wconf 71' lang='lat'><strong>22,</strong></span> <span class='ocrx_word' id='word_1_105' title='bbox 895 1855 944 1904; x_wconf 79' lang='lat'><strong>55:</strong></span> <span class='ocrx_word' id='word_1_106' title='bbox 963 1867 1028 1916; x_wconf 81' lang='lat' dir='ltr'><strong>qaas</strong></span> <span class='ocrx_word' id='word_1_107' title='bbox 1042 1855 1100 1918; x_wconf 66' lang='lat' dir='ltr'><strong>tint</strong></span> <span class='ocrx_word' id='word_1_108' title='bbox 1114 1854 1228 1917; x_wconf 67' lang='lat' dir='ltr'><strong>[auum</strong></span> <span class='ocrx_word' id='word_1_109' title='bbox 1236 1855 1356 1917; x_wconf 61' lang='lat' dir='ltr'><strong>furnius.</strong></span> 
     </span>
     <span class='ocr_line' id='line_1_15' title="bbox 274 1926 1356 1993; baseline -0.002 -15"><span class='ocrx_word' id='word_1_110' title='bbox 274 1933 330 1990; x_wconf 88' lang='lat' dir='ltr'><strong>tur,</strong></span> <span class='ocrx_word' id='word_1_111' title='bbox 356 1928 456 1979; x_wconf 86' lang='lat' dir='ltr'><strong>idcirco</strong></span> <span class='ocrx_word' id='word_1_112' title='bbox 478 1929 560 1979; x_wconf 84' lang='lat' dir='ltr'><strong>etiam</strong></span> <span class='ocrx_word' id='word_1_113' title='bbox 583 1930 702 1993; x_wconf 68' lang='lat' dir='ltr'><strong>timeas,</strong></span> <span class='ocrx_word' id='word_1_114' title='bbox 729 1940 799 1991; x_wconf 85' lang='lat' dir='ltr'><strong>quae</strong></span> <span class='ocrx_word' id='word_1_115' title='bbox 836 1929 937 1979; x_wconf 76' lang='lat' dir='ltr'><strong>Atticus</strong></span> <span class='ocrx_word' id='word_1_116' title='bbox 953 1928 1025 1992; x_wconf 84' lang='lat' dir='ltr'><strong>spud</strong></span> <span class='ocrx_word' id='word_1_117' title='bbox 1041 1929 1095 1979; x_wconf 89' lang='lat' dir='ltr'><strong>Cic.</strong></span> <span class='ocrx_word' id='word_1_118' title='bbox 1114 1926 1148 1978; x_wconf 90' lang='lat' dir='ltr'><strong>ed</strong></span> <span class='ocrx_word' id='word_1_119' title='bbox 1164 1929 1216 1978; x_wconf 74' lang='lat' dir='ltr'><strong>sit.</strong></span> <span class='ocrx_word' id='word_1_120' title='bbox 1230 1929 1259 1990; x_wconf 83' lang='grc'><strong>9,</strong></span> <span class='ocrx_word' id='word_1_121' title='bbox 1273 1927 1356 1990; x_wconf 80' lang='lat' dir='ltr'><strong>l0,i:</strong></span> 
     </span>
     <span class='ocr_line' id='line_1_16' title="bbox 274 2000 1356 2067; baseline -0.001 -15"><span class='ocrx_word' id='word_1_122' title='bbox 274 2005 331 2053; x_wconf 85' lang='lat' dir='ltr'><strong>toto</strong></span> <span class='ocrx_word' id='word_1_123' title='bbox 354 2015 453 2066; x_wconf 78' lang='lat' dir='ltr'><strong>genere</strong></span> <span class='ocrx_word' id='word_1_124' title='bbox 476 2002 568 2067; x_wconf 85' lang='lat' dir='ltr'><strong>dispar</strong></span> <span class='ocrx_word' id='word_1_125' title='bbox 590 2005 657 2053; x_wconf 77' lang='lat' dir='ltr'><strong>ast.»</strong></span> <span class='ocrx_word' id='word_1_126' title='bbox 687 2002 799 2053; x_wconf 83' lang='lat' dir='ltr'><strong>Holmen</strong></span> <span class='ocrx_word' id='word_1_127' title='bbox 837 2015 902 2064; x_wconf 76' lang='lat' dir='ltr'><strong>pisos</strong></span> <span class='ocrx_word' id='word_1_128' title='bbox 918 2002 984 2051; x_wconf 79' lang='lat' dir='ltr'><strong>enirn</strong></span> <span class='ocrx_word' id='word_1_129' title='bbox 1001 2003 1060 2066; x_wconf 70' lang='lat' dir='ltr'><strong>{tois</strong></span> <span class='ocrx_word' id='word_1_130' title='bbox 1076 2000 1312 2066; x_wconf 61' lang='lat' dir='ltr'><strong>permutationis?</strong></span> <span class='ocrx_word' id='word_1_131' title='bbox 1331 2027 1356 2039; x_wconf 94' lang='lat'>-</span> 
     </span>
     <span class='ocr_line' id='line_1_17' title="bbox 275 2075 1357 2140; baseline -0.001 -14"><span class='ocrx_word' id='word_1_132' title='bbox 275 2075 433 2138; x_wconf 81' lang='lat' dir='ltr'><strong>Peerlkamp</strong></span> <span class='ocrx_word' id='word_1_133' title='bbox 444 2076 539 2137; x_wconf 73' lang='lat' dir='ltr'><strong>virm,</strong></span> <span class='ocrx_word' id='word_1_134' title='bbox 558 2076 632 2140; x_wconf 90' lang='lat' dir='ltr'><strong>quod</strong></span> <span class='ocrx_word' id='word_1_135' title='bbox 643 2089 739 2127; x_wconf 82' lang='lat' dir='ltr'><strong>varum</strong></span> <span class='ocrx_word' id='word_1_136' title='bbox 753 2089 801 2139; x_wconf 93' lang='lat' dir='ltr'><strong>pu·</strong></span> <span class='ocrx_word' id='word_1_137' title='bbox 838 2075 965 2140; x_wconf 84' lang='lat' dir='ltr'><strong>Coictiois]</strong></span> <span class='ocrx_word' id='word_1_138' title='bbox 991 2075 1117 2127; x_wconf 76' lang='lat' dir='ltr'><strong>«Medeae</strong></span> <span class='ocrx_word' id='word_1_139' title='bbox 1138 2089 1307 2127; x_wconf 82' lang='lat' dir='ltr'><strong>venenorum</strong></span> <span class='ocrx_word' id='word_1_140' title='bbox 1323 2076 1357 2125; x_wconf 89' lang='lat' dir='ltr'><strong>si-</strong></span> 
     </span>
     <span class='ocr_line' id='line_1_18' title="bbox 275 2147 1360 2214; baseline 0.001 -15"><span class='ocrx_word' id='word_1_141' title='bbox 275 2152 326 2211; x_wconf 83' lang='lat' dir='ltr'><strong>tat,</strong></span> <span class='ocrx_word' id='word_1_142' title='bbox 348 2147 461 2214; x_wconf 81' lang='lat' dir='ltr'><strong>explicat</strong></span> <span class='ocrx_word' id='word_1_143' title='bbox 479 2148 623 2214; x_wconf 71' lang='lat' dir='ltr'><strong>«fulgens»,</strong></span> <span class='ocrx_word' id='word_1_144' title='bbox 641 2161 801 2214; x_wconf 86' lang='lat' dir='ltr'><strong>comparans</strong></span> <span class='ocrx_word' id='word_1_145' title='bbox 838 2147 980 2200; x_wconf 75' lang='lat' dir='ltr'><strong>minimis.»</strong></span> <span class='ocrx_word' id='word_1_146' title='bbox 998 2148 1046 2199; x_wconf 95' lang='lat' dir='ltr'><strong>0d.</strong></span> <span class='ocrx_word' id='word_1_147' title='bbox 1065 2151 1095 2212; x_wconf 75' lang='lat'><strong>2,</strong></span> <span class='ocrx_word' id='word_1_148' title='bbox 1115 2149 1159 2212; x_wconf 81' lang='lat'><strong>⁴3,</strong></span> <span class='ocrx_word' id='word_1_149' title='bbox 1180 2149 1205 2201; x_wconf 85' lang='lat'><strong>8.</strong></span> <span class='ocrx_word' id='word_1_150' title='bbox 1222 2178 1251 2187; x_wconf 94' lang='lat'>-</span> <span class='ocrx_word' id='word_1_151' title='bbox 1274 2151 1360 2214; x_wconf 63' lang='lat' dir='ltr'><strong>slipen</strong></span> 
     </span>
     <span class='ocr_line' id='line_1_19' title="bbox 276 2221 1361 2287; baseline -0.001 -13"><span class='ocrx_word' id='word_1_152' title='bbox 276 2223 360 2274; x_wconf 82' lang='lat' dir='ltr'><strong>Plent.</strong></span> <span class='ocrx_word' id='word_1_153' title='bbox 373 2225 539 2276; x_wconf 81' lang='lat' dir='ltr'><strong>Menaechm.</strong></span> <span class='ocrx_word' id='word_1_154' title='bbox 556 2227 585 2286; x_wconf 82' lang='lat' dir='ltr'><strong>ii,</strong></span> <span class='ocrx_word' id='word_1_155' title='bbox 603 2226 633 2287; x_wconf 74' lang='lat'><strong>2,</strong></span> <span class='ocrx_word' id='word_1_156' title='bbox 652 2225 696 2275; x_wconf 80' lang='lat'><strong>76:</strong></span> <span class='ocrx_word' id='word_1_157' title='bbox 726 2224 802 2274; x_wconf 78' lang='lat' dir='ltr'><strong>Vides</strong></span> <span class='ocrx_word' id='word_1_158' title='bbox 838 2224 916 2286; x_wconf 83' lang='lat' dir='ltr'><strong>dium]</strong></span> <span class='ocrx_word' id='word_1_159' title='bbox 937 2221 1099 2275; x_wconf 78' lang='lat' dir='ltr'><strong>vocobulum</strong></span> <span class='ocrx_word' id='word_1_160' title='bbox 1117 2225 1158 2274; x_wconf 85' lang='lat' dir='ltr'><strong>ast</strong></span> <span class='ocrx_word' id='word_1_161' title='bbox 1173 2223 1310 2286; x_wconf 86' lang='lat' dir='ltr'><strong>medium,</strong></span> <span class='ocrx_word' id='word_1_162' title='bbox 1334 2227 1361 2274; x_wconf 88' lang='lat' dir='ltr'><strong>ut</strong></span> 
     </span>
     <span class='ocr_line' id='line_1_20' title="bbox 276 2295 1360 2361; baseline -0.001 -13"><span class='ocrx_word' id='word_1_163' title='bbox 276 2297 574 2350; x_wconf 80' lang='lat' dir='ltr'><strong>toiiiiocaiosoirsrs?</strong></span> <span class='ocrx_word' id='word_1_164' title='bbox 593 2299 802 2348; x_wconf 76' lang='lat' dir='ltr'><strong>Uioiridissco-</strong></span> <span class='ocrx_word' id='word_1_165' title='bbox 835 2295 1360 2361; x_wconf 75' lang='lat' dir='ltr'><strong>praamtm,niarcss;h.l.igriur·mnl-</strong></span> 
     </span>
     <span class='ocr_line' id='line_1_21' title="bbox 275 2369 1358 2440; baseline -0.001 -18"><span class='ocrx_word' id='word_1_166' title='bbox 275 2373 344 2422; x_wconf 78' lang='lat' dir='ltr'><strong>iiior</strong></span> <span class='ocrx_word' id='word_1_167' title='bbox 376 2373 442 2423; x_wconf 83' lang='lat' dir='ltr'><strong>colos</strong></span> <span class='ocrx_word' id='word_1_168' title='bbox 474 2374 517 2423; x_wconf 76' lang='lat' dir='ltr'><strong>lic</strong></span> <span class='ocrx_word' id='word_1_169' title='bbox 545 2373 697 2440; x_wconf 73' lang='lat' dir='ltr'><strong>temporibus</strong></span> <span class='ocrx_word' id='word_1_170' title='bbox 726 2377 802 2432; x_wconf 68' lang='lat' dir='ltr'><strong>mons</strong></span> <span class='ocrx_word' id='word_1_171' title='bbox 839 2376 880 2434; x_wconf 87' lang='lat' dir='ltr'><strong>ta,</strong></span> <span class='ocrx_word' id='word_1_172' title='bbox 907 2385 1025 2436; x_wconf 75' lang='lat' dir='ltr'><strong>poena»,</strong></span> <span class='ocrx_word' id='word_1_173' title='bbox 1043 2385 1109 2434; x_wconf 83' lang='lat' dir='ltr'><strong>non,</strong></span> <span class='ocrx_word' id='word_1_174' title='bbox 1135 2375 1166 2422; x_wconf 88' lang='lat' dir='ltr'><strong>ut</strong></span> <span class='ocrx_word' id='word_1_175' title='bbox 1190 2369 1234 2422; x_wconf 84' lang='lat' dir='ltr'><strong>elii</strong></span> <span class='ocrx_word' id='word_1_176' title='bbox 1260 2371 1358 2431; x_wconf 85' lang='lat' dir='ltr'><strong>volunt,</strong></span> 
     </span>
     <span class='ocr_line' id='line_1_22' title="bbox 275 2445 1312 2511; baseline -0.005 -14"><span class='ocrx_word' id='word_1_177' title='bbox 275 2447 371 2510; x_wconf 70' lang='lat' dir='ltr'><strong>frosm</strong></span> <span class='ocrx_word' id='word_1_178' title='bbox 391 2447 492 2498; x_wconf 82' lang='lat' dir='ltr'><strong>Verum</strong></span> <span class='ocrx_word' id='word_1_179' title='bbox 507 2447 606 2498; x_wconf 88' lang='lat' dir='ltr'><strong>rectior</strong></span> <span class='ocrx_word' id='word_1_180' title='bbox 620 2445 802 2511; x_wconf 73' lang='lat' dir='ltr'><strong>interpretatio</strong></span> <span class='ocrx_word' id='word_1_181' title='bbox 841 2459 924 2511; x_wconf 79' lang='lat' dir='ltr'><strong>«opus</strong></span> <span class='ocrx_word' id='word_1_182' title='bbox 940 2459 1044 2510; x_wconf 87' lang='lat' dir='ltr'><strong>poenae</strong></span> <span class='ocrx_word' id='word_1_183' title='bbox 1061 2445 1121 2498; x_wconf 91' lang='lat' dir='ltr'><strong>loco</strong></span> <span class='ocrx_word' id='word_1_184' title='bbox 1138 2447 1312 2498; x_wconf 75' lang='lat' dir='ltr'><strong>iniunctum.»</strong></span> 
     </span>
     <span class='ocr_line' id='line_1_23' title="bbox 277 2519 1359 2586; baseline -0.002 -14"><span class='ocrx_word' id='word_1_185' title='bbox 277 2522 319 2572; x_wconf 85' lang='lat' dir='ltr'><strong>esi</strong></span> <span class='ocrx_word' id='word_1_186' title='bbox 334 2520 369 2570; x_wconf 91' lang='lat' dir='ltr'><strong>de</strong></span> <span class='ocrx_word' id='word_1_187' title='bbox 386 2521 512 2572; x_wconf 81' lang='lat' dir='ltr'><strong>flammae</strong></span> <span class='ocrx_word' id='word_1_188' title='bbox 529 2520 676 2583; x_wconf 74' lang='lat' dir='ltr'><strong>sulfureae,</strong></span> <span class='ocrx_word' id='word_1_189' title='bbox 695 2519 802 2585; x_wconf 81' lang='lat' dir='ltr'><strong>qirslem</strong></span> <span class='ocrx_word' id='word_1_190' title='bbox 873 2521 905 2572; x_wconf 81' lang='lat'><strong>38</strong></span> <span class='ocrx_word' id='word_1_191' title='bbox 921 2546 936 2557; x_wconf 96' lang='lat'>-</span> <span class='ocrx_word' id='word_1_192' title='bbox 952 2520 994 2573; x_wconf 74' lang='lat' dir='ltr'><strong>lo,</strong></span> <span class='ocrx_word' id='word_1_193' title='bbox 1023 2521 1143 2584; x_wconf 59' lang='lat' dir='ltr'><strong>sepiam</strong></span> <span class='ocrx_word' id='word_1_194' title='bbox 1173 2535 1279 2586; x_wconf 75' lang='lat' dir='ltr'><strong>«poene</strong></span> <span class='ocrx_word' id='word_1_195' title='bbox 1303 2523 1359 2572; x_wconf 78' lang='lat' dir='ltr'><strong>ets</strong></span> 
     </span>
     <span class='ocr_line' id='line_1_24' title="bbox 277 2593 1361 2659; baseline 0.001 -16"><span class='ocrx_word' id='word_1_196' title='bbox 277 2595 384 2646; x_wconf 81' lang='lat' dir='ltr'><strong>exhalat</strong></span> <span class='ocrx_word' id='word_1_197' title='bbox 400 2598 495 2657; x_wconf 76' lang='lat' dir='ltr'><strong>Aetna,</strong></span> <span class='ocrx_word' id='word_1_198' title='bbox 515 2595 604 2646; x_wconf 88' lang='lat' dir='ltr'><strong>colore</strong></span> <span class='ocrx_word' id='word_1_199' title='bbox 621 2597 691 2646; x_wconf 86' lang='lat' dir='ltr'><strong>inter</strong></span> <span class='ocrx_word' id='word_1_200' title='bbox 704 2593 802 2659; x_wconf 80' lang='lat' dir='ltr'><strong>gilrum</strong></span> <span class='ocrx_word' id='word_1_201' title='bbox 841 2595 983 2647; x_wconf 80' lang='lat' dir='ltr'><strong>constituta</strong></span> <span class='ocrx_word' id='word_1_202' title='bbox 999 2595 1132 2658; x_wconf 79' lang='lat' dir='ltr'><strong>patienter</strong></span> <span class='ocrx_word' id='word_1_203' title='bbox 1148 2594 1292 2646; x_wconf 83' lang='lat' dir='ltr'><strong>subeunda</strong></span> <span class='ocrx_word' id='word_1_204' title='bbox 1308 2594 1361 2644; x_wconf 89' lang='lat' dir='ltr'><strong>lua-</strong></span> 
     </span>
     <span class='ocr_line' id='line_1_25' title="bbox 276 2669 1359 2733; baseline 0.001 -14"><span class='ocrx_word' id='word_1_205' title='bbox 276 2669 432 2721; x_wconf 83' lang='lat' dir='ltr'><strong>viridemet</strong></span> <span class='ocrx_word' id='word_1_206' title='bbox 447 2669 602 2722; x_wconf 82' lang='lat' dir='ltr'><strong>caeruleum</strong></span> <span class='ocrx_word' id='word_1_207' title='bbox 622 2669 720 2721; x_wconf 88' lang='lat' dir='ltr'><strong>madio.</strong></span> <span class='ocrx_word' id='word_1_208' title='bbox 755 2669 804 2719; x_wconf 82' lang='lat' dir='ltr'><strong>lie-</strong></span> <span class='ocrx_word' id='word_1_209' title='bbox 840 2683 871 2720; x_wconf 92' lang='lat' dir='ltr'><strong>re</strong></span> <span class='ocrx_word' id='word_1_210' title='bbox 888 2671 997 2733; x_wconf 87' lang='lat' dir='ltr'><strong>peccata</strong></span> <span class='ocrx_word' id='word_1_211' title='bbox 1018 2681 1094 2730; x_wconf 81' lang='lat' dir='ltr'><strong>maa,</strong></span> <span class='ocrx_word' id='word_1_212' title='bbox 1124 2670 1180 2720; x_wconf 86' lang='lat' dir='ltr'><strong>sive</strong></span> <span class='ocrx_word' id='word_1_213' title='bbox 1198 2670 1359 2733; x_wconf 86' lang='lat' dir='ltr'><strong>poposceris.</strong></span> 
     </span>
     <span class='ocr_line' id='line_1_26' title="bbox 277 2739 1360 2808; baseline 0 -16"><span class='ocrx_word' id='word_1_214' title='bbox 277 2741 366 2806; x_wconf 83' lang='lat' dir='ltr'><strong>liquse</strong></span> <span class='ocrx_word' id='word_1_215' title='bbox 383 2743 453 2794; x_wconf 87' lang='lat' dir='ltr'><strong>duae</strong></span> <span class='ocrx_word' id='word_1_216' title='bbox 470 2742 597 2794; x_wconf 82' lang='lat' dir='ltr'><strong>lectiones</strong></span> <span class='ocrx_word' id='word_1_217' title='bbox 613 2744 711 2807; x_wconf 81' lang='lat' dir='ltr'><strong>partim</strong></span> <span class='ocrx_word' id='word_1_218' title='bbox 727 2755 803 2793; x_wconf 86' lang='lat' dir='ltr'><strong>mero</strong></span> <span class='ocrx_word' id='word_1_219' title='bbox 841 2746 871 2794; x_wconf 89' lang='lat' dir='ltr'><strong>ut</strong></span> <span class='ocrx_word' id='word_1_220' title='bbox 887 2739 1054 2808; x_wconf 76' lang='grc' dir='ltr'><strong><em>ἑκατόμβην</em></strong></span> <span class='ocrx_word' id='word_1_221' title='bbox 1070 2755 1121 2806; x_wconf 90' lang='lat' dir='ltr'><strong>pro</strong></span> <span class='ocrx_word' id='word_1_222' title='bbox 1138 2741 1244 2807; x_wconf 85' lang='lat' dir='ltr'><strong>piaculo</strong></span> <span class='ocrx_word' id='word_1_223' title='bbox 1256 2743 1360 2794; x_wconf 78' lang='lat' dir='ltr'><strong>oderam</strong></span> 
     </span>
     <span class='ocr_line' id='line_1_27' title="bbox 279 2816 1360 2880; baseline -0.002 -12"><span class='ocrx_word' id='word_1_224' title='bbox 279 2819 364 2869; x_wconf 88' lang='lat' dir='ltr'><strong>errori</strong></span> <span class='ocrx_word' id='word_1_225' title='bbox 380 2817 515 2867; x_wconf 86' lang='lat' dir='ltr'><strong>debentur</strong></span> <span class='ocrx_word' id='word_1_226' title='bbox 530 2816 636 2880; x_wconf 76' lang='lat' dir='ltr'><strong>(aram),</strong></span> <span class='ocrx_word' id='word_1_227' title='bbox 654 2817 751 2879; x_wconf 86' lang='lat' dir='ltr'><strong>partim</strong></span> <span class='ocrx_word' id='word_1_228' title='bbox 762 2817 804 2866; x_wconf 86' lang='lat' dir='ltr'><strong>in·</strong></span> <span class='ocrx_word' id='word_1_229' title='bbox 842 2819 911 2868; x_wconf 77' lang='lat' dir='ltr'><strong>cet.»</strong></span> <span class='ocrx_word' id='word_1_230' title='bbox 928 2817 1043 2879; x_wconf 74' lang='lat' dir='ltr'><strong>licpiors</strong></span> <span class='ocrx_word' id='word_1_231' title='bbox 1066 2821 1167 2867; x_wconf 70' lang='lat' dir='ltr'><strong>ossius</strong></span> <span class='ocrx_word' id='word_1_232' title='bbox 1186 2818 1298 2867; x_wconf 65' lang='lat' dir='ltr'><strong>iuram</strong></span> <span class='ocrx_word' id='word_1_233' title='bbox 1317 2817 1360 2867; x_wconf 86' lang='lat' dir='ltr'><strong>atsi</strong></span> 
     </span>
     <span class='ocr_line' id='line_1_28' title="bbox 277 2889 1362 2957; baseline -0.002 -15"><span class='ocrx_word' id='word_1_234' title='bbox 277 2889 445 2954; x_wconf 84' lang='lat' dir='ltr'><strong>tarpolaiioni</strong></span> <span class='ocrx_word' id='word_1_235' title='bbox 463 2889 581 2953; x_wconf 49' lang='lat' dir='ltr'><strong>(pomp</strong></span> <span class='ocrx_word' id='word_1_236' title='bbox 599 2902 649 2954; x_wconf 90' lang='lat' dir='ltr'><strong>pro</strong></span> <span class='ocrx_word' id='word_1_237' title='bbox 667 2903 720 2953; x_wconf 84' lang='lat' dir='ltr'><strong>que</strong></span> <span class='ocrx_word' id='word_1_238' title='bbox 737 2889 804 2940; x_wconf 80' lang='lat' dir='ltr'><strong>ade-</strong></span> <span class='ocrx_word' id='word_1_239' title='bbox 841 2905 891 2957; x_wconf 88' lang='lat' dir='ltr'><strong>par</strong></span> <span class='ocrx_word' id='word_1_240' title='bbox 908 2905 937 2942; x_wconf 88' lang='lat' dir='ltr'><strong>sa</strong></span> <span class='ocrx_word' id='word_1_241' title='bbox 954 2893 1059 2942; x_wconf 86' lang='lat' dir='ltr'><strong>rectum</strong></span> <span class='ocrx_word' id='word_1_242' title='bbox 1077 2893 1131 2953; x_wconf 83' lang='lat' dir='ltr'><strong>ast,</strong></span> <span class='ocrx_word' id='word_1_243' title='bbox 1149 2893 1241 2941; x_wconf 76' lang='lat' dir='ltr'><strong>temcn</strong></span> <span class='ocrx_word' id='word_1_244' title='bbox 1259 2895 1362 2956; x_wconf 86' lang='lat' dir='ltr'><strong>propter</strong></span> 
     </span>
     <span class='ocr_line' id='line_1_29' title="bbox 279 2963 1362 3028; baseline 0.002 -14"><span class='ocrx_word' id='word_1_245' title='bbox 279 2965 342 3014; x_wconf 86' lang='lat' dir='ltr'><strong>runt</strong></span> <span class='ocrx_word' id='word_1_246' title='bbox 358 2964 463 3013; x_wconf 84' lang='lat' dir='ltr'><strong>Lucret.</strong></span> <span class='ocrx_word' id='word_1_247' title='bbox 482 2964 512 3024; x_wconf 57' lang='grc' dir='ltr'><strong>ἲ,</strong></span> <span class='ocrx_word' id='word_1_248' title='bbox 531 2963 594 3014; x_wconf 75' lang='lat' dir='ltr'><strong>tsi:</strong></span> <span class='ocrx_word' id='word_1_249' title='bbox 620 2964 730 3014; x_wconf 74' lang='lat' dir='ltr'><strong>liciniis</strong></span> <span class='ocrx_word' id='word_1_250' title='bbox 744 2978 804 3015; x_wconf 79' lang='lat' dir='ltr'><strong>osso</strong></span> <span class='ocrx_word' id='word_1_251' title='bbox 842 2978 1005 3018; x_wconf 87' lang='lat' dir='ltr'><strong>consensum</strong></span> <span class='ocrx_word' id='word_1_252' title='bbox 1031 2964 1116 3016; x_wconf 92' lang='lat' dir='ltr'><strong>Codd.</strong></span> <span class='ocrx_word' id='word_1_253' title='bbox 1140 2965 1280 3028; x_wconf 79' lang='lat' dir='ltr'><strong>antiquiss.</strong></span> <span class='ocrx_word' id='word_1_254' title='bbox 1305 2967 1362 3016; x_wconf 87' lang='lat' dir='ltr'><strong>reli-</strong></span> 
     </span>
     <span class='ocr_line' id='line_1_30' title="bbox 279 3037 1362 3102; baseline 0.002 -14"><span class='ocrx_word' id='word_1_255' title='bbox 279 3038 343 3102; x_wconf 70' lang='lat' dir='ltr'><strong>rsm‘i</strong></span> <span class='ocrx_word' id='word_1_256' title='bbox 357 3038 457 3102; x_wconf 67' lang='lat' dir='ltr'><strong>ipsiius</strong></span> <span class='ocrx_word' id='word_1_257' title='bbox 472 3039 579 3100; x_wconf 66' lang='lat' dir='ltr'><strong>inopem</strong></span> <span class='ocrx_word' id='word_1_258' title='bbox 595 3038 688 3090; x_wconf 78' lang='lat' dir='ltr'><strong>Aetius</strong></span> <span class='ocrx_word' id='word_1_259' title='bbox 704 3042 731 3090; x_wconf 88' lang='lat' dir='ltr'><strong>et</strong></span> <span class='ocrx_word' id='word_1_260' title='bbox 745 3041 805 3090; x_wconf 87' lang='lat' dir='ltr'><strong>Vir·</strong></span> <span class='ocrx_word' id='word_1_261' title='bbox 842 3039 966 3090; x_wconf 86' lang='lat' dir='ltr'><strong>ciendum</strong></span> <span class='ocrx_word' id='word_1_262' title='bbox 980 3049 1041 3090; x_wconf 91' lang='lat' dir='ltr'><strong>esse</strong></span> <span class='ocrx_word' id='word_1_263' title='bbox 1053 3037 1202 3089; x_wconf 78' lang='lat' dir='ltr'><strong>videbatur.</strong></span> <span class='ocrx_word' id='word_1_264' title='bbox 1215 3065 1244 3074; x_wconf 93' lang='lat'>-</span> <span class='ocrx_word' id='word_1_265' title='bbox 1256 3040 1362 3090; x_wconf 81' lang='lat' dir='ltr'><strong>mssdoai</strong></span> 
     </span>
     <span class='ocr_line' id='line_1_31' title="bbox 280 3110 1362 3183; baseline -0.001 -21"><span class='ocrx_word' id='word_1_266' title='bbox 280 3111 323 3177; x_wconf 74' lang='lat' dir='ltr'><strong>gil.</strong></span> <span class='ocrx_word' id='word_1_267' title='bbox 340 3114 407 3164; x_wconf 78' lang='lat' dir='ltr'><strong>Aen.</strong></span> <span class='ocrx_word' id='word_1_268' title='bbox 425 3112 456 3175; x_wconf 76' lang='lat' dir='ltr'><strong>i,</strong></span> <span class='ocrx_word' id='word_1_269' title='bbox 483 3113 545 3164; x_wconf 80' lang='lat'><strong>670:</strong></span> <span class='ocrx_word' id='word_1_270' title='bbox 573 3115 740 3178; x_wconf 69' lang='lat' dir='ltr'><strong>domusque</strong></span> <span class='ocrx_word' id='word_1_271' title='bbox 762 3115 805 3176; x_wconf 76' lang='lat' dir='ltr'><strong>sc-</strong></span> <span class='ocrx_word' id='word_1_272' title='bbox 841 3113 908 3177; x_wconf 80' lang='lat' dir='ltr'><strong>ipro]</strong></span> <span class='ocrx_word' id='word_1_273' title='bbox 926 3113 1020 3164; x_wconf 86' lang='lat' dir='ltr'><strong>Dadiia</strong></span> <span class='ocrx_word' id='word_1_274' title='bbox 1037 3125 1119 3178; x_wconf 87' lang='lat' dir='ltr'><strong>opera</strong></span> <span class='ocrx_word' id='word_1_275' title='bbox 1135 3110 1362 3183; x_wconf 75' lang='lat' dir='ltr'><strong>hionbsipoostp</strong></span> 
     </span>
     <span class='ocr_line' id='line_1_32' title="bbox 278 3185 1359 3253; baseline -0.004 -13"><span class='ocrx_word' id='word_1_276' title='bbox 278 3193 370 3240; x_wconf 74' lang='lat' dir='ltr'><strong>miss.</strong></span> <span class='ocrx_word' id='word_1_277' title='bbox 390 3187 430 3238; x_wconf 76' lang='lat' dir='ltr'><strong>Ac</strong></span> <span class='ocrx_word' id='word_1_278' title='bbox 446 3200 527 3239; x_wconf 86' lang='lat' dir='ltr'><strong>nemo</strong></span> <span class='ocrx_word' id='word_1_279' title='bbox 544 3190 624 3251; x_wconf 78' lang='lat' dir='ltr'><strong>negat</strong></span> <span class='ocrx_word' id='word_1_280' title='bbox 639 3200 689 3253; x_wconf 88' lang='lat' dir='ltr'><strong>par</strong></span> <span class='ocrx_word' id='word_1_281' title='bbox 705 3199 735 3238; x_wconf 91' lang='lat' dir='ltr'><strong>se</strong></span> <span class='ocrx_word' id='word_1_282' title='bbox 752 3189 805 3238; x_wconf 90' lang='lat' dir='ltr'><strong>hoc</strong></span> <span class='ocrx_word' id='word_1_283' title='bbox 842 3187 936 3238; x_wconf 79' lang='lat' dir='ltr'><strong>leviter</strong></span> <span class='ocrx_word' id='word_1_284' title='bbox 955 3201 987 3237; x_wconf 84' lang='lat' dir='ltr'><strong>uc</strong></span> <span class='ocrx_word' id='word_1_285' title='bbox 1008 3199 1092 3252; x_wconf 89' lang='lat' dir='ltr'><strong>prope</strong></span> <span class='ocrx_word' id='word_1_286' title='bbox 1111 3185 1214 3236; x_wconf 89' lang='lat' dir='ltr'><strong>occulte</strong></span> <span class='ocrx_word' id='word_1_287' title='bbox 1233 3187 1359 3246; x_wconf 82' lang='lat' dir='ltr'><strong>discessit,</strong></span> 
     </span>
     <span class='ocr_line' id='line_1_33' title="bbox 280 3260 1361 3330; baseline -0.002 -18"><span class='ocrx_word' id='word_1_288' title='bbox 280 3264 355 3313; x_wconf 89' lang='lat' dir='ltr'><strong>recta</strong></span> <span class='ocrx_word' id='word_1_289' title='bbox 372 3261 440 3321; x_wconf 79' lang='lat' dir='ltr'><strong>dici3</strong></span> <span class='ocrx_word' id='word_1_290' title='bbox 464 3273 560 3330; x_wconf 73' lang='lat' dir='ltr'><strong>veram</strong></span> <span class='ocrx_word' id='word_1_291' title='bbox 580 3260 670 3312; x_wconf 85' lang='lat' dir='ltr'><strong>obsint</strong></span> <span class='ocrx_word' id='word_1_292' title='bbox 689 3261 807 3312; x_wconf 87' lang='lat' dir='ltr'><strong>anctori-</strong></span> <span class='ocrx_word' id='word_1_293' title='bbox 842 3265 873 3313; x_wconf 89' lang='lat' dir='ltr'><strong>ui</strong></span> <span class='ocrx_word' id='word_1_294' title='bbox 888 3263 916 3312; x_wconf 92' lang='lat' dir='ltr'><strong>in</strong></span> <span class='ocrx_word' id='word_1_295' title='bbox 932 3260 982 3312; x_wconf 89' lang='lat' dir='ltr'><strong>illis</strong></span> <span class='ocrx_word' id='word_1_296' title='bbox 998 3275 1024 3310; x_wconf 82' lang='lat' dir='ltr'><strong>v.</strong></span> <span class='ocrx_word' id='word_1_297' title='bbox 1043 3261 1090 3310; x_wconf 76' lang='lat'><strong>20:</strong></span> <span class='ocrx_word' id='word_1_298' title='bbox 1109 3260 1201 3310; x_wconf 64' lang='lat' dir='ltr'><strong>Ammo</strong></span> <span class='ocrx_word' id='word_1_299' title='bbox 1217 3265 1271 3311; x_wconf 88' lang='lat' dir='ltr'><strong>cei.</strong></span> <span class='ocrx_word' id='word_1_300' title='bbox 1290 3263 1361 3312; x_wconf 74' lang='lat' dir='ltr'><strong>Nini</strong></span> 
     </span>
     <span class='ocr_line' id='line_1_34' title="bbox 280 3334 1362 3399; baseline -0.003 -12"><span class='ocrx_word' id='word_1_301' title='bbox 280 3339 322 3387; x_wconf 76' lang='lat' dir='ltr'><strong>ias</strong></span> <span class='ocrx_word' id='word_1_302' title='bbox 331 3335 415 3387; x_wconf 87' lang='lat' dir='ltr'><strong>codd.</strong></span> <span class='ocrx_word' id='word_1_303' title='bbox 429 3336 584 3398; x_wconf 74' lang='lat' dir='ltr'><strong>antiquiss..</strong></span> <span class='ocrx_word' id='word_1_304' title='bbox 603 3334 701 3399; x_wconf 87' lang='lat' dir='ltr'><strong>quihus</strong></span> <span class='ocrx_word' id='word_1_305' title='bbox 712 3336 806 3398; x_wconf 85' lang='lat' dir='ltr'><strong>ntique</strong></span> <span class='ocrx_word' id='word_1_306' title='bbox 843 3347 904 3386; x_wconf 87' lang='lat' dir='ltr'><strong>rum</strong></span> <span class='ocrx_word' id='word_1_307' title='bbox 920 3336 1035 3386; x_wconf 70' lang='lat' dir='ltr'><strong>mosaci</strong></span> <span class='ocrx_word' id='word_1_308' title='bbox 1051 3335 1111 3396; x_wconf 77' lang='lat' dir='ltr'><strong>ipra</strong></span> <span class='ocrx_word' id='word_1_309' title='bbox 1128 3334 1255 3399; x_wconf 82' lang='lat' dir='ltr'><strong>ambigue</strong></span> <span class='ocrx_word' id='word_1_310' title='bbox 1273 3335 1362 3399; x_wconf 75' lang='lat' dir='ltr'><strong>signifi-</strong></span> 
     </span>
     <span class='ocr_line' id='line_1_35' title="bbox 282 3408 1361 3474; baseline -0.002 -14"><span class='ocrx_word' id='word_1_311' title='bbox 282 3409 472 3474; x_wconf 90' lang='lat' dir='ltr'><strong>obtemperare</strong></span> <span class='ocrx_word' id='word_1_312' title='bbox 488 3410 572 3459; x_wconf 86' lang='lat' dir='ltr'><strong>satius</strong></span> <span class='ocrx_word' id='word_1_313' title='bbox 583 3409 655 3459; x_wconf 87' lang='lat' dir='ltr'><strong>duxi.</strong></span> <span class='ocrx_word' id='word_1_314' title='bbox 679 3410 805 3460; x_wconf 83' lang='lat' dir='ltr'><strong>Ceterum</strong></span> <span class='ocrx_word' id='word_1_315' title='bbox 844 3408 887 3461; x_wconf 90' lang='lat' dir='ltr'><strong>cat</strong></span> <span class='ocrx_word' id='word_1_316' title='bbox 904 3410 931 3459; x_wconf 88' lang='lat' dir='ltr'><strong>st</strong></span> <span class='ocrx_word' id='word_1_317' title='bbox 947 3421 1016 3473; x_wconf 84' lang='lat' dir='ltr'><strong>quae</strong></span> <span class='ocrx_word' id='word_1_318' title='bbox 1033 3411 1095 3459; x_wconf 84' lang='lat' dir='ltr'><strong>ante</strong></span> <span class='ocrx_word' id='word_1_319' title='bbox 1116 3408 1211 3473; x_wconf 83' lang='lat' dir='ltr'><strong>(Epod.</strong></span> <span class='ocrx_word' id='word_1_320' title='bbox 1229 3410 1266 3472; x_wconf 83' lang='lat'><strong>5.)</strong></span> <span class='ocrx_word' id='word_1_321' title='bbox 1291 3422 1361 3460; x_wconf 80' lang='lat' dir='ltr'><strong>uren-</strong></span> 
     </span>
     <span class='ocr_line' id='line_1_36' title="bbox 282 3481 1360 3546; baseline -0.001 -13"><span class='ocrx_word' id='word_1_322' title='bbox 282 3486 420 3534; x_wconf 86' lang='lat' dir='ltr'><strong>constroe:</strong></span> <span class='ocrx_word' id='word_1_323' title='bbox 438 3483 534 3533; x_wconf 69' lang='grc' dir='ltr'><strong>διἐωια</strong></span> <span class='ocrx_word' id='word_1_324' title='bbox 549 3485 655 3546; x_wconf 72' lang='lat' dir='ltr'><strong>flamm</strong></span> <span class='ocrx_word' id='word_1_325' title='bbox 668 3484 753 3532; x_wconf 79' lang='lat' dir='ltr'><strong>vireas</strong></span> <span class='ocrx_word' id='word_1_326' title='bbox 764 3496 808 3532; x_wconf 83' lang='lat' dir='ltr'><strong>or-</strong></span> <span class='ocrx_word' id='word_1_327' title='bbox 844 3485 890 3534; x_wconf 87' lang='lat' dir='ltr'><strong>tita</strong></span> <span class='ocrx_word' id='word_1_328' title='bbox 912 3484 972 3533; x_wconf 85' lang='lat' dir='ltr'><strong>erat</strong></span> <span class='ocrx_word' id='word_1_329' title='bbox 991 3483 1018 3532; x_wconf 90' lang='lat' dir='ltr'><strong>ln</strong></span> <span class='ocrx_word' id='word_1_330' title='bbox 1039 3481 1192 3532; x_wconf 80' lang='lat' dir='ltr'><strong>infamanda</strong></span> <span class='ocrx_word' id='word_1_331' title='bbox 1210 3483 1318 3534; x_wconf 84' lang='lat' dir='ltr'><strong>Canidia</strong></span> <span class='ocrx_word' id='word_1_332' title='bbox 1337 3487 1360 3533; x_wconf 83' lang='lat' dir='ltr'><strong>ct</strong></span> 
     </span>
     <span class='ocr_line' id='line_1_37' title="bbox 281 3554 1358 3622; baseline 0 -14"><span class='ocrx_word' id='word_1_333' title='bbox 281 3559 322 3608; x_wconf 81' lang='lat' dir='ltr'><strong>dei</strong></span> <span class='ocrx_word' id='word_1_334' title='bbox 346 3558 373 3607; x_wconf 79' lang='lat' dir='ltr'><strong>isi</strong></span> <span class='ocrx_word' id='word_1_335' title='bbox 396 3557 477 3608; x_wconf 78' lang='lat' dir='ltr'><strong>Asino</strong></span> <span class='ocrx_word' id='word_1_336' title='bbox 499 3557 613 3620; x_wconf 70' lang='lat' dir='ltr'><strong>rosido,</strong></span> <span class='ocrx_word' id='word_1_337' title='bbox 643 3558 692 3609; x_wconf 86' lang='lat' dir='ltr'><strong>elsi</strong></span> <span class='ocrx_word' id='word_1_338' title='bbox 718 3554 805 3608; x_wconf 87' lang='lat' dir='ltr'><strong>schol.</strong></span> <span class='ocrx_word' id='word_1_339' title='bbox 844 3571 914 3622; x_wconf 87' lang='lat' dir='ltr'><strong>quae</strong></span> <span class='ocrx_word' id='word_1_340' title='bbox 931 3557 1076 3607; x_wconf 88' lang='lat' dir='ltr'><strong>mentietur</strong></span> <span class='ocrx_word' id='word_1_341' title='bbox 1092 3569 1153 3607; x_wconf 84' lang='lat' dir='ltr'><strong>eam</strong></span> <span class='ocrx_word' id='word_1_342' title='bbox 1174 3555 1316 3608; x_wconf 77' lang='lat' dir='ltr'><strong>laudando.</strong></span> <span class='ocrx_word' id='word_1_343' title='bbox 1335 3583 1358 3596; x_wconf 89' lang='lat'>-</span> 
     </span>
     <span class='ocr_line' id='line_1_38' title="bbox 283 3628 1357 3698; baseline -0.001 -17"><span class='ocrx_word' id='word_1_344' title='bbox 283 3633 410 3694; x_wconf 78' lang='lat' dir='ltr'><strong>iungunt:</strong></span> <span class='ocrx_word' id='word_1_345' title='bbox 429 3632 568 3681; x_wconf 55' lang='lat' dir='ltr'><strong>iudicaria</strong></span> <span class='ocrx_word' id='word_1_346' title='bbox 582 3630 670 3681; x_wconf 72' lang='lat' dir='ltr'><strong>Assio.</strong></span> <span class='ocrx_word' id='word_1_347' title='bbox 843 3631 939 3695; x_wconf 73' lang='lat' dir='ltr'><strong>sopori]</strong></span> <span class='ocrx_word' id='word_1_348' title='bbox 958 3633 989 3684; x_wconf 87' lang='lat' dir='ltr'><strong>Ut</strong></span> <span class='ocrx_word' id='word_1_349' title='bbox 999 3628 1081 3698; x_wconf 79' lang='grc' dir='ltr'><strong>ἠχεῖν</strong></span> <span class='ocrx_word' id='word_1_350' title='bbox 1099 3631 1188 3696; x_wconf 83' lang='lat' dir='ltr'><strong>(Soph.</strong></span> <span class='ocrx_word' id='word_1_351' title='bbox 1201 3631 1294 3682; x_wconf 83' lang='lat' dir='ltr'><strong>Trach.</strong></span> <span class='ocrx_word' id='word_1_352' title='bbox 1306 3633 1357 3683; x_wconf 73' lang='lat'><strong>865.</strong></span> 
     </span>
     <span class='ocr_line' id='line_1_39' title="bbox 316 3698 1359 3768; baseline -0.003 -13"><span class='ocrx_word' id='word_1_353' title='bbox 316 3705 404 3755; x_wconf 79' lang='grc'>33-36.</span> <span class='ocrx_word' id='word_1_354' title='bbox 422 3705 647 3768; x_wconf 65' lang='lat' dir='ltr'><strong>meimet]</strong></span> <span class='ocrx_word' id='word_1_355' title='bbox 661 3706 807 3756; x_wconf 79' lang='lat' dir='ltr'><strong>«continuo</strong></span> <span class='ocrx_word' id='word_1_356' title='bbox 844 3707 955 3758; x_wconf 82' lang='lat' dir='ltr'><strong>Theocr.</strong></span> <span class='ocrx_word' id='word_1_357' title='bbox 979 3707 1009 3766; x_wconf 71' lang='lat'><strong>2.</strong></span> <span class='ocrx_word' id='word_1_358' title='bbox 1029 3706 1077 3756; x_wconf 81' lang='lat'><strong>36:</strong></span> <span class='ocrx_word' id='word_1_359' title='bbox 1118 3701 1153 3755; x_wconf 79' lang='grc' dir='ltr'><strong>τὸ</strong></span> <span class='ocrx_word' id='word_1_360' title='bbox 1183 3703 1305 3765; x_wconf 76' lang='grc' dir='ltr'><strong><em>χαλκίον</em></strong></span> <span class='ocrx_word' id='word_1_361' title='bbox 1325 3698 1359 3766; x_wconf 75' lang='grc' dir='ltr'><strong>ὥς</strong></span> 
     </span>
     <span class='ocr_line' id='line_1_40' title="bbox 284 3771 1357 3843; baseline 0.004 -14"><span class='ocrx_word' id='word_1_362' title='bbox 284 3792 414 3830; x_wconf 83' lang='lat' dir='ltr'><strong>exercens</strong></span> <span class='ocrx_word' id='word_1_363' title='bbox 431 3782 503 3830; x_wconf 88' lang='lat' dir='ltr'><strong>artes</strong></span> <span class='ocrx_word' id='word_1_364' title='bbox 520 3781 722 3843; x_wconf 64' lang='lat' dir='ltr'><strong>immusicos,</strong></span> <span class='ocrx_word' id='word_1_365' title='bbox 742 3783 809 3830; x_wconf 78' lang='lat' dir='ltr'><strong>ism·</strong></span> <span class='ocrx_word' id='word_1_366' title='bbox 844 3776 935 3842; x_wconf 81' lang='grc' dir='ltr'><strong><em>τάχος</em></strong></span> <span class='ocrx_word' id='word_1_367' title='bbox 959 3771 1035 3840; x_wconf 76' lang='grc' dir='ltr'><strong><em>ἄχει.</em></strong></span> <span class='ocrx_word' id='word_1_368' title='bbox 1071 3779 1250 3831; x_wconf 82' lang='lat' dir='ltr'><strong>Pseudanacr.</strong></span> <span class='ocrx_word' id='word_1_369' title='bbox 1270 3781 1296 3838; x_wconf 83' lang='lat' dir='ltr'><strong>l.</strong></span> <span class='ocrx_word' id='word_1_370' title='bbox 1316 3779 1357 3840; x_wconf 76' lang='lat' dir='ltr'><strong>t),</strong></span> 
     </span>
     <span class='ocr_line' id='line_1_41' title="bbox 284 3852 1355 3918; baseline -0.003 -14"><span class='ocrx_word' id='word_1_371' title='bbox 284 3866 366 3918; x_wconf 88' lang='lat' dir='ltr'><strong>quam</strong></span> <span class='ocrx_word' id='word_1_372' title='bbox 391 3855 415 3904; x_wconf 88' lang='lat' dir='ltr'><strong>si</strong></span> <span class='ocrx_word' id='word_1_373' title='bbox 437 3855 494 3918; x_wconf 86' lang='lat' dir='ltr'><strong>ipsa</strong></span> <span class='ocrx_word' id='word_1_374' title='bbox 511 3867 586 3906; x_wconf 88' lang='lat' dir='ltr'><strong>esses</strong></span> <span class='ocrx_word' id='word_1_375' title='bbox 603 3854 706 3905; x_wconf 76' lang='lat' dir='ltr'><strong>officina</strong></span> <span class='ocrx_word' id='word_1_376' title='bbox 723 3867 808 3906; x_wconf 86' lang='lat' dir='ltr'><strong>vena·</strong></span> <span class='ocrx_word' id='word_1_377' title='bbox 845 3853 917 3918; x_wconf 87' lang='lat' dir='ltr'><strong>apud</strong></span> <span class='ocrx_word' id='word_1_378' title='bbox 928 3855 1021 3918; x_wconf 80' lang='lat' dir='ltr'><strong>poetas</strong></span> <span class='ocrx_word' id='word_1_379' title='bbox 1032 3854 1168 3904; x_wconf 80' lang='lat' dir='ltr'><strong>transitiva</strong></span> <span class='ocrx_word' id='word_1_380' title='bbox 1181 3852 1247 3917; x_wconf 82' lang='lat' dir='ltr'><strong>(Tib.</strong></span> <span class='ocrx_word' id='word_1_381' title='bbox 1258 3853 1355 3914; x_wconf 57' lang='lat' dir='ltr'><strong>atti,</strong></span> 
     </span>
     <span class='ocr_line' id='line_1_42' title="bbox 284 3926 1357 3994; baseline -0.001 -16"><span class='ocrx_word' id='word_1_382' title='bbox 284 3941 381 3978; x_wconf 89' lang='lat' dir='ltr'><strong>uorum</strong></span> <span class='ocrx_word' id='word_1_383' title='bbox 397 3940 507 3993; x_wconf 89' lang='lat' dir='ltr'><strong>semper</strong></span> <span class='ocrx_word' id='word_1_384' title='bbox 517 3926 608 3981; x_wconf 88' lang='lat' dir='ltr'><strong>calens</strong></span> <span class='ocrx_word' id='word_1_385' title='bbox 624 3931 690 3992; x_wconf 77' lang='lat' dir='ltr'><strong>igni,</strong></span> <span class='ocrx_word' id='word_1_386' title='bbox 709 3943 764 3994; x_wconf 86' lang='lat' dir='ltr'><strong>quo</strong></span> <span class='ocrx_word' id='word_1_387' title='bbox 776 3941 809 3979; x_wconf 89' lang='lat' dir='ltr'><strong>ea</strong></span> <span class='ocrx_word' id='word_1_388' title='bbox 846 3928 920 3979; x_wconf 87' lang='lat' dir='ltr'><strong>ovid.</strong></span> <span class='ocrx_word' id='word_1_389' title='bbox 948 3929 1009 3980; x_wconf 82' lang='lat' dir='ltr'><strong>liei.</strong></span> <span class='ocrx_word' id='word_1_390' title='bbox 1040 3929 1084 3988; x_wconf 82' lang='lat' dir='ltr'><strong>lo,</strong></span> <span class='ocrx_word' id='word_1_391' title='bbox 1110 3927 1177 3977; x_wconf 79' lang='lat' dir='ltr'><strong>sot:</strong></span> <span class='ocrx_word' id='word_1_392' title='bbox 1207 3932 1231 3977; x_wconf 80' lang='lat' dir='ltr'><strong>to</strong></span> <span class='ocrx_word' id='word_1_393' title='bbox 1255 3927 1357 3977; x_wconf 63' lang='lat' dir='ltr'><strong>coruus</strong></span> 
     </span>
     <span class='ocr_line' id='line_1_43' title="bbox 285 3997 1354 4065; baseline -0.003 -14"><span class='ocrx_word' id='word_1_394' title='bbox 285 4004 491 4065; x_wconf 83' lang='lat' dir='ltr'><strong>praeparantur,</strong></span> <span class='ocrx_word' id='word_1_395' title='bbox 526 3997 570 4053; x_wconf 84' lang='lat' dir='ltr'><strong>me</strong></span> <span class='ocrx_word' id='word_1_396' title='bbox 596 4003 729 4054; x_wconf 83' lang='lat' dir='ltr'><strong>conticere</strong></span> <span class='ocrx_word' id='word_1_397' title='bbox 755 4017 808 4053; x_wconf 91' lang='lat' dir='ltr'><strong>non</strong></span> <span class='ocrx_word' id='word_1_398' title='bbox 845 4001 1091 4064; x_wconf 66' lang='lat' dir='ltr'><strong>nodrosonolwrt),</strong></span> <span class='ocrx_word' id='word_1_399' title='bbox 1109 4000 1354 4065; x_wconf 79' lang='lat' dir='ltr'><strong>atpassive,utlric.</strong></span> 
     </span>
     <span class='ocr_line' id='line_1_44' title="bbox 286 4073 1355 4140; baseline 0.001 -17"><span class='ocrx_word' id='word_1_400' title='bbox 286 4075 407 4137; x_wconf 86' lang='lat' dir='ltr'><strong>desines,</strong></span> <span class='ocrx_word' id='word_1_401' title='bbox 426 4075 512 4126; x_wconf 90' lang='lat' dir='ltr'><strong>donec</strong></span> <span class='ocrx_word' id='word_1_402' title='bbox 527 4077 593 4127; x_wconf 88' lang='lat' dir='ltr'><strong>ciuis</strong></span> <span class='ocrx_word' id='word_1_403' title='bbox 610 4091 688 4128; x_wconf 86' lang='lat' dir='ltr'><strong>meus</strong></span> <span class='ocrx_word' id='word_1_404' title='bbox 703 4078 729 4128; x_wconf 90' lang='lat' dir='ltr'><strong>ln</strong></span> <span class='ocrx_word' id='word_1_405' title='bbox 741 4091 809 4128; x_wconf 88' lang='lat' dir='ltr'><strong>ven·</strong></span> <span class='ocrx_word' id='word_1_406' title='bbox 849 4104 876 4112; x_wconf 99' lang='lat'>—</span> <span class='ocrx_word' id='word_1_407' title='bbox 889 4077 924 4126; x_wconf 83' lang='lat' dir='ltr'><strong>Ta</strong></span> <span class='ocrx_word' id='word_1_408' title='bbox 932 4075 1036 4140; x_wconf 64' lang='lat' dir='ltr'><strong>pudica]</strong></span> <span class='ocrx_word' id='word_1_409' title='bbox 1049 4075 1145 4127; x_wconf 66' lang='lat' dir='ltr'><strong>thasco</strong></span> <span class='ocrx_word' id='word_1_410' title='bbox 1157 4073 1253 4126; x_wconf 89' lang='lat' dir='ltr'><strong>laudes</strong></span> <span class='ocrx_word' id='word_1_411' title='bbox 1264 4074 1308 4125; x_wconf 84' lang='lat' dir='ltr'><strong>tihi</strong></span> <span class='ocrx_word' id='word_1_412' title='bbox 1317 4075 1355 4124; x_wconf 88' lang='lat' dir='ltr'><strong>iri·</strong></span> 
     </span>
     <span class='ocr_line' id='line_1_45' title="bbox 285 4147 1354 4215; baseline 0.002 -19"><span class='ocrx_word' id='word_1_413' title='bbox 285 4149 328 4196; x_wconf 86' lang='lat' dir='ltr'><strong>tos</strong></span> <span class='ocrx_word' id='word_1_414' title='bbox 339 4147 531 4213; x_wconf 79' lang='lat' dir='ltr'><strong>dispergatur.»</strong></span> <span class='ocrx_word' id='word_1_415' title='bbox 547 4178 574 4188; x_wconf 91' lang='lat'>-</span> <span class='ocrx_word' id='word_1_416' title='bbox 591 4150 729 4215; x_wconf 67' lang='lat' dir='ltr'><strong>litationis]</strong></span> <span class='ocrx_word' id='word_1_417' title='bbox 748 4151 808 4214; x_wconf 80' lang='lat' dir='ltr'><strong>quia</strong></span> <span class='ocrx_word' id='word_1_418' title='bbox 846 4149 929 4202; x_wconf 85' lang='lat' dir='ltr'><strong>huam</strong></span> <span class='ocrx_word' id='word_1_419' title='bbox 940 4151 1019 4214; x_wconf 75' lang='lat' dir='ltr'><strong>alque</strong></span> <span class='ocrx_word' id='word_1_420' title='bbox 1032 4149 1067 4200; x_wconf 82' lang='lat' dir='ltr'><strong>ad</strong></span> <span class='ocrx_word' id='word_1_421' title='bbox 1081 4148 1187 4202; x_wconf 85' lang='lat' dir='ltr'><strong>cneluur</strong></span> <span class='ocrx_word' id='word_1_422' title='bbox 1198 4151 1224 4202; x_wconf 86' lang='lat' dir='ltr'><strong>ia</strong></span> <span class='ocrx_word' id='word_1_423' title='bbox 1234 4149 1354 4201; x_wconf 75' lang='lat' dir='ltr'><strong>etiamn·</strong></span> 
     </span>
    </p>
   </div>
   <div class='ocr_carea' id='block_1_5' title="bbox 0 0 1491 4884">
    <p class='ocr_par' dir='ltr' id='par_1_7' title="bbox 0 0 1491 4884">
     <span class='ocr_line' id='line_1_46' title="bbox 0 0 1491 4884; baseline 0 0"><span class='ocrx_word' id='word_1_424' title='bbox 0 0 1491 4884; x_wconf 95' lang='lat' dir='ltr'><strong> </strong></span> 
     </span>
    </p>
   </div>
  </div>
 </body>
</html>
