2934 4884
484 369 541 419 tiu.
561 371 579 419 Ι.
616 371 645 419 C.
664 370 715 420 xli.

223 522 399 589 Coucidunt
418 525 506 589 venti
528 524 716 612 lirgiuntque
740 525 851 603 nubes,

221 645 257 708 Et
275 643 384 710 minax
403 681 447 693 —
467 644 555 732 quod
578 646 626 712 sic
645 645 780 714 voluere
801 685 843 698 --
864 661 962 736 ponto

342 763 434 833 Unda
455 765 622 832 recumbit.

216 941 385 1007 Romulum
406 952 481 1030 post
501 941 561 1008 hos
582 944 686 1030 prins,
710 965 751 1009 an
775 956 919 1032 quletum

217 1061 352 1150 Pompili
375 1084 510 1149 regnum
531 1085 716 1141 memorem,
740 1087 780 1131 an
803 1067 962 1154 superbos

153 1278 193 1327 34.
210 1279 294 1327 minua
304 1280 332 1328 T.
347 1306 375 1312 —
388 1280 454 1340 quod
467 1280 502 1328 tic
513 1281 542 1339 Τ,
556 1293 625 1328 corr.
638 1279 702 1330 Cod.
716 1281 784 1339 Diu..
804 1280 893 1342 Aldus,
907 1285 970 1334 LCt:
990 1287 1040 1347 qui.
1055 1289 1090 1338 tic
1102 1291 1131 1351 Β,

119 1354 181 1412 quio
189 1354 224 1401 sie
234 1353 280 1412 hS,
294 1366 389 1403 omnes
406 1355 529 1414 Potlierii‚
547 1356 609 1415 quia
625 1355 732 1418 (omisso
744 1355 786 1420 sic)
797 1374 830 1420 μ,
849 1372 900 1420 qua
909 1361 944 1408 sic
956 1361 1020 1412 Cod.
1035 1365 1131 1414 Golhn-

121 1440 169 1475 nus
180 1429 208 1476 et
218 1427 326 1486 Pottier,
344 1428 376 1476 Η.
394 1427 550 1492 Peerlkamp
568 1431 651 1488 coni,
670 1445 735 1491 quoe
751 1432 785 1480 sic
802 1445 870 1482 corr.
890 1449 916 1493 κ,
936 1435 1006 1486 idem
1024 1439 1049 1486 di
1067 1440 1134 1488 inter

119 1515 225 1560 versus,
250 1515 312 1550 nam
327 1505 362 1550 sic
385 1503 467 1552 cedd.
492 1502 627 1553 Gemblac.
646 1503 717 1568 apu‘d
735 1504 832 1566 Pulm.‚
851 1521 908 1558 cum
926 1511 961 1558 sic
978 1511 1018 1560 alii
1037 1513 1131 1574 Codd.,

119 1577 146 1623 di
161 1577 197 1624 sic
213 1577 238 1638 [e
257 1577 379 1626 Chisiauo
396 1577 424 1639 B)
443 1577 513 1638 FllJ,
537 1579 572 1626 sic
585 1579 611 1627 di
627 1593 689 1628 cum
705 1581 808 1630 niureto
824 1581 921 1646 Bentl,
943 1585 997 1646 quis
1012 1586 1047 1636 sic
1064 1589 1134 1638 Doe-

117 1649 228 1700 derlein.

117 1846 156 1895 28.
174 1845 218 1894 29.
241 1847 377 1904 «Quorum
388 1845 531 1911 splendens
543 1847 608 1898 dum
646 1849 691 1910 qui
713 1861 745 1898 ex
768 1850 832 1899 love·
853 1853 931 1914 geniti
949 1857 1026 1916 sunt,
1052 1871 1104 1908 non
1121 1859 1165 1910 lu-

86 1921 166 1969 on‘tur
183 1919 268 1979 udus,
281 1921 607 1984 tempestatessedat.»-
646 1935 744 1972 nonem
772 1937 860 1988 neque
888 1927 1053 1990 Neptunum;
1081 1935 1108 1982 et
1132 1947 1165 1984 ex

86 1993 186 2058 omit]
205 1990 378 2043 ·relabitur‘a
390 1996 460 2044 saxis
471 1994 538 2044 litori
548 2007 610 2058 pro-
645 1994 694 2046 illis
705 1997 813 2047 numina
829 2001 932 2049 tantum
947 2001 1082 2063 benefica,
1102 2021 1166 2070 qua·

86 2070 162 2118 rimis
180 2081 278 2132 munna
295 2069 376 2118 maris
393 2068 516 2118 turbati.»
645 2072 754 2134 propter
771 2072 839 2122 Mars
856 2071 958 2124 silentio
978 2081 1165 2138 praetermitti·

114 2143 157 2192 34).
178 2142 318 2191 Concim
332 2142 408 2206 omo]
429 2141 606 2206 «placantur»,
645 2146 694 2192 tur.
730 2145 776 2194 His
794 2148 928 2195 consociat
944 2161 1065 2210 regesne
1082 2153 1165 2205 duces

86 2221 112 2265 nt
126 2220 197 2267 Aen.
216 2217 241 2275 4,
261 2215 321 2266 lul:
351 2218 550 2280 cunctuapelupi
566 2230 608 2266 ee-
644 2220 793 2278 Romanos,
821 2223 895 2282 quasi
913 2221 1035 2281 deuteria,
1054 2239 1121 2288 quos
1139 2231 1165 2280 in

83 2293 140 2340 cidit
155 2291 258 2354 fragor.
644 2294 715 2340 tanta
748 2293 865 2343 virorum
898 2307 1064 2350 summorum
1090 2303 1165 2366 copia

112 2367 155 2416 34.
176 2366 245 2426 quod
259 2367 296 2414 sie
309 2365 418 2430 minere]
439 2373 564 2430 «propter
579 2366 607 2414 id
643 2365 798 2425 nominare,
826 2379 893 2429 quos
913 2370 1034 2420 omittere
1052 2373 1163 2436 debeat;

83 2453 186 2500 unum,
211 2439 284 2502 qnod
311 2439 464 2490 Castoribus
489 2441 524 2489 ita
548 2440 607 2504 pla·
643 2451 706 2488 cum
723 2439 764 2490 dis
781 2442 870 2491 autem
889 2445 917 2492 et
933 2445 1110 2499 Romanorum
1122 2461 1164 2498 re-

83 2516 167 2573 cnit;»
187 2527 242 2576 qno
252 2512 377 2576 loquendi
388 2514 469 2563 modo
483 2527 606 2577 magnam
643 2513 720 2576 gibus
730 2517 895 2580 summisque
907 2518 1019 2571 ducibus
1031 2523 1096 2572 mira
1108 2527 1164 2574 arte

84 2601 180 2637 aarum
189 2589 337 2651 potentiam
350 2589 463 2651 grauiter
473 2590 605 2653 exprimit.
644 2590 787 2638 Caesarem
804 2592 944 2654 coniungit.

83 2663 192 2713 Sincera
208 2663 277 2712 haec
295 2661 373 2712 lectio
392 2664 487 2726 partim
505 2661 607 2726 glosse-
675 2662 715 2712 33.
735 2663 790 2712 Liv.
811 2665 834 2723 4,
853 2666 898 2714 tt:
920 2668 1053 2729 (Romulus
1070 2675 1097 2722 et
1113 2673 1165 2724 Nu·

84 2739 176 2795 matis,
202 2737 301 2800 partim
327 2737 389 2800 quia
413 2751 439 2786 v.
465 2739 531 2799 quon
557 2750 607 2800 pro
643 2737 694 2797 rna)
720 2738 770 2786 duo
787 2739 899 2801 concept
914 2754 1000 2805 repas,
1026 2746 1092 2795 atius
1111 2747 1165 2796 atta

82 2814 241 2874 pronomine
258 2811 606 2873 relativohabebant,varie
641 2812 698 2872 uio,
726 2813 768 2861 itte
784 2812 857 2874 bello,
884 2816 923 2864 lic
936 2830 1012 2880 pace,
1040 2821 1164 2872 avitaton

84 2890 208 2950 corrupta
235 2889 293 2946 est,
323 2887 466 2936 novissime
490 2887 517 2936 in
545 2890 617 2948 qeins
642 2892 778 2936 sermm.
814 2889 852 2938 De
877 2903 919 2938 vv.
945 2891 976 2940 33
991 2919 1018 2928 -
1031 2893 1072 2955 48,
1096 2909 1164 2958 quos

84 2961 260 3023 ·nbicnnque
288 2963 476 3024 tempestatem
510 2962 605 3012 sedare
642 2960 699 3010 siue
716 2959 768 3010 ulla
786 2975 865 3013 causa
887 2965 916 3013 Η.
936 2965 1091 3034 Peerlkamp
1116 2986 1164 3021 ex-

83 3036 234 3085 roiuemnt.
247 3052 260 3078 ι
302 3037 374 3085 inter
399 3038 503 3086 ceteras
528 3034 607 3085 falsas
642 3036 755 3098 punctos
771 3035 868 3098 voluit,
888 3040 1099 3103 antiquissimum
1116 3060 1164 3095 ex-

83 3111 199 3173 optimae
225 3112 289 3158 suut
313 3123 358 3170 ea,
382 3123 462 3172 quam
483 3109 607 3174 praetulit
643 3111 888 3162 stattestimonium
902 3114 1160 3178 Quintiliani9,3,t8.

83 3185 217 3234 lieineke:
237 3185 264 3232 di
282 3185 318 3232 sic
331 3185 431 3234 volum
448 3185 505 3248 (sed
521 3187 608 3248 ingra-
675 3183 715 3234 3l.
734 3184 858 3249 mulos]
878 3191 1046 3250 «magnificos
1066 3195 1093 3240 et
1108 3196 1164 3243 ter-

82 3262 136 3308 tum
148 3257 265 3321 praebet
276 3259 380 3320 sonum)
398 3261 426 3309 el
437 3260 606 3320 novaPerryi
642 3269 732 3307 rorem
749 3259 931 3322 incutientes»,
950 3265 1040 3326 utpote
1059 3267 1103 3327 qui
1114 3279 1164 3330 po-

83 3336 119 3382 nn'
136 3335 181 3393 a'c,
201 3334 311 3396 antiqua
328 3345 380 3383 scr.
398 3335 457 3396 quoi
473 3335 521 3392 sic;
545 3348 607 3384 acm
643 3334 744 3383 testatis
761 3334 786 3382 in
804 3335 884 3384 vitam
908 3348 1056 3399 necemque
1077 3339 1164 3389 homi·

82 3411 113 3457 aie
129 3410 214 3459 etiam
233 3407 299 3458 cod.
318 3409 429 3472 Franeq.
449 3410 525 3460 Bosii.
546 3410 607 3459 Fon
642 3421 706 3458 num
731 3408 842 3470 insignia
866 3411 963 3458 essent.
1000 3411 1070 3472 (Stat.
1101 3412 1161 3463 Silv.

83 3482 166 3532 mulae
184 3482 280 3532 huius:
297 3483 333 3531 tic
348 3483 374 3531 ci
388 3483 501 3543 udum,
519 3497 551 3533 ac
568 3484 606 3533 si·
641 3484 701 3542 33,
713 3482 774 3531 466ι
793 3482 908 3544 eiuplque
917 3483 1165 3551 menusanum.)

82 3556 196 3615 milium,
216 3555 328 3618 quibus,
346 3560 377 3606 nt
392 3559 428 3606 ait
445 3559 551 3608 Servius
570 3557 605 3607 ad
641 3557 836 3605 Peccantem
854 3557 894 3605 isti
911 3557 1023 3618 mebi,
1048 3562 1162 3612 maxime

82 3633 143 3680 Aen.
161 3631 187 3687 3,
209 3631 248 3688 t.,
276 3631 385 3680 utuntur
400 3633 512 3695 poetae,
540 3645 606 3695 quo-
642 3631 816 3692 conspicuum
834 3629 1019 3682 dominationis
1036 3638 1164 3688 acmaie-

83 3707 238 3767 uacunque
256 3705 323 3753 ratio
343 3704 387 3754 rel
409 3705 534 3756 iudicium
551 3719 603 3755 non
641 3705 716 3753 statis
740 3705 828 3766 regiae
854 3706 1005 3769 specimen,
1032 3721 1163 3774 perquem

82 3783 212 3843 apparet,
239 3778 323 3829 multa
352 3779 473 3844 exempla
500 3779 604 3843 collegit
641 3780 703 3842 apte
726 3778 770 3827 liic
794 3785 1052 3843 commemorantur,
1080 3785 1164 3848 siqui-

83 3855 212 3917 Cnningh.
231 3853 386 3904 animadvv.
404 3868 431 3918 p.
444 3856 485 3904 95.
501 3869 604 3918 -pon-
641 3853 704 3902 dem
731 3852 887 3917 Tarquinius
915 3857 1019 3907 Priscus
1050 3870 1096 3908 eos
1130 3873 1163 3908 ea

83 3928 111 3992 tc]
129 3931 156 3977 in
166 3927 289 3992 pedestri
305 3941 386 3978 serm.
407 3930 449 3978 «in
465 3932 602 3993 pontum.»
641 3927 787 3990 Tarquiniis
812 3930 921 3980 Romam
950 3927 1068 3980 intulisse
1096 3931 1165 3982 iere·

83 4003 120 4051 Sic
137 4007 205 4052 Aen.
224 4005 250 4061 a,
269 4001 330 4052 liii:
357 4004 378 4051 lt
402 4003 498 4052 elunwr
521 4003 603 4060 cuelo;
641 4000 727 4051 hatur.
759 4002 861 4064 (Strabo
878 4004 901 4062 t,
918 4003 1052 4066 npetu.
1072 4003 1182 4055 Kram.'

83 4079 171 4124 cenna
194 4078 262 4126 Aen.
280 4076 304 4134 l,
324 4075 386 4126 665:
415 4079 435 4124 it
460 4076 555 4126 ctuenor
570 4077 605 4124 ad
641 4074 731 4126 Florus
750 4078 773 4136 4,
792 4078 815 4137 5,
835 4077 869 4138 6.)
892 4077 965 4126 Hunc
983 4079 1053 4128 enim
1070 4091 1161 4141 regern

83 4151 133 4198 aua
148 4151 228 4199 utrm.
637 4155 733 4212 peccet
742 4151 802 4200 bulo
810 4151 1023 4213 proneptiuimum
1033 4150 1131 4214 (Florus
1143 4151 1159 4202 l.

114 4224 164 4273 Fos
194 4224 332 4274 dumtaxat
365 4223 431 4274 deos
464 4227 603 4281 memorat,
641 4223 668 4284 i.)
687 4225 781 4272 merito
799 4225 935 4286 praedicat
950 4223 992 4273 vel
1009 4228 1161 4288 propterea,
