2934 4884
519 359 577 408 un.
598 359 617 407 ι.
654 361 682 406 a.
701 359 776 408 xau.
1119 355 1178 420 433

161 518 207 567 llis
225 517 351 580 expositis
367 514 425 565 illas
442 513 542 578 aliquot
558 513 692 565 Gaetuliae
709 519 807 579 partes.
827 529 893 578 quas
910 517 958 566 Dio
972 517 1020 580 (53,
1039 517 1089 580 26.)
1105 529 1179 566 com-

100 601 269 658 memorauit,
296 599 332 648 ad
353 598 503 648 Numidiam
528 599 686 662 pertinuime
711 601 797 663 patet,
824 600 874 649 sed
896 599 1065 650 Gaetulorum
1087 603 1179 664 gentes

100 685 178 733 etiam
193 683 283 742 fuere,
304 695 373 747 quae
390 681 471 732 colles
488 680 676 746 convalleeque
694 684 791 732 montis
807 681 930 744 Atlantia,
949 685 1089 748 utramque
1106 685 1180 734 Mau-

99 769 218 816 ritaniam
232 768 376 829 cingentis,
394 765 558 824 incolebant,
578 779 691 829 quarum
707 777 771 830 pars
789 779 883 829 magna
901 768 1012 831 lmperio
1029 769 1180 818 Maurorum

99 849 216 914 parebat.
239 851 334 912 ltaque
352 850 442 899 llorat.
460 862 503 898 vu.
520 849 597 898 tuboe
612 849 682 898 teuta
692 876 706 885 -
717 851 808 899 odric
824 849 866 899 vel
878 851 926 900 bas
938 849 1108 900 Gaetulorum
1120 863 1183 912 gen-

100 939 139 985 ten
159 933 202 983 vel
224 947 272 984 eas
291 935 381 997 partes
398 933 569 984 Mauritaniae
592 932 741 996 eigniiicare
759 933 877 994 videtur,
904 947 973 997 quae
991 933 1026 982 ad
1043 933 1182 984 meridiem

100 1021 258 1080 montesque
280 1015 424 1066 Atlanticus
447 1017 581 1081 spectant,
608 1015 635 1067 id
660 1016 733 1080 qnod
758 1018 835 1080 potita
851 1029 877 1064 v.
896 1017 921 1066 t.
940 1019 1039 1067 Morou
1054 1018 1143 1067 tenete
1160 1023 1183 1066 et

100 1117 163 1151 orco
178 1105 206 1151 et
221 1101 268 1160 23,
293 1101 333 1150 40.
354 1114 397 1150 vv.
416 1101 489 1164 tiprir
511 1105 540 1150 ut
560 1113 653 1162 aspero
674 1101 822 1150 Goetretume
843 1101 879 1150 teo
902 1101 1040 1164 expressit.
1068 1129 1095 1136 -
1115 1101 1182 1152 Cum

101 1189 189 1236 autem
213 1185 281 1235 Iuba
308 1186 335 1234 et
358 1184 443 1247 gentle
461 1183 610 1234 Gaetulicae
635 1182 762 1247 plurimos
788 1196 837 1234 uuo
859 1184 971 1248 imperio
992 1184 1140 1235 contineret
1157 1187 1184 1234 et

101 1271 242 1320 universae
258 1268 430 1318 Mauritaniae
447 1267 570 1317 dominus
588 1265 673 1316 iactus
690 1269 777 1328 esset,
804 1268 948 1316 maximam
968 1271 1073 1331 partem
1091 1280 1183 1317 eanum

101 1357 232 1403 terrarum
250 1351 367 1412 tenebat,
387 1353 415 1401 in
431 1350 528 1414 quibua
544 1350 635 1402 leonea
654 1349 775 1414 aliaeque
794 1350 865 1400 ienae
883 1349 996 1401 aluntur.
1020 1352 1086 1402 Hinc
1104 1353 1183 1402 etiam

102 1437 171 1500 apud
196 1437 289 1486 iterat.
313 1435 360 1484 od.
387 1436 415 1495 4,
439 1434 485 1496 23,
511 1435 551 1484 to.
581 1435 729 1484 Gaetulum
753 1435 803 1496 leo,
825 1434 872 1484 Od.
898 1434 927 1495 3,
954 1435 999 1496 20,
1026 1437 1051 1486 2.
1079 1435 1186 1486 Goouto

102 1523 188 1570 kam
212 1518 248 1568 ad
266 1516 390 1568 Gaetulos
405 1516 488 1568 Iarbae
514 1516 558 1567 dlii
584 1530 671 1580 aeque
694 1518 835 1568 relerenda
856 1517 979 1568 videntur
999 1521 1079 1582 atque
1101 1517 1183 1568 verba

100 1604 173 1656 Plinii
192 1604 232 1664 (ll.
252 1603 284 1651 N.
302 1606 327 1663 5,
349 1601 373 1650 4.
393 1601 464 1651 med.
482 1600 573 1665 ibique
595 1599 687 1665 llard.)
706 1603 733 1650 et
755 1601 853 1652 Horatii
871 1603 918 1667 Ep.
936 1603 965 1664 2,
984 1603 1015 1662 2,
1037 1603 1093 1652 484.
1110 1607 1187 1652 omer

101 1689 205 1739 Gaetulo
220 1687 319 1735 murice
334 1686 426 1734 tinctue
442 1685 477 1734 ad
493 1685 676 1736 Mauritaniam
695 1687 853 1750 partemque
874 1699 935 1737 eam
952 1685 1085 1737 Gaetuliae
1101 1687 1185 1751 perti·

101 1777 178 1830 nent,
197 1784 269 1834 quae
286 1770 337 1819 sita
354 1768 388 1819 ad
405 1768 572 1819 occidentem
589 1772 638 1820 est.
670 1771 708 1832 (V.
721 1770 828 1820 Schmid
841 1773 868 1820 et
884 1769 951 1821 Obb.
965 1769 982 1821 l.
996 1769 1029 1833 c.)
1047 1771 1086 1821 Ci.
1105 1771 1185 1820 etiam

101 1858 195 1919 Pomp.
213 1851 274 1905 Mel.
294 1853 323 1915 3,
348 1853 392 1914 to,
415 1852 441 1904 4.
474 1853 636 1917 atpium
655 1855 865 1916 Gaetulorumque
879 1856 973 1916 poesim
991 1857 1139 1920 coquentium
1154 1867 1186 1904 oe

101 1940 188 1988 littora
204 1939 307 2000 quidem
322 1937 457 2000 Mamuda
471 1942 541 2000 aaut,
563 1951 685 2000 purpura
700 1944 724 1988 et
740 1940 835 1989 murice
850 1939 1025 2002 efficacissimis
1041 1941 1075 1989 od
1091 1941 1186 2002 liopert-

102 2025 169 2072 dua.

165 2105 213 2154 liis
232 2105 359 2170 expositio
376 2105 399 2156 si
419 2105 479 2167 quie
498 2105 578 2156 eitum
597 2107 773 2170 naturamque
793 2104 913 2155 locorum
933 2108 960 2155 et
974 2107 1093 2168 tempora
1105 2117 1186 2154 accu-

101 2191 160 2238 rate
178 2190 343 2252 respexerit,
360 2187 445 2238 verba
461 2188 524 2238 lior.
537 2189 613 2238 ledae
629 2190 699 2238 4444444
709 2191 777 2248 eto,
795 2190 850 2238 sive
868 2189 902 2238 ad
914 2187 1037 2238 Gaetulos
1048 2187 1186 2238 Numidiae

101 2272 208 2323 accolae
233 2273 290 2322 sive
315 2271 350 2320 ad
370 2271 554 2322 mummolam
580 2285 710 2336 oramque
736 2271 818 2322 maris
838 2270 960 2322 Atlantici
985 2270 1122 2330 retuleris,
1153 2271 1188 2322 ad

102 2357 199 2407 lubam
216 2354 302 2405 filium
317 2355 452 2420 pertinere
469 2353 606 2418 probabile
619 2358 666 2406 eat.
693 2355 831 2406 Accedunt
841 2353 907 2405 aliae
920 2367 1017 2404 causae
1028 2354 1116 2404 minus
1127 2367 1188 2416 gra-

101 2455 159 2491 ves.
195 2441 244 2490 Eat
260 2440 331 2489 enim
348 2439 524 2500 notissimum,
543 2440 661 2489 carmina
672 2439 814 2490 Horatiana
831 2453 922 2490 rerum
935 2437 1041 2503 publice
1053 2439 1187 2501 gestarum

102 2525 265 2574 memoriam
289 2520 333 2572 vel
360 2521 480 2572 recolere
504 2522 547 2572 vel
567 2523 723 2585 significare.
768 2523 835 2572 Cum
856 2535 936 2586 supra
957 2522 1102 2572 viderimus
1119 2535 1189 2572 anno

102 2609 160 2658 πθ.
181 2608 211 2658 ll.
232 2608 261 2656 C.
301 2604 382 2656 iubae
405 2605 456 2655 filio
478 2608 505 2655 et
524 2609 628 2670 partem
650 2607 727 2670 patrii
749 2607 822 2670 regni
838 2607 987 2657 restitutam
1005 2608 1032 2655 et
1048 2607 1189 2671 utramque

101 2691 289 2743 madenam
306 2687 341 2738 ab
357 2691 474 2752 Augrmto
491 2689 561 2740 dono
578 2689 669 2740 datam
680 2703 756 2752 esee,
775 2703 827 2740 non
840 2690 931 2742 dubito
943 2692 1005 2755 quin
1017 2691 1069 2742 hoc
1080 2703 1189 2741 carmen

103 2775 203 2826 rodem
225 2787 296 2824 anuo
317 2775 446 2837 scriptum
469 2774 516 2835 ait,
543 2787 596 2837 quo
613 2775 745 2836 Augustus
761 2777 902 2838 paternum
919 2776 945 2824 ln
962 2774 1055 2826 iubam
1071 2775 1189 2824 animum

102 2858 247 2925 splendide
268 2857 422 2922 probasset,
450 2859 524 2907 cuius
544 2858 584 2907 rei
604 2859 763 2907 memoriam
780 2861 857 2922 po'eta
875 2872 982 2910 servare
999 2857 1081 2908 voluit
1098 2861 1125 2908 et
1141 2871 1190 2908 no-

102 2946 179 2993 mine
195 2941 279 2992 lubae
297 2939 428 3005 appellato
446 2943 474 2991 et
488 2944 582 2991 natura
598 2942 685 2992 terrae
696 2941 819 2992 indicata.
846 2943 965 3006 Denique
977 2945 1006 2992 ut
1017 2945 1046 2992 G.
1059 2943 1086 2992 F.
1100 2944 1191 2992 Grute-

103 3025 171 3077 lend
188 3025 300 3090 (Erscbii
317 3023 426 3087 Enoyol.
443 3025 475 3074 X.
493 3037 520 3088 p.
539 3024 606 3087 474.)
625 3037 735 3074 carmen
751 3024 807 3074 Lib.
827 3026 855 3086 4,
874 3027 914 3076 2³.
934 3039 995 3075 oum
1013 3023 1069 3076 aliis
1086 3027 1190 3076 amato·

103 3113 151 3161 riis
170 3123 242 3160 anno
258 3109 314 3159 729.
333 3107 516 3173 probabilibus
534 3108 629 3160 ductus
646 3110 733 3160 cauria
751 3109 903 3172 adscripsit,
926 3111 960 3159 ita
978 3111 1042 3160 mibi
1054 3109 1088 3160 de
1099 3113 1190 3159 nostro

104 3196 226 3246 carmine
244 3191 323 3258 plane
340 3205 500 3258 persuasum
517 3194 582 3244 est.»
