2934 4884
695 364 823 414 donarii
843 362 1015 413 caumana

669 870 1045 935 Omln-

440 1042 597 1111 lnclusam
618 1043 751 1107 Danaen
772 1042 870 1107 turris
893 1048 996 1107 aenea

437 1164 665 1252 Robustaeque
687 1162 772 1229 iores
794 1172 828 1228 et
847 1161 978 1249 vigilum
999 1180 1116 1228 canum

437 1286 555 1353 Tristes
578 1284 733 1352 excubiae
756 1284 938 1350 munierant
960 1283 1038 1350 satis

521 1408 690 1474 Nocturnis
712 1406 753 1473 ab
779 1404 948 1481 adulteris,

441 1567 473 1631 Si
496 1584 560 1630 non
581 1565 741 1631 Acrisium
753 1563 886 1651 virginis
908 1561 1037 1629 abditae
1374 1564 1390 1626 5

378 1754 442 1805 livi.
461 1754 542 1805 inscr.
561 1751 629 1816 volg.
648 1752 686 1803 Ad
702 1752 728 1803 C.
745 1754 927 1814 Mammosam,
947 1755 975 1802 et
991 1752 1030 1802 sic
1046 1750 1148 1801 libs'lc.
1165 1778 1192 1787 -
1211 1752 1235 1801 l.
1254 1752 1349 1801 datam
1363 1752 1388 1802 T.

343 1922 407 1971 xvi.
443 1920 511 1971 Cum
536 1921 697 1970 mirarentur
721 1919 833 1971 tortasse
903 1920 929 1969 2.
947 1918 1077 1983 liobostue]
1096 1918 1308 1970 «firmissimae-
1333 1921 1389 1969 Post

311 1994 443 2057 nonnulli,
471 2007 519 2045 cur
539 1993 662 2045 Horatius
679 1993 714 2043 ad
737 2006 835 2044 conse·
870 2007 897 2044 v.
916 1997 997 2045 cem
1017 1995 1106 2045 minus
1123 1993 1250 2057 equidem
1260 1996 1390 2058 postiam

312 2070 431 2135 mendas
442 2083 508 2134 opes
519 2068 593 2120 baud
603 2067 698 2120 melius
714 2070 835 2120 uteretur
873 2068 1034 2119 crediderim
1044 2068 1097 2119 hoc
1105 2080 1167 2118 curn
1175 2066 1323 2118 Forcellino
1331 2067 1393 2118 aliis·

311 2146 415 2207 lavore,
434 2157 488 2208 quo
505 2142 638 2208 gaudebat
657 2143 728 2207 apud
744 2147 835 2208 Augu-
872 2156 926 2207 que
943 2142 1092 2207 explicare:
1113 2156 1168 2193 «ex
1183 2142 1284 2193 robore
1300 2143 1389 2199 iactae.

312 2224 383 2272 stum
406 2222 433 2270 et
449 2220 645 2280 maecenatem,
671 2218 713 2269 his
733 2220 770 2268 ita
789 2232 835 2270 ro-
872 2230 1018 2281 quernae.-

312 2294 442 2360 spondet‚
469 2296 499 2343 nt
519 2306 568 2344 sua
589 2306 618 2344 se
636 2294 707 2343 sorte
724 2306 835 2357 prorsus
904 2292 929 2341 3.
947 2290 972 2342 l.
993 2291 1089 2358 iliata]
1106 2304 1226 2343 severae.
1240 2291 1389 2343 Ovidii

312 2371 467 2419 contentum
484 2380 544 2419 esse
557 2367 737 2429 demonstret,
756 2367 836 2417 adeo-
872 2365 902 2427 3,
929 2365 995 2416 60⁴:
1023 2366 1101 2416 oieb
1124 2366 1238 2416 εεεεεοᾱὶα
1260 2367 1335 2416 mai.
1364 2392 1389 2401 -

312 2456 364 2507 que
382 2456 396 2491 a
414 2441 560 2493 maioribus
577 2442 673 2492 divitiis
696 2443 834 2505 tamquam
870 2440 1028 2505 mierum]
1065 2454 1099 2490 ex
1137 2440 1259 2504 opinione
1297 2438 1392 2491 seilicet

312 2528 394 2569 onere
422 2516 540 2565 animum
566 2528 645 2565 suurn
670 2514 833 2574 abhorream
872 2516 972 2565 Acrisii.
1012 2514 1113 2565 Eadem
1130 2514 1329 2565 constructione
1346 2514 1390 2564 0d.

311 2590 383 2655 quod
400 2590 422 2639 si
439 2592 529 2640 temen
545 2602 665 2653 unquam
690 2590 833 2652 contingat,
871 2590 900 2650 2,
920 2589 965 2650 ⁴7,
982 2588 1032 2639 28:
1059 2588 1217 2649 Simulum
1240 2588 1393 2638 oiai--ls-

311 2668 342 2715 ut
361 2662 437 2729 plura
461 2662 539 2725 velit,
570 2676 600 2714 se
623 2664 651 2715 in
675 2665 834 2713 Maecenatis
870 2668 959 2713 canet.
988 2688 1016 2700 -
1043 2662 1176 2727 amm]
1206 2661 1289 2713 eiiam
1310 2663 1345 2714 de
1364 2664 1392 2711 iis

312 2741 372 2789 nota
387 2735 543 2787 liberalitate
561 2738 746 2801 acquieturum
763 2750 832 2787 esse.
872 2736 981 2799 dicitur,
1008 2739 1053 2801 qul
1070 2738 1201 2801 virginum
1226 2738 1342 2788 casb‘tati
1356 2738 1391 2787 in·

314 2838 341 2849 -·
361 2812 485 2861 «Constat
502 2812 563 2873 post
580 2824 604 2860 a.
622 2812 679 2861 722.
699 2813 835 2875 composi-
871 2812 1009 2862 sidiantnr.

312 2888 368 2935 tum
390 2896 464 2943 esse,
491 2883 563 2947 qaod
579 2887 658 2949 poeta
674 2883 764 2935 villam
780 2886 834 2935 iam
904 2886 981 2937 6-8.
1017 2884 1151 2949 pavidans]
1181 2883 1284 2935 oraculi
1311 2888 1391 2936 meta.

312 2958 439 3024 possedit.
459 2958 491 3021 (v.
508 2958 548 3007 ab.
567 2958 618 3022 39.)
636 2962 778 3010 Praeterea
798 2956 834 3011 nil
871 2958 991 3023 Apollod.
1004 2958 1022 3009 l.
1034 2958 1069 3009 l.:
1087 2961 1360 3030 χρηστηριαζομένῳ
1378 2950 1394 3008 ὁ

313 3033 347 3083 ds
365 3034 450 3083 aetate
468 3032 593 3083 sumus.»
611 3034 719 3083 Fiam.
870 3028 1394 3101 θεὸςέφηγενήσεσθαικατδαέκτῆς

347 3108 369 3157 l.
381 3106 514 3171 Inclusam]
527 3108 722 3158 Sententiarum
735 3121 833 3159 nexus:
871 3104 1030 3179 θυγατρός,
1043 3102 1077 3171 ὃς
1087 3102 1177 3158 αὐτὸν
1188 3101 1357 3179 ἀποκτείνῃ.
1367 3134 1392 3145 -

313 3184 436 3233 «summa
445 3180 555 3245 quidem
564 3182 715 3232 divitiarum
726 3183 767 3233 ris
778 3186 833 3242 est;
870 3184 925 3247 sore
935 3182 1010 3247 adm]
1020 3182 1226 3233 «sesciebant»
1241 3181 1280 3233 Gi.
1293 3183 1358 3235 Cod.
1368 3182 1393 3231 Τ.

314 3259 342 3306 at
358 3256 471 3306 eaedem
489 3258 516 3305 et
536 3254 699 3306 calamitates
722 3256 836 3307 aderaut
874 3258 973 3323 «probe
993 3258 1065 3309 enim
1083 3256 1204 3309 sciebant
1218 3256 1394 3321 dicebantque

313 3334 342 3381 et
358 3343 449 3391 curas;
473 3330 599 3393 quocirca
614 3331 707 3394 paucis
724 3332 836 3380 conten-
872 3333 941 3383 inter
952 3346 982 3383 se
995 3331 1099 3383 iacilem
1112 3331 1169 3382 iore
1183 3330 1288 3382 adibam
1299 3333 1334 3382 ad
1346 3332 1396 3382 rir-

314 3409 356 3455 tus
379 3418 428 3468 ego
450 3416 513 3454 cum
529 3405 623 3455 Stoicis
644 3402 707 3455 nihil
724 3406 836 3469 cupien-
873 3408 962 3470 pinam
983 3408 1038 3456 iovi
1057 3407 1086 3457 in
1107 3418 1203 3457 aarum
1218 3408 1350 3457 mutato·
1368 3431 1394 3441 -

313 3478 384 3529 tibus
409 3478 501 3529 lado.»
527 3504 555 3515 -
578 3478 701 3543 Donato]
730 3479 836 3530 Fundus
872 3481 1025 3545 upum]
1044 3481 1396 3543 uinearumquooonum

314 3550 418 3604 fabulae
435 3551 508 3603 lliad.
521 3547 556 3616 ξ,
569 3552 626 3603 319.
661 3555 728 3605 'lum
746 3554 836 3605 confer
872 3556 1001 3619 parentur
1012 3553 1163 3605 custodes.»
1184 3552 1394 3618 Asclepiadesin

313 3626 454 3677 Simonidis
466 3629 558 3678 notum
570 3625 725 3692 λείψανον,
738 3629 837 3681 Pseud-
873 3626 1011 3679 Anibl’al.
1025 3630 1044 3678 1.
1056 3641 1084 3693 p.
1098 3628 1163 3678 ⁴02:
1181 3624 1250 3689 Ζεῦ,
1262 3623 1314 3678 διὰ
1329 3626 1396 3688 χαλ·

314 3702 439 3766 euripidis
455 3702 559 3775 Danpits
579 3702 734 3769 Prologum,
755 3702 836 3769 Apol·
873 3704 957 3754 κείων
969 3697 1078 3774 χρυσὸς
1089 3696 1155 3764 ἔδυς
1165 3698 1320 3767 θαλάμων.
1331 3704 1396 3755 Cum

314 3776 367 3827 lod.
385 3778 414 3838 2,
432 3776 462 3837 i,
481 3778 504 3826 l.
531 3780 560 3827 et
575 3776 664 3829 locam
679 3778 835 3842 primarium
872 3776 924 3828 levi
941 3778 1071 3848 εἰρωνείᾳ
1091 3778 1175 3827 totam
1195 3778 1265 3828 banc
1281 3776 1396 3829 labaim

314 3854 426 3902 Pausan.
444 3853 473 3912 2,
491 3851 537 3913 2³,
556 3852 581 3901 i.
615 3854 716 3904 Aurum
732 3853 835 3903 ineius
872 3853 1031 3903 tractatiam
1042 3852 1180 3911 Horatius;
1193 3852 1396 3922 minnsurbane

315 3926 446 3990 premium
464 3925 631 3977 descendens
642 3940 667 3977 v.
679 3928 745 3978 liras.
757 3926 833 3977 liert.
870 3926 1032 3990 posteriores
1057 3927 1153 3990 poetae
1175 3927 1263 3990 ipsam
1287 3928 1397 3978 Danaen

314 4000 345 4049 ll.
364 4000 392 4051 T.
411 3999 451 4051 36.
473 4003 501 4050 et
516 4000 558 4051 iii.
585 4002 614 4051 T.
635 4000 675 4051 il.
700 4027 728 4038 -·
757 4002 836 4051 tusis
872 4014 937 4053 auro
955 4003 1109 4066 corruptam
1124 4004 1246 4064 narrant,
1270 4004 1302 4052 nt
1319 4000 1394 4053 ovid

315 4074 407 4138 αὸὴεα]
432 4073 554 4139 Sophocl.
575 4074 660 4137 Anbg.
680 4073 738 4126 eis.
756 4078 835 4126 vocat
871 4081 930 4127 Am.
944 4078 1013 4140 3,8,
1026 4076 1073 4127 33:
1097 4077 1397 4140 &dposlqnumim

316 4145 507 4212 χαλκοδέτους
523 4142 629 4211 αὐλάς,
658 4151 685 4199 et
706 4148 744 4201 El.
767 4150 831 4201 38l:
870 4151 898 4201 ia
918 4165 1025 4202 munera
1045 4152 1112 4202 omit
1138 4152 1251 4214 adulter,
1280 4152 1397 4203 m

316 4220 465 4292 κατηρεφῆ
483 4224 594 4289 στέγην,
870 4226 927 4288 ipsc
937 4226 1005 4277 abtas
1020 4231 1045 4276 et
1055 4226 1117 4277 dora
1126 4226 1195 4277 tem
1205 4226 1281 4278 dedit.
1300 4224 1396 4277 ramas
