2934 4884
307 385 368 451 416
685 382 813 434 nahath
831 381 999 433 stammas

350 545 529 611 Centaurea
550 550 658 607 monet
679 560 753 605 cum
775 536 917 624 Lapithis
940 535 1008 601 rixa
1030 555 1130 622 super
1154 555 1243 600 mero

298 715 303 722 ‘
348 700 530 776 Debellata,
554 707 662 764 monet
684 695 835 764 Sithoniis
857 717 921 761 non
943 693 1024 761 levis
1047 693 1163 768 Euius,

350 825 430 891 Cum
451 822 498 888 las
520 830 617 909 atque
638 819 728 887 netas
750 818 866 905 exiguo
888 816 951 883 fine
975 815 1143 882 libidinum
1343 811 1380 876 444

347 945 539 1010 Discernunt
560 941 655 1008 avidi.
698 942 768 1006 Non
791 959 851 1026 ego
874 948 921 1014 te,
945 936 1084 1004 candide
1107 938 1276 1012 Bassareu,

350 1067 486 1131 inritum
507 1064 663 1152 quatiam,
688 1083 749 1129 nec
770 1061 867 1126 variis
886 1059 991 1126 ohsita
1012 1057 1178 1124 frondibus

371 1209 395 1258 a.
413 1206 552 1268 mona.
574 1232 601 1240 -
621 1204 660 1252 n.
679 1203 855 1263 amaena.

338 1320 362 1369 8.
389 1321 477 1381 Pugna
501 1319 559 1366 orta
576 1317 645 1364 inter
662 1313 784 1377 Lapithas
802 1316 829 1364 et
865 1315 993 1372 statuere,
1020 1324 1128 1362 servare
1153 1310 1239 1361 solent
1254 1309 1379 1364 libidinesv

307 1396 453 1445 Centauros
471 1391 612 1455 innuptiis
636 1389 757 1449 Pirithoi,
784 1401 829 1438 re·
865 1399 933 1450 quae
948 1399 1141 1450 saepenumero
1153 1398 1262 1448 prorsus
1278 1385 1382 1436 conma-

305 1470 344 1531 gis
362 1468 546 1532 Lapitharum,
565 1479 628 1515 cum
644 1463 826 1527 Hippodamia.
865 1461 931 1511 dunt
944 1474 976 1510 ac
993 1461 1105 1511 miscent
1121 1463 1290 1523 utrumque.»
1315 1459 1382 1510 Avidi

306 1538 830 1608 (smtnapponmnatoqnanqnn
865 1539 955 1587 autem
979 1534 1101 1586 absolute
1120 1539 1150 1585 ut
1168 1548 1266 1598 saepe;
1292 1533 1340 1584 Od.
1359 1534 1380 1593 4,

306 1632 353 1680 qaae
360 1617 503 1679 probarunt
514 1621 558 1665 ant
565 1618 697 1677 poterant,
714 1613 827 1674 rapiunt.
866 1611 907 1671 28,
927 1610 972 1660 ts:
990 1612 1092 1660 avidum
1105 1623 1183 1659 mors.
1203 1609 1250 1659 0d.
1265 1609 1290 1671 3,
1304 1609 1328 1668 4,
1340 1608 1381 1657 58ι

306 1694 353 1742 Ov.
364 1690 474 1750 uersa,
485 1688 551 1750 tit.)
562 1689 755 1738 Centaurorum
764 1699 829 1736 vero
866 1686 954 1734 acidia
979 1686 1098 1748 (pugnae)
1125 1685 1254 1734 Volcanus.
1289 1685 1343 1733 Sat.
1358 1683 1381 1741 t,

307 1779 403 1828 magna
415 1766 516 1826 strages
528 1763 606 1814 edita.
625 1762 720 1826 Odyss.
733 1778 766 1823 φ,
782 1762 829 1812 295
866 1762 890 1822 3,
908 1762 967 1810 454ι
994 1761 1082 1810 coldra
1094 1761 1172 1810 noes.
1206 1757 1264 1809 Noli
1278 1759 1383 1820 iungere

306 1853 365 1903 sqq.
376 1839 482 1888 Phidiae
491 1842 581 1888 autem
589 1837 830 1907 Hevranpopaxc‘a
866 1837 934 1884 ovidi
948 1835 1086 1896 tibidtnmn,
1111 1835 1138 1885 id
1155 1834 1228 1899 quod
1245 1834 1343 1884 mirum
1359 1832 1384 1881 in

306 1915 333 1963 in
343 1913 516 1964 Parthenonis
527 1914 641 1976 metopis
651 1911 753 1975 aliaque
766 1911 830 1962 arti·
867 1910 978 1961 modum
994 1909 1139 1974 langueret.

305 1987 387 2037 ticum
406 2000 487 2051 opera
518 1986 631 2037 eandem
657 1985 828 2049 exprimentia
900 1986 939 2034 44.
964 1987 1076 2049 condida]
1102 1983 1383 2044 aurorescente:

306 2062 404 2112 Horatii
426 2063 512 2110 aetate
537 2062 657 2111 omniurn
679 2058 762 2110 oculis
782 2059 830 2108 oh·
866 2060 975 2110 Candide
985 2061 1087 2110 Bacche.
1107 2058 1259 2110 Pseudotih.
1273 2058 1297 2118 3,
1319 2059 1342 2118 6,
1358 2057 1384 2104 4;

305 2135 489 2186 versabantur.
508 2135 574 2184 Vide
587 2134 715 2196 Hillingen
725 2134 827 2197 Cophitl.
866 2135 975 2184 Candide
987 2135 1060 2182 tiber
1072 2135 1138 2182 odes.
1157 2134 1199 2182 Sic
1214 2133 1293 2182 etiarn
1303 2129 1383 2196 Epod.

306 2213 334 2261 Τ.
354 2212 386 2261 35
403 2210 485 2261 etto.
520 2210 661 2273 lnghirami
681 2210 746 2258 Gatt.
773 2209 826 2258 Om.
866 2207 1384 2265 3,9.condidnmdncemvocatlasonem,

306 2287 348 2336 lll.
365 2287 421 2336 ⁴25.
434 2313 461 2320 -
480 2299 554 2347 asper
568 2283 645 2347 mero]
664 2285 701 2332 Ex
718 2297 830 2334 consue-
866 2284 912 2333 Est
930 2281 1142 2346 «pulchritudine
1159 2279 1316 2345 splendens,
1339 2282 1387 2330 lor·

306 2361 396 2410 tudine
413 2361 503 2410 Latina
519 2360 571 2408 hoc
587 2357 650 2408 nihil
667 2358 737 2408 allud
753 2361 831 2423 signi·
866 2353 982 2416 moshsn,
999 2370 1053 2406 nnn
1070 2355 1197 2420 «simplex
1215 2357 1385 2419 elapertusn

306 2433 386 2483 ficare
408 2435 497 2498 potest
517 2445 597 2495 quum
614 2434 739 2494 demere,
766 2447 830 2498 pro·
867 2431 918 2482 Cir.
938 2431 1008 2494 virg.
1028 2433 1073 2482 Ga.
1094 2433 1118 2490 2,
1137 2431 1193 2481 392.
1221 2429 1386 2480 doBaccho:

305 2512 367 2573 pter
380 2519 493 2558 merum.
513 2507 570 2556 Hoc
586 2505 695 2566 scilicet,
710 2520 763 2555 non
775 2511 829 2557 tam
866 2509 898 2556 Et
910 2521 1055 2569 canaanque
1066 2507 1125 2555 deta
1141 2507 1235 2555 cireen
1249 2511 1326 2568 capnt
1341 2505 1387 2568 epit

307 2583 342 2632 de
359 2581 486 2631 uxoribus
503 2581 612 2644 raptatis
628 2581 829 2643 quamdavino
865 2583 1000 2632 honestam.
1027 2607 1055 2616 -
1074 2579 1206 2644 Bassareu]
1234 2577 1386 2652 dacoaptc.

307 2671 323 2706 a
349 2656 487 2706 Centauris
512 2655 589 2704 avide
614 2656 730 2719 appetito
748 2658 831 2704 certa-
867 2655 942 2720 pellis
961 2655 1083 2720 volpino,
1109 2667 1124 2704 a
1148 2653 1296 2724 descripsi,
1321 2667 1389 2718 quae

311 2734 367 2781 tum
384 2743 454 2790 esse,
477 2732 613 2792 tamquam
627 2742 706 2779 suum
718 2730 752 2779 ad
767 2743 832 2794 pro·
867 2730 1011 2781 Thracibus
1032 2728 1133 2794 volpes.
1168 2727 1235 2779 Alibi
1258 2730 1386 2786 Bacchae,

309 2805 426 2869 positum
439 2804 525 2867 aptius
541 2804 615 2853 finxit
630 2805 761 2856 Horatius.
781 2809 833 2856 No-
868 2819 937 2868 quae
979 2805 1070 2855 itidem
1110 2800 1264 2874 Βασσάραι
1300 2806 1387 2869 (orph.

308 2877 395 2929 tabilis
412 2881 501 2928 tamen
514 2881 646 2941 astatque
663 2879 770 2942 elegans
782 2881 833 2930 0u-
869 2881 965 2942 Hymn.
992 2879 1033 2940 44,
1059 2880 1103 2940 4.),
1124 2883 1228 2943 gestant
1249 2878 1386 2950 νεβρίδας.

309 2953 449 3016 dendorpii
466 2953 615 3002 coniectura
632 2967 707 3014 saper
724 2969 830 3017 meum,
869 2953 985 3003 Macron.
1004 2955 1056 3004 Sat.
1080 2956 1108 3016 4,
1130 2957 1174 3005 48;
1205 2955 1287 3004 Liberi
1308 2955 1391 3018 putris

311 3029 394 3077 «inter
409 3027 659 3090 computationem.»
676 3027 750 3090 (Flor.
762 3030 786 3094 l,
801 3032 831 3082 t:
868 3029 1005 3078 είηιιασσνα
1017 3030 1317 3091 participandam,
1329 3043 1391 3092 poit-

308 3115 384 3164 σασα
401 3101 504 3163 poento.
537 3102 683 3163 Continet,
701 3102 730 3153 l:
758 3118 834 3168 stipor
869 3105 914 3152 ttm
929 3103 1030 3153 iuvenili
1043 3106 1157 3168 flnfflmt,
1179 3110 1315 3166 praeterea
1330 3105 1390 3154 bur-

308 3178 403 3226 oinnm.
422 3174 537 3226 luvenal.
558 3177 598 3236 lt,
617 3176 662 3228 tt:
686 3191 761 3241 anper
776 3195 833 3231 coe-
870 3178 929 3226 bota
941 3179 1028 3239 specle,
1045 3179 1116 3229 senili
1132 3193 1237 3241 nmque,
1251 3180 1289 3229 nti
1301 3181 1391 3229 &ueri

308 3265 370 3302 nom
384 3250 533 3313 annuant
553 3264 634 3314 quam
650 3253 736 3315 ipsam
753 3256 833 3318 signi·
869 3253 930 3313 einr,
945 3265 1017 3313 σασα
1030 3253 1170 3316 Βασσνσσ,Ι
1179 3255 1238 3304 item
1251 3267 1324 3316 onan
1336 3254 1392 3304 Bri-

310 3327 460 3378 ficationem
481 3325 608 3376 Codicum
630 3325 735 3376 lectioni
755 3328 833 3380 docte
869 3341 912 3376 seo
931 3327 1069 3388 appellant,
1096 3333 1119 3378 et
1145 3334 1173 3379 nt
1197 3330 1226 3379 in
1250 3329 1391 3392 deotperto

310 3401 445 3452 vindicare
455 3400 574 3451 studetJ.
585 3403 616 3450 G.
627 3401 730 3452 Steiner
739 3403 831 3454 Comae.
869 3403 1030 3464 Neapolitani
1042 3403 1166 3454 celebrent
1180 3404 1281 3454 Halano
1299 3417 1393 3468 coorto-

309 3477 398 3525 Horat.
417 3475 486 3535 Spoc.
506 3488 553 3524 sec.
572 3490 599 3539 p.
619 3474 650 3524 46
667 3489 708 3539 sq.
869 3479 1000 3526 minanter.

343 3549 367 3598 a.
391 3549 527 3613 Debettato]
553 3551 648 3601 «armis
665 3550 832 3602 diiudicata.»
904 3554 943 3601 ts.
973 3553 1093 3616 qnotiom]
1126 3550 1246 3618 κινήσω,
1272 3547 1307 3605 on'
1335 3549 1392 3604 σσῦ

314 3649 341 3657 -
358 3621 483 3685 Sithoniis]
510 3623 623 3687 populus
638 3624 780 3676 Thracicos
800 3626 834 3676 ad
870 3620 994 3689 ἄκοντος
1018 3625 1209 3698 βασσαρήσω.
1252 3631 1281 3678 In
1311 3629 1391 3692 orgiis

312 3691 511 3755 Salmydessum
533 3698 560 3746 44.
584 3698 715 3750 Thracum
744 3703 834 3750 nutem
871 3702 978 3765 proprie
1004 3702 1087 3765 thyrsi
1119 3705 1268 3765 quatiuntur
1293 3705 1319 3753 et
1344 3716 1394 3768 per

313 3768 523 3830 compotationes
551 3784 603 3820 non
632 3773 682 3822 nisi
707 3774 835 3825 caedibus
871 3776 1027 3828 Bacchicam
1052 3791 1179 3842 pompam
1203 3777 1393 3828 tumultuosam

312 3839 381 3890 finiri
398 3839 519 3890 solebant
536 3843 590 3905 (Od.
607 3845 696 3907 mr,
711 3847 755 3912 4.),
769 3862 835 3912 quas
873 3853 900 3900 et
917 3864 977 3902 cum
994 3851 1131 3904 saltatione
1144 3853 1310 3904 coniunctam
1320 3852 1394 3901 cistis

312 3927 414 3978 poenas
431 3927 447 3963 a
463 3915 567 3966 Baccho
582 3918 613 3969 iis
630 3934 680 3970 non
695 3922 759 3986 lovi,
784 3924 835 3976 im·
872 3925 1030 3977 circumlatis
1038 3941 1113 3978 sacro
1121 3933 1304 3978 conmouostnr
1312 3927 1392 3990 (virg.

312 3987 378 4049 miti,
402 3989 482 4049 irato,
503 3990 639 4054 impositas
651 4008 711 4046 esse
722 3996 786 4048 volt.
805 4027 833 4036 -
871 4003 936 4051 Aen.
953 3999 977 4060 l,
994 4002 1053 4050 aot:
1075 4003 1157 4064 podis
1170 4003 1297 4052 conmotis
1309 4002 1396 4050 annito

312 4063 392 4111 Enim
407 4061 441 4111 ab
457 4061 645 4118 acclamatione
664 4064 736 4131 εὐοῖ,
754 4065 833 4123 εὐάν.
871 4075 950 4124 saeris
966 4075 1116 4138 lhposcet.)
1150 4077 1196 4127 Est
1211 4079 1300 4141 igitur:
1319 4077 1394 4126 uNon

346 4138 385 4186 tt.
405 4139 446 4188 44.
464 4139 556 4202 emnam
570 4141 628 4204 fine]
646 4142 702 4193 allo
713 4147 835 4208 pertenui
871 4149 952 4198 invito
969 4151 1012 4210 te,
1035 4148 1108 4213 leges
1126 4152 1184 4200 tuas
1201 4154 1316 4202 sacratas
1334 4151 1395 4198 uio-

313 4209 476 4272 discrimina,
494 4213 567 4276 quod
584 4216 652 4265 inter
666 4215 704 4267 tas
720 4221 747 4268 et
761 4219 834 4272 netas
871 4219 936 4284 lans,
954 4223 1026 4285 orgia
1034 4226 1079 4272 tua
1088 4221 1240 4287 celebrabo,
1253 4237 1302 4274 nec
1313 4225 1395 4274 sacri-
