2934 4884
471 396 529 446 ιιιι.
549 396 590 445 ιιι.
628 398 656 445 c.
677 394 741 445 ιιι.
1126 394 1184 461 ιὸι

271 550 318 615 Da
342 550 444 615 noctis
466 549 607 625 mediae,
631 550 687 627 da,
712 572 809 638 puer,
833 554 966 639 auguris
1147 552 1189 617 to

229 670 399 736 Murenae:
424 670 525 737 tribus
547 680 602 736 ant
624 692 741 737 novom

276 790 449 857 Miscentur
470 790 595 879 cyathis
617 792 732 878 pocula
756 793 944 858 commodis.

166 1008 207 1055 iii.
227 1007 293 1055 nocti
309 1018 378 1054 corr.
398 1020 421 1054 c.
443 1030 471 1040 —
491 1005 584 1068 anysii
602 1018 624 1054 c.
645 1026 673 1041 ·-
695 1007 734 1056 42,
754 1008 888 1057 trecentor-
904 1020 967 1057 cum
983 1009 1159 1071 Rutgersioet

131 1084 162 1130 lt.
183 1082 290 1131 tieimio
307 1078 449 1129 Bentleius.
470 1082 507 1141 ιιι
524 1092 585 1141 nos,
606 1078 689 1129 codd.
710 1082 764 1129 noti
781 1082 894 1143 omnes.)

99 1266 187 1315 iendis
208 1267 314 1329 vesperi
336 1262 473 1327 epuletur,
501 1276 570 1326 qnae
588 1264 628 1314 ie·
666 1265 790 1334 --roeps
807 1260 858 1314 τὸν
875 1266 970 1335 τριτον
987 1265 1075 1329 Φίλας
1090 1262 1191 1339 Ἀφρο-

99 1343 157 1389 stae
169 1350 280 1401 semper
291 1340 397 1387 erent.»
416 1338 555 1387 Tnnrsscs.
578 1340 628 1386 An·
665 1334 754 1402 διτης.
780 1340 890 1389 iterem
901 1342 1006 1401 anum,
1026 1345 1194 1394 nontiuroo·

100 1415 192 1477 tiquns
214 1414 287 1462 enim
308 1424 393 1461 annus
411 1411 545 1461 Romanus
567 1414 628 1461 ente
666 1426 715 1475 no,
735 1412 862 1463 scribitur
878 1414 931 1464 hoc
948 1428 1047 1467 nomen
1064 1417 1090 1467 in
1108 1418 1192 1468 Fastis

101 1487 290 1543 Decemviros,
309 1496 392 1547 quem
409 1486 511 1534 Numae
529 1496 629 1534 annum
667 1485 828 1549 Capitolinis.

101 1561 205 1619 dicunt,
235 1558 333 1608 lunaris
351 1562 421 1617 erat,
457 1558 491 1606 ita
510 1560 539 1607 ut
556 1559 628 1607 Luna
701 1560 741 1608 ιι.
770 1562 809 1610 it.
837 1560 916 1611 ostie
932 1566 978 1611 οιιι
994 1564 1095 1629 mern]
1121 1564 1193 1614 nitri

102 1646 171 1683 nora
209 1632 262 1695 (die
288 1638 352 1681 creto
384 1632 555 1694 Ετιοιιοιιιαπς
586 1632 631 1679 <ter
667 1629 723 1681 cilis
749 1632 816 1682 iacta
837 1637 879 1684 est
900 1634 979 1685 hnins
995 1634 1048 1685 ioci
1063 1638 1195 1701 interpre·

101 1706 268 1769 ttonrtsichei)
298 1708 399 1756 mensis
428 1706 557 1767 cuiusque
584 1705 631 1753 ini·
667 1704 748 1765 totio,
777 1706 839 1769 qnia
864 1706 905 1757 etii
924 1709 1038 1771 cyathos
1055 1722 1104 1773 pro
1120 1711 1193 1759 certa

102 1782 166 1829 tium
186 1776 632 1840 iaceret,nndemoshio1isien-
668 1790 794 1828 mensura
814 1778 926 1841 hebent,
954 1784 981 1831 et
997 1782 1097 1843 nocatte
1112 1794 1196 1845 oppo-

103 1854 142 1905 dis
168 1856 195 1904 in
222 1854 353 1903 honorem
371 1855 460 1903 Lunae
483 1865 568 1901 novae
591 1850 631 1901 bi-
668 1854 746 1912 nunt,
766 1850 809 1902 aiii
825 1854 936 1905 eosdem
953 1857 1196 1918 compocsttacon-

102 1928 184 1979 bandi
201 1928 348 1989 antiquitus
368 1939 454 1990 nsque
478 1927 513 1977 ad
533 1926 630 1976 Horatii
668 1922 789 1975 hindunt.
820 1930 887 1978 Nam
905 1931 936 1978 nt
951 1930 1115 1979 Graecorum
1131 1929 1194 1980 iliud

105 2005 227 2066 tempore
238 2000 346 2050 videtur
357 2013 418 2051 esse
428 2002 558 2051 servatus.
572 2001 632 2049 Dio-
667 2000 856 2064 proverbium:
876 1996 896 2066 ἢ
911 2004 994 2052 πέντε
1010 1998 1032 2067 ἢ
1046 2006 1098 2073 τρί’
1117 1999 1138 2067 ἧ
1151 2000 1195 2069 μὴ

105 2088 162 2137 nys.
177 2074 261 2125 iiaiic.
282 2074 327 2133 40,
341 2074 381 2123 te.
403 2072 438 2122 ed
449 2086 473 2123 a.
487 2087 514 2123 n.
528 2086 552 2123 ο.
566 2072 628 2123 tot:
668 2074 798 2144 τέτταρα·
817 2074 926 2125 diverso
934 2075 1017 2125 modo
1030 2075 1196 2141 explicarunt

100 2138 186 2213 Ἦγον
202 2145 235 2198 δὲ
251 2144 321 2209 τοὺς
336 2144 433 2211 μῆνας
448 2143 523 2196 κατὰ
544 2144 631 2211 osiri-
668 2150 722 2198 iam
739 2150 854 2211 antiqui,
881 2148 988 2199 Plautus
1011 2150 1038 2199 in
1058 2150 1148 2201 Sticho
1163 2152 1194 2210 5,

104 2238 155 2287 νην
180 2224 234 2272 καὶ
258 2222 429 2273 συνέπιπτεν
454 2223 495 2283 εἰς
511 2216 564 2283 τὰς
580 2221 631 2270 Ei-
669 2222 699 2281 i,
726 2220 776 2271 tt:
815 2222 908 2283 «Vide,
937 2228 997 2283 quot
1023 2224 1125 2284 οναιιοι
1152 2225 1195 2273 hos

105 2294 172 2359 δοὺς
190 2292 209 2361 ἡ
229 2294 416 2361 πανσέληνος.
669 2295 796 2345 bibimus?
823 2297 865 2344 Sr.
886 2297 942 2357 Tot,
972 2302 1031 2358 quot
1047 2299 1119 2361 dioiti
1135 2304 1197 2347 arnt

137 2371 231 2421 toti.
249 2366 633 2433 Donoctisniediae1rdealte-
669 2370 712 2421 tihi
734 2370 762 2419 in
785 2382 873 2419 manu.
909 2370 998 2419 Contio
1017 2375 1052 2420 ert
1073 2372 1193 2421 Grecos:

106 2458 164 2495 nrm
183 2443 312 2509 poculum
334 2444 359 2493 in
378 2444 509 2495 honorem
526 2443 631 2493 mediae
670 2438 784 2509 ἢπέντι
798 2448 862 2493 πῖνε
873 2437 894 2508 ἢ
904 2445 957 2512 τρί’
970 2437 991 2507 ἢ
1004 2439 1047 2508 μὴ
1058 2446 1195 2515 τέτταρα,

106 2520 204 2579 noctis,
218 2519 245 2567 ιιι
254 2530 335 2581 quam
344 2517 515 2581 protrahetur
524 2528 633 2579 compo-
669 2517 838 2582 simpliciter,
864 2520 891 2567 ni
916 2516 1003 2578 tollor,
1029 2518 1064 2568 de
1088 2518 1198 2581 poculo·

107 2594 207 2653 tatio»,
233 2592 271 2654 (ut
286 2590 334 2641 od.
348 2592 376 2651 3,
389 2592 435 2651 ts,
454 2591 502 2639 iii:
529 2592 633 2640 Dicetur
669 2606 731 2643 rum
759 2604 887 2653 numero,
924 2594 1015 2641 contre
1041 2593 1196 2645 Athenaeus

106 2668 369 2727 nostonocqooqne
379 2664 493 2727 mento.)
510 2664 632 2714 «tertium
672 2667 716 2727 iii,
735 2666 777 2717 te.
796 2680 822 2729 p.
842 2666 899 2717 tto.
919 2668 946 2715 et
962 2666 1116 2716 Eustathius
1133 2678 1193 2731 pag.

107 2740 131 2789 in
142 2742 277 2791 honorem
289 2740 350 2789 novi
362 2738 469 2801 auguris
479 2740 631 2789 Murenae.»
671 2740 744 2792 rost.
764 2740 798 2789 de
815 2741 948 2790 mixtionis
965 2740 1081 2801 ratione,
1105 2742 1145 2790 sic
1162 2742 1197 2791 de

107 2814 184 2875 Tres,
204 2812 260 2863 noli
276 2812 411 2873 dubitare,
436 2811 487 2861 hae
504 2814 566 2862 sunt
582 2824 633 2875 po-
670 2814 721 2864 hoo
740 2826 848 2878 quoqne
873 2814 933 2865 ioco
955 2813 1095 2876 ambigunt
1118 2815 1199 2865 inter

107 2890 221 2938 tationes
246 2886 399 2945 distinctae,
432 2899 485 2935 non
510 2897 576 2946 una,
604 2888 633 2935 nt
670 2892 770 2952 protes.
784 2890 884 2939 venun
894 2889 1071 2951 respicientes
1081 2889 1197 2941 maxime

108 2962 197 3011 voinnt
214 2962 375 3025 interpretes
390 2960 528 3016 timentes,
550 2972 583 3009 ne
596 2960 634 3009 ni-
670 2976 695 3011 v.
713 2962 867 3023 miscentur,
885 2962 1010 3024 cyathos,
1029 2974 1195 3023 mensnram,

109 3037 157 3085 mis
180 3033 347 3084 vinolentum
370 3046 400 3083 se
423 3036 555 3083 monstret
578 3036 634 3083 }io-
670 3033 1012 3097 disiingnimnsepoculis,
1030 3047 1146 3098 quornm
1162 3035 1197 3087 de

109 3110 198 3159 ratius.
237 3110 298 3157 Sine
315 3106 399 3171 ellipsi
417 3107 466 3157 od.
485 3106 515 3167 3,
532 3108 563 3169 8,
583 3107 632 3157 ⁴3:
670 3110 841 3167 numero,nt
850 3108 877 3157 h.
888 3106 905 3156 i.
919 3109 946 3157 in
957 3110 1013 3157 tam
1024 3106 1100 3159 hilari
1112 3123 1197 3161 coena

109 3184 194 3245 διον,
213 3184 359 3242 Maeonias,
378 3181 479 3242 mattos
496 3182 573 3231 mnici
589 3182 635 3231 So-
670 3184 883 3232 consentaneum
899 3183 974 3239 erat,
1002 3180 1065 3230 nihii
1088 3185 1197 3233 omnino

107 3258 175 3318 mitis
191 3260 299 3305 omnen.
324 3255 425 3305 Eadem
442 3256 548 3317 genitivi
568 3269 634 3306 con·
669 3253 1110 3320 praecipitnrmtqueexpiicamus:
1121 3258 1199 3305 «sex-

110 3331 254 3380 structione
271 3332 383 3379 utuntur
399 3330 502 3379 Graeci.
538 3328 634 3381 tielen-
671 3330 753 3379 tarius
782 3340 845 3377 oum
867 3328 973 3375 constet
995 3326 1049 3377 xii.
1077 3330 1196 3389 cyathis,

109 3418 153 3466 ger
169 3407 195 3453 in
208 3404 286 3453 Anth.
306 3401 360 3452 Pei.
374 3405 392 3452 i.
406 3416 432 3466 p.
448 3404 513 3452 its:
534 3397 635 3469 Ἒγχοι
670 3403 819 3453 miscentur
829 3402 875 3450 ant
886 3402 941 3450 tres
952 3400 1020 3449 meri
1033 3401 1123 3461 cyathi
1135 3414 1198 3451 cnm

109 3475 157 3541 τᾶς
174 3474 304 3539 Πειθοῦς
322 3478 371 3527 και
387 3474 531 3547 Κύπριδος
539 3470 634 3526 Ἡλιο-
670 3489 769 3527 novem
781 3488 866 3538 aquae
876 3473 994 3535 cyathis,
1007 3486 1095 3537 eaque
1105 3475 1198 3524 mixtio

110 3550 220 3621 δώρας,
238 3552 295 3603 Καὶ
312 3548 381 3603 πάλι
396 3550 448 3615 τᾶς
465 3546 557 3613 αὐτᾶς
568 3544 634 3600 cirio-
670 3547 860 3600 infirmioribus
871 3550 933 3612 apta
950 3548 1012 3608 erit,
1030 3552 1077 3597 aut
1091 3548 1197 3599 inverso

110 3624 196 3693 λόγου
220 3622 355 3696 Χάριτος.
382 3628 487 3678 hierone
503 3626 634 3687 Argenta·
670 3624 773 3673 ratione
798 3634 897 3673 novem
921 3623 990 3672 meri
1015 3622 1104 3685 cyathi
1132 3634 1196 3672 cnm

110 3704 162 3751 rins
183 3700 223 3750 ib.
241 3714 268 3764 p.
282 3700 344 3750 ite:
362 3695 459 3766 Ἒγχιι
477 3697 635 3763 Λοοιδικης
671 3697 756 3748 trihus
768 3710 868 3759 equae,
887 3708 956 3759 qnae
973 3698 1046 3760 potio
1062 3696 1197 3746 validiori·

111 3772 240 3836 κυάθους
260 3772 346 3835 δέκα,
373 3774 425 3839 τῆς
447 3772 478 3824 δὲ
495 3770 634 3837 ποθεινῆς
671 3771 723 3822 bus
733 3772 770 3821 sit
780 3771 937 3820 destinata»
967 3772 1198 3821 Commodianum

111 3840 346 3919 Εὐφράντηςὲιια
356 3862 423 3912 μοι,
441 3844 534 3917 λάτοι,
553 3843 633 3898 δίδου
670 3847 754 3908 cuoihi
771 3846 798 3894 h.
817 3844 834 3894 Ι.
852 3848 916 3895 sunt
940 3844 1066 3908 «plenum
1086 3842 1197 3893 modum

110 3920 230 3975 κύαθον.
254 3922 341 3973 Alexis
353 3923 424 3987 apud
437 3924 531 3973 Athen.
550 3924 578 3982 6,
592 3921 632 3972 ot.
672 3920 818 3979 hebentes,
844 3919 953 3980 integri,
983 3919 1014 3966 ut
1035 3930 1070 3966 ne
1087 3918 1198 3979 propter

112 4012 135 4063 p.
155 3999 219 4050 2511:
247 3996 324 4058 liat,
349 3993 403 4061 τὴν
419 3992 548 4063 μεγάλην
565 3992 633 4058 δός,
672 3994 763 4045 nescio
775 4004 855 4056 qnam
867 3992 978 4039 nimiam
993 3990 1197 4053 temperantiam

112 4074 226 4135 ἐπιχέας
247 4070 346 4133 Φιλίας
361 4068 492 4133 κυάθους
511 4066 568 4119 τῶν
580 4082 636 4119 πα·
673 4071 762 4120 minus
778 4067 831 4116 vini
846 4066 998 4124 hauriatur,
1019 4076 1102 4127 quem
1118 4074 1197 4113 mea·

112 4144 219 4215 ρόντωο
237 4147 385 4216 τέτταρας·
427 4141 503 4208 Τοὺς
518 4150 594 4215 τρεῖς
610 4141 634 4192 o'
673 4156 737 4193 sura
758 4143 815 4205 ipsa
837 4139 980 4189 continet.»
1016 4137 1064 4199 (Gi.
1084 4137 1197 4199 notger-

106 4220 229 4291 Ἔρωτος
250 4216 489 4291 προσαποᾱώοεις
504 4212 633 4288 ὕστερον·
673 4218 756 4277 sium,
782 4212 943 4272 Beutieium,
969 4209 1143 4261 Forceiiinum
1171 4212 1198 4260 tn
