2934 4884
260 321 322 386 746
498 321 626 371 ttountlt
648 320 774 371 arabon
802 319 903 370 LIBER.
936 320 1034 370 enuit.
1053 319 1129 370 XVll.

384 481 432 542 nn
456 497 542 563 quae
563 496 696 542 movere
717 494 832 542 cereas
854 474 1025 560 imagines,

384 597 423 663 Ut
446 597 517 683 ipse
542 597 625 662 nosti
650 595 816 672 curiosus,
839 604 871 662 et
896 593 972 682 polo

384 717 541 804 Deripsrc
564 715 674 782 lunam
694 715 829 782 vocibus
851 714 1096 802 possim'meis,

384 838 510 904 Possim
532 847 692 904 crematos
714 836 855 904 excitare
878 845 1022 902 mortuos

383 956 600 1044 Desiderique
621 968 804 1044 temperare
825 955 961 1044 pocula,

362 1077 510 1144 .Plorem
533 1078 609 1143 artis
632 1077 664 1142 in
687 1088 718 1144 te
741 1075 783 1142 nil
806 1077 930 1164 agentis
952 1077 1081 1143 exitus?

323 1251 364 1300 ll.
385 1250 416 1298 Ut
431 1253 455 1298 et
470 1249 524 1310 ipre
539 1249 568 1298 C.
590 1275 618 1283 -
636 1249 750 1296 mones
766 1248 830 1297 nosti
846 1247 874 1297 Β.
905 1275 932 1284 -
962 1247 1002 1298 78.
1024 1247 1141 1310 Diripere
1157 1249 1185 1298 T.
1209 1276 1235 1284 —
1253 1261 1315 1311 pos-

290 1339 347 1375 sum
363 1335 432 1374 unus
451 1322 510 1385 (46.)
527 1322 643 1372 Pottierii
667 1325 695 1371 et
710 1323 864 1373 Torrentius
889 1322 940 1374 bis.
971 1322 1029 1384 (idei
1048 1335 1080 1374 ac
1096 1321 1207 1373 Bentleii
1220 1326 1315 1386 possim

291 1397 454 1460 utrobique.)
474 1423 502 1432 -
531 1397 572 1447 80.
587 1397 707 1459 pomam
724 1396 792 1456 bl'c,
811 1397 905 1448 thFJ.
925 1397 965 1460 (lit
982 1409 1044 1458 nos,
1062 1399 1096 1458 B,
1115 1394 1237 1464 γδκλνχ,
1255 1411 1312 1448 var.

290 1471 352 1524 lect.
369 1490 406 1536 μ,
423 1468 571 1529 flectimus,
590 1471 634 1533 ll.)
652 1497 681 1506 -
707 1471 750 1522 at.
768 1471 865 1521 nullam
880 1471 991 1520 mcertis
1007 1471 1103 1520 evim
1120 1473 1153 1530 L,
1172 1471 1209 1520 nii
1224 1471 1315 1522 iudea

290 1546 506 1596 inanimamur
522 1545 638 1594 Pettierii
655 1548 682 1595 et
698 1547 792 1604 Torn,
810 1545 847 1594 nil
861 1545 969 1595 nabotis
984 1545 1082 1596 ecilino
1098 1547 1231 1603 Muretus;
1260 1558 1314 1595 non

289 1623 321 1670 ut
344 1618 448 1678 volunt,
473 1617 540 1668 cod.
567 1617 713 1668 rotmanni.
741 1618 847 1669 liabent
869 1620 906 1669 nil
922 1619 994 1683 (nibil
1009 1620 1047 1682 T.)
1065 1619 1162 1683 spontis
1178 1618 1262 1669 llec.
1283 1646 1312 1655 -

291 1694 373 1744 mites
389 1691 483 1750 Bbct:
503 1692 599 1740 minen
615 1693 701 1752 ηε,
718 1692 865 1751 uenustus,
886 1695 938 1745 Fld.
958 1695 998 1756 (tlt
1014 1707 1079 1753 nos,
1097 1694 1131 1756 J.)

258 1833 469 1893 domitoomnin,
491 1833 603 1896 quaein
620 1832 786 1884 orbeterra·
824 1847 877 1897 que
903 1837 931 1885 ct
955 1845 1067 1897 prorsus
1096 1832 1213 1884 inaudite
1239 1833 1345 1884 efficere

258 1922 320 1959 rum
331 1910 401 1968 sunt,
415 1908 523 1958 llectent
534 1920 565 1957 se
580 1908 693 1957 invictae
708 1921 785 1958 meae
823 1911 958 1970 queam‘ln
979 1935 1006 1942 -
1030 1907 1192 1970 Desideripue
1208 1912 1348 1970 temperare

258 1984 394 2048 potentiae
412 1996 528 2046 eamque
546 1995 608 2033 cum
625 1985 735 2047 stupore
748 1980 786 2032 ul·
819 1982 920 2046 poento]
940 1982 1071 2032 nmiscere
1096 1981 1190 2045 poeula
1208 1984 1346 2040 amatoria,
1449 2001 1450 2010 2

259 2058 300 2106 tro
318 2058 477 2120 agnoscent,
499 2069 576 2117 cum,
598 2057 675 2120 quasi
693 2057 786 2106 trium
822 2054 952 2126 altman
979 2055 1103 2106 Praelero
1120 2069 1194 2106 num.
1215 2055 1346 2120 pluralem

259 2131 359 2194 phane,
388 2131 437 2182 tibi
453 2131 604 2193 inequitans
621 2131 784 2181 incessero.»
822 2131 938 2180 maxime
950 2132 1061 2193 propter
1077 2131 1261 2181 auctoritatem
1280 2131 1345 2181 cod.

259 2203 308 2254 nlii
326 2204 471 2268 explicant:
500 2206 541 2254 cte
568 2217 678 2256 mecum
694 2203 785 2253 tollam
822 2203 964 2254 Beruensls
980 2205 1101 2254 emulum
1123 2205 1299 2268 antiquissimi
1316 2206 1344 2254 B.

259 2279 286 2328 in
304 2283 426 2336 aerem3·
453 2277 480 2327 id
502 2277 575 2341 quod
596 2291 649 2328 non
672 2278 742 2328 inest
759 2279 785 2327 in
822 2275 965 2340 Singularis
989 2275 1134 2328 multorum
1158 2278 1300 2341 (omnium,
1319 2281 1347 2328 ul

258 2351 349 2402 verbis
361 2353 466 2416 poetae.
482 2378 508 2387 -
522 2352 675 2414 insolentiae]
694 2351 785 2402 «novis
821 2351 941 2414 videtur,
960 2351 1084 2416 Pettieriil
1104 2353 1187 2402 Codd.
1201 2353 1277 2403 lluxit
1293 2353 1347 2404 sor·

260 2427 346 2484 ausis,
371 2425 482 2477 insolitis
507 2439 539 2476 ac
565 2426 641 2477 novis
667 2425 783 2486 artibus,
822 2428 894 2477 tasse
921 2439 953 2476 ex
983 2425 1169 2477 recordatione
1201 2427 1285 2493 Epod.
1315 2430 1344 2486 d,

261 2499 359 2562 quibus
383 2499 497 2550 ulciscar
519 2503 547 2550 et
563 2499 712 2564 deprimam
736 2499 786 2548 inl·
823 2500 869 2551 38:
888 2500 1148 2562 Amoris-poeniten.

260 2575 345 2625 micos
363 2587 483 2624 omnes.»
502 2575 681 2624 Foncannmus.
856 2574 897 2624 8t.
918 2575 1029 2623 «Horon
1048 2574 1152 2638 (vanos,
1170 2587 1280 2639 semper
1296 2575 1347 2624 tru-

293 2647 381 2699 76-80.
394 2661 480 2698 cereas
487 2649 616 2713 inopinos]
633 2651 664 2700 Ut
672 2650 698 2698 iu
706 2649 787 2698 Phar·
823 2647 929 2709 stratos)
947 2648 1031 2697 man
1047 2649 1112 2698 ortis
1128 2661 1205 2698 meae
1219 2650 1344 2713 magicae,

241 2719 414 2774 *maceutriis
425 2723 556 2774 Theocriti
570 2724 601 2782 2,
613 2723 655 2773 28.
675 2724 702 2772 et
712 2721 784 2784 virg.
824 2735 893 2786 quae
910 2722 938 2770 in
954 2726 977 2773 te
995 2722 1119 2783 (accusat.
1136 2723 1279 2774 «adversus
1296 2723 1344 2782 ten

260 2796 315 2848 Ecl.
336 2798 367 2857 8,
391 2797 451 2857 8t.,
476 2809 564 2860 pupae
582 2797 648 2846 istae
665 2797 785 2858 magicae
822 2795 860 2845 nil
875 2796 943 2860 cpit,
961 2793 1061 2846 nullam
1079 2797 1133 2846 vim
1150 2796 1273 2847 habeti»
1292 2798 1348 2847 lna·

262 2870 447 2922 adolescentes
463 2867 505 2918 vel
519 2867 641 2919 infideles
652 2867 695 2919 vel
706 2869 786 2920 nimis
824 2883 886 2920 nem
904 2883 926 2920 s.
945 2867 1046 2920 nullum
1064 2870 1146 2922 luisse
1163 2873 1260 2922 scitam
1280 2871 1348 2921 inest

261 2946 344 2996 duros
361 2943 491 3002 referunt,
518 2953 586 3006 quos
603 2955 633 2992 se
651 2943 786 2995 defixurus
824 2944 850 2994 in
874 2945 932 3008 ipsa
957 2957 983 2993 v.
998 2945 1106 3007 plorent.
1133 2945 1234 3009 spanis
1259 2939 1347 3010 (perli-

261 3022 288 3069 et
305 3016 408 3082 cupidis
429 3015 524 3080 puellis
547 3016 732 3069 conciliaturas
749 3019 788 3067 si·
824 3019 926 3082 cientis)
960 3031 1010 3082 per
1038 3031 1067 3070 se
1096 3017 1198 3070 clarum
1227 3021 1269 3070 est
1298 3033 1347 3069 nac

261 3091 401 3144 mutabant
417 3103 505 3154 sagae.
525 3091 600 3142 ovid.
619 3091 681 3142 lter.
695 3093 724 3152 6,
739 3091 785 3142 m:
824 3091 1044 3144 commutandum
1069 3105 1130 3143 eum
1156 3091 1235 3156 gloss.
1261 3093 1348 3142 cubn-

260 3169 370 3218 Deoooet
386 3165 496 3216 admotos
511 3167 697 3228 dnmmmcqae
713 3179 787 3216 cerea
824 3168 866 3228 tis,
890 3165 1010 3216 habentis.
1030 3165 1119 3232 (ripere
1136 3169 1163 3216 et
1178 3167 1269 3217 tubere
1285 3179 1348 3232 pas-

259 3243 358 3307 ptpitEt
373 3241 791 3305 mmmmmiecarnrpet
824 3242 875 3291 sim
897 3239 1109 3302 contunduntur,
1137 3242 1168 3291 ut
1189 3241 1264 3292 ovid.
1284 3242 1344 3291 lter.

261 3329 330 3366 neus.
346 3343 373 3352 -
392 3315 518 3379 medone]
538 3327 616 3367 «cum
632 3313 787 3367 incredulus
825 3315 871 3376 46,
893 3315 950 3365 304.
980 3317 1042 3367 Met.
1064 3315 1092 3376 9,
1115 3313 1181 3378 itii.)
1216 3315 1345 3375 Quidam,

261 3405 295 3442 ex
306 3389 408 3440 insidiis
419 3401 495 3439 meas
507 3389 579 3440 artes
590 3389 787 3455 inspectabasn
825 3385 896 3440 nullo
923 3391 1012 3440 tamen
1045 3388 1166 3454 exemplo
1197 3390 1292 3450 innisi,
1321 3403 1344 3437 v.

263 3465 372 3527 -poto
392 3463 514 3526 Deripere
534 3463 636 3526 lunam]
668 3463 727 3514 vid.
753 3463 788 3514 ad
825 3465 889 3514 artis
925 3477 973 3528 prc
1000 3465 1116 3527 genitivo
1149 3462 1225 3514 verbi
1252 3464 1347 3526 plorem

261 3537 517 3603 epoa.a‚tasq.-
535 3539 657 3600 writers]
674 3538 789 3589 ablnle·
824 3537 942 3589 habent:
973 3540 1099 3604 «propter
1115 3541 1202 3588 artem
1219 3539 1292 3588 omni
1309 3537 1346 3587 el-

261 3613 307 3662 ris.
333 3609 429 3662 Tibull.
448 3612 478 3673 4,
496 3612 529 3672 t,
547 3611 595 3662 tt:
626 3613 694 3663 Haec
710 3617 789 3662 contu
824 3615 954 3666 ticaciiatc
984 3617 1147 3666 carentem.»
1181 3614 1346 3664 Contrarium

260 3687 381 3750 finditque
407 3686 487 3736 enimn
510 3689 646 3748 amnone
670 3688 789 3751 rapueris
825 3691 866 3740 est
889 3689 937 3740 0d.
955 3688 985 3751 4,
1005 3688 1051 3748 lt,
1070 3689 1119 3739 38:
1148 3689 1267 3738 secrmdos
1290 3688 1347 3737 red-

261 3761 337 3810 Elicit
352 3765 376 3811 et
393 3761 474 3823 tepido
491 3761 594 3811 deuocat
604 3775 661 3811 osso
671 3776 742 3827 rope.
758 3789 785 3798 -
825 3765 887 3814 didit
898 3764 996 3826 wius,
1016 3755 1112 3827 suibus
1124 3764 1348 3828 opponiturmper

264 3836 319 3885 «nn
337 3847 387 3898 ego
404 3835 517 3886 tortasse
535 3838 606 3887 artes
623 3849 698 3888 meas
716 3838 743 3888 in
761 3839 787 3887 te
825 3839 917 3888 ticine
942 3836 1013 3902 apud
1026 3835 1116 3887 Silium
1129 3839 1158 3898 5,
1177 3836 1226 3886 478
1237 3849 1278 3899 sq.
1292 3834 1347 3885 Plu-

262 3908 349 3959 irritcs
366 3921 477 3959 manere
495 3910 570 3974 queri
588 3909 705 3971 debebo,
726 3923 786 3973 ego,
825 3910 910 3961 ratem
928 3912 971 3961 bie
989 3923 1095 3975 quoque
1112 3908 1225 3975 praetuli
1240 3913 1347 3973 propter·

263 3983 384 4045 inquam,
398 3995 467 4047 quae
479 3986 567 4033 tamen
580 3985 694 4034 maxima
707 3997 789 4048 quae·
826 3985 911 4036 Codd.
925 3985 1061 4048 antiquiss.
1076 3985 1270 4034 alletoritatem.
