2934 4884
479 350 538 401 tta.
558 350 599 399 lv.
636 351 664 399 C.
685 350 725 399 Vl.

214 507 283 572 llite
304 505 445 571 Latonae
469 524 608 591 puerum
631 514 800 577 canentes,

215 626 283 691 liite
307 635 508 691 crescentem
532 624 600 691 lace
624 624 836 698 Noctilucam,

215 748 408 832 Prosperam
431 744 557 831 frugum
579 743 787 829 celeremque
810 764 930 830 pronos

300 864 435 931 Volvere
457 884 596 930 menses.

216 1023 320 1107 Nupta
343 1021 406 1085 iam
429 1019 532 1087 dices:
556 1020 624 1106 Ego
646 1019 696 1085 dis
719 1022 874 1093 amicum.

218 1140 335 1208 Secula
359 1140 455 1206 testas
479 1139 638 1205 referente
661 1139 768 1216 luces,

224 1259 361 1327 lladdidi
384 1280 531 1335 carmen,
555 1258 669 1325 docilis
692 1258 863 1326 modomm

304 1380 390 1447 Vatis
413 1380 531 1446 Horati.

155 1580 196 1628 at.
214 1578 288 1640 poert
304 1578 332 1627 T.
355 1600 381 1611 -
402 1576 441 1627 38.
461 1576 622 1627 Noctelacam
639 1575 665 1636 d,
684 1589 731 1626 ser
749 1576 873 1626 Pottierii.
894 1577 974 1640 (soca
989 1579 1068 1630 lacem
1084 1582 1124 1642 Ti

93 1748 116 1796 8.
144 1747 231 1795 Varro
255 1746 283 1794 L.
309 1745 337 1795 L.
356 1746 385 1803 li,
405 1744 452 1793 68:
493 1745 616 1792 Laeron
654 1746 727 1793 recte
750 1743 871 1793 discemi
893 1746 1010 1796 studium
1034 1748 1178 1799 excitatura

93 1822 159 1869 dicta
175 1820 308 1868 Noctiluca
323 1818 350 1866 in
365 1817 481 1875 palatim·
506 1830 567 1867 com
583 1816 618 1865 ibi
655 1818 720 1865 aral.
747 1817 1177 1883 Teneriorautemeofltseusus,

92 1899 166 1943 nocta
181 1894 246 1942 arcet
262 1892 388 1953 tanrplran.
410 1890 546 1954 Inscriptio
559 1892 617 1941 Nu·
655 1890 726 1953 quod
759 1889 793 1941 da
819 1892 964 1954 virginibus
995 1896 1180 1947 tautummodo

93 1969 131 2017 sei
148 1966 268 2017 Kircher.
292 1965 335 2015 ed.
354 1965 470 2014 Brunatii
487 1977 547 2027 pag.
567 1965 615 2013 ill:
654 1963 739 2013 verba
756 1964 826 2014 lacit.
849 1990 876 2001 -
904 1966 977 2028 taces]
996 1968 1047 2016 Per·
1063 1968 1180 2018 triduum

93 2042 155 2091 Bou.
182 2041 272 2089 Dran.
306 2040 457 2089 locurum.
486 2038 615 2089 Arrrsrrr.
655 2040 682 2087 et
708 2039 860 2089 trinoctium
895 2038 1101 2090 celebrabuntur
1125 2040 1180 2092 ludi

61 2133 67 2145 ·
98 2117 214 2164 i'rrrsnrs
233 2124 283 2163 urs.
301 2124 358 2161 rra.
377 2124 402 2160 n.
420 2124 446 2161 a.
656 2111 801 2163 seculares.
822 2138 850 2149 -
868 2114 980 2177 lieddidr]
1000 2116 1112 2175 «centu,
1133 2129 1181 2178 ga-

125 2188 166 2238 39.
192 2188 343 2248 Promerom
368 2185 483 2249 [maren]
517 2187 618 2237 Graeca
655 2187 711 2243 stu.
730 2183 868 2236 saltatione
886 2188 1004 2250 expressi
1023 2200 1087 2249 ego,
1112 2202 1180 2252 quos

94 2262 311 2320 constructione,
331 2256 550 2325 rpmsperanlem
567 2259 620 2309 lru·
656 2256 775 2307 studiose
793 2262 821 2308 et
837 2258 905 2309 lucili
922 2273 1005 2323 opera
1021 2261 1178 2323 didicerem,

94 2349 141 2399 ges
153 2333 331 2396 celeriterque
344 2344 424 2382 cursu
441 2345 491 2382 suo
502 2332 619 2395 singrulos
657 2333 757 2381 Horatii
773 2346 893 2383 versus.»
913 2334 942 2383 ln
959 2334 1049 2397 ipsum
1066 2335 1181 2385 Carmen

94 2421 203 2460 meuses
220 2408 254 2457 ad
266 2407 347 2457 finem
358 2406 578 2470 perducentem.»
590 2430 617 2443 -
657 2403 780 2456 seculare
789 2419 852 2455 cum
862 2419 961 2456 nomeu
970 2419 1051 2457 suum
1061 2408 1180 2457 inserere

91 2483 197 2547 monos]
233 2481 371 2531 «sceleriter
391 2484 618 2543 praetereuntes.»
658 2492 711 2530 nou
722 2483 828 2543 posset,
848 2483 1012 2530 Graecorum
1023 2482 1181 2542 Lyricorum

96 2554 188 2608 catull.
216 2554 261 2615 al,
291 2555 339 2603 ii:
380 2554 414 2603 Ta
437 2566 524 2613 mam,
554 2555 618 2613 deo,
658 2552 780 2616 exempla
802 2556 910 2603 secutus
932 2555 1000 2603 iusta
1021 2566 1083 2604 cum
1099 2552 1182 2617 glorta

95 2635 223 2681 mma-rw
241 2630 345 2679 Matiene
361 2629 410 2677 iter
424 2640 549 2688 caraman,
567 2630 620 2677 Rc-
657 2630 684 2679 iu
701 2628 753 2677 hoc
770 2629 907 2691 prooemio
926 2641 956 2678 se
973 2627 1008 2677 ad
1024 2627 1088 2678 illud
1105 2642 1183 2678 com·

96 2707 158 2755 rticc
177 2703 305 2766 sostratae
325 2702 394 2752 amir
414 2702 486 2752 Tecto
506 2702 621 2765 turpiam
657 2702 813 2766 ponendum
836 2700 970 2752 delectum
996 2714 1057 2751 esse
1075 2701 1110 2751 ab
1127 2705 1183 2752 Au-

96 2779 189 2841 cvplas.
659 2778 737 2838 gusto
754 2778 956 2826 commemorat.
971 2802 999 2811 —
1012 2777 1115 2837 Horati]
1133 2777 1183 2825 No-

128 2852 156 2903 il
171 2851 235 2903 -tl
262 2849 432 2913 Nupturae]
451 2848 620 2912 aliliquando
660 2861 722 2899 meu
740 2850 792 2900 hoc
810 2850 906 2913 poetae
924 2852 1014 2912 pater,
1037 2852 1067 2898 ut
1083 2847 1184 2913 proha-

98 2926 247 2989 gratissima
262 2924 307 2973 tihi
324 2924 374 2974 erit
387 2924 516 2973 festorum
526 2922 622 2972 horum
658 2922 711 2972 bile
730 2925 786 2984 est,
816 2924 961 2987 assumpsit
978 2938 993 2973 a
1011 2923 1082 2973 tribu
1098 2925 1184 2973 Nora-

98 3002 203 3050 dierum
221 2998 397 3049 recordatio.»
421 2999 494 3056 Quae
512 2996 621 3060 quidem
660 2997 709 3055 tia,
738 2997 782 3046 cui
803 2996 930 3059 adscripti
953 3000 1029 3048 emnt
1046 2997 1181 3047 Venusini.

99 3075 222 3139 cogitatio
236 3074 289 3124 iam
305 3084 376 3123 nunc
394 3070 481 3122 alacre
496 3071 622 3121 carminis
659 3070 730 3121 vida
747 3070 941 3120 tiroteleudius.
