2934 4884
292 390 354 455 562
681 387 809 437 nonam
826 386 996 438 cauumuu

416 544 543 630 Longas
566 562 585 607 o
611 540 743 617 utinam,
766 540 834 606 dux
855 538 955 615 bone,
979 539 1076 605 terias

417 666 567 730 Praestes
590 660 784 748 Hesperiae!
813 659 951 727 dicimus
973 660 1098 747 integro

420 784 503 850 Sicci
525 802 620 848 mane
643 780 712 857 die,
736 780 875 847 dicimus
896 779 1001 855 uvidi,

504 903 585 969 Cum
607 900 662 968 Sol
684 902 817 968 Oceano
840 900 962 967 subest.
1337 902 1373 965 to

356 1082 396 1132 37.
415 1082 477 1142 dim]
494 1092 543 1130 rae
558 1076 687 1142 Tnssuu.
706 1092 761 1129 non
776 1076 946 1142 improbante
961 1076 1088 1129 Bentleio.
1114 1078 1232 1140 (titane,
1251 1078 1343 1139 BbSc.t

290 1252 342 1289 nec
365 1250 499 1288 moran
523 1250 574 1286 esse
600 1237 638 1286 sic
667 1234 738 1285 nude
765 1247 815 1299 pro
853 1236 940 1285 ἀπεαπ
956 1233 1079 1283 dixerunt
1089 1235 1238 1298 Augustum
1248 1237 1373 1301 propria-

290 1312 464 1377 tenefloiomnn
483 1323 619 1360 moran
634 1322 685 1360 esse
701 1309 816 1372 dicipo-
851 1310 914 1371 cipe.
943 1308 1017 1358 ovid.
1036 1308 1113 1359 Triut⁴
1134 1309 1162 1369 4,
1185 1311 1217 1369 2,
1237 1310 1300 1361 t03:
1326 1312 1373 1361 Hoc

289 1388 351 1435 test.
386 1384 473 1435 Altera
496 1385 576 1445 ratio,
603 1396 671 1448 quae
693 1396 737 1432 me
755 1396 816 1433 mo-
853 1382 987 1445 (Augusto)
1005 1382 1067 1431 duce
1085 1383 1108 1430 si
1124 1383 1179 1431 dini
1193 1383 1281 1446 felicia
1296 1384 1373 1434 auia

289 1458 348 1517 vet,
368 1470 401 1506 ex
412 1458 508 1520 poetae
520 1469 596 1507 more
609 1455 754 1506 verborum
763 1454 817 1504 cot-
852 1457 903 1505 cet.
933 1482 961 1491 -
986 1456 1078 1519 fedas]
1103 1454 1182 1506 «dies
1205 1457 1304 1517 festos,
1332 1470 1374 1508 se-

288 1529 463 1581 tocandorum
481 1531 562 1593 petita
585 1532 634 1579 est.
664 1530 720 1579 tice
743 1530 814 1578 enim
852 1527 1301 1593 cunitatisactaetitiaaptenos31
1325 1532 1372 1579 tote

289 1605 535 1665 animadvertimus,
555 1603 601 1653 ubi
618 1602 815 1653 substantivum
850 1616 898 1666 pus
913 1605 1017 1661 numm,
1040 1602 1068 1652 id
1089 1604 1145 1663 est,
1173 1602 1255 1663 «diu,
1279 1616 1372 1667 prees-
1446 1663 1447 1666 Ἰ

289 1679 419 1729 adiectivo
451 1680 573 1726 ornatum
604 1675 748 1726 obnoxium
779 1677 815 1726 sit
851 1689 929 1737 mur,
955 1677 1064 1735 vivam»
1090 1678 1120 1725 ut
1144 1676 1192 1726 od.
1218 1677 1248 1737 4,
1275 1678 1307 1737 2,
1329 1676 1369 1728 tt:

289 1751 414 1815 potestati
432 1748 540 1800 alterius
556 1750 683 1810 nominis,
703 1749 740 1800 ibi
760 1750 815 1799 Ho-
851 1751 942 1812 diuque
962 1751 1054 1800 tectus
1074 1751 1174 1799 intersis
1194 1752 1292 1813 poputo
1314 1753 1371 1813 oui·

288 1826 386 1873 ratium
403 1825 451 1873 tria
468 1822 599 1873 vocabula
619 1823 762 1887 disponere
780 1824 814 1873 ita
850 1826 909 1873 sini.
930 1824 1053 1887 (somnes
1065 1824 1143 1886 igitur
1153 1822 1225 1885 dies,
1244 1838 1314 1887 quos
1325 1825 1371 1875 sub

289 1896 388 1959 sotere,
407 1899 436 1947 ut
460 1910 557 1959 regens
582 1908 681 1947 nomen
706 1898 733 1946 in
758 1909 815 1946 me·
850 1900 877 1947 te
894 1898 1028 1958 vivemus,
1055 1896 1181 1947 feriarum
1198 1898 1284 1948 instar
1300 1898 1372 1948 nobis

288 1971 332 2021 dio
358 1969 418 2021 loco
435 1972 553 2035 positum
574 1970 683 2033 reliquis
707 1969 815 2021 duobus
852 1970 975 2032 erunt»)
1003 1998 1031 2006 -
1056 1971 1185 2034 Intepnsn
1208 1973 1275 2022 dem
1298 1974 1373 2023 vocat

289 2046 417 2108 cingatur.
455 2045 503 2094 0d.
530 2046 557 2105 4,
583 2043 627 2105 tt,
647 2044 693 2094 tt:
730 2042 815 2093 Sitouc
851 2057 914 2094 cum
931 2046 1046 2094 maxime
1064 2046 1235 2109 incipientem
1252 2046 1371 2109 adeoque

286 2119 341 2183 titio
357 2116 453 2167 notitia
473 2118 518 2179 t't,
532 2118 573 2168 tt.
594 2118 638 2180 48,
652 2118 691 2167 tu.
711 2115 757 2178 tt,
772 2118 812 2167 43.
850 2118 992 2176 intactum,
1011 2119 1054 2167 cui
1070 2116 1208 2168 nulladum
1225 2132 1290 2182 pers
1302 2118 1372 2168 dem-

288 2192 386 2254 2't‚t⁰.
406 2192 450 2253 36,
470 2192 501 2242 43
519 2194 587 2242 cet.»
850 2192 895 2255 pta
918 2192 967 2241 est.
996 2191 1124 2242 Diversus
1149 2194 1191 2242 est
1211 2192 1307 2242 sotidass
1324 2193 1372 2241 dies

850 2263 939 2323 Odi,
959 2266 987 2323 4,
1005 2264 1046 2315 20.
1063 2264 1372 2330 -Stces]nsobrii,non-

320 2338 425 2389 si-tc.
455 2339 509 2388 dun
530 2338 604 2399 totu]
630 2337 814 2388 Gratissimum
850 2336 915 2387 dum
931 2338 1016 2401 poti»,
1035 2339 1065 2388 ut
1081 2337 1129 2387 0d.
1148 2340 1178 2400 4,
1197 2340 1244 2399 48,
1263 2340 1287 2389 3.
1306 2340 1368 2403 Epp.

287 2412 357 2462 hanc
374 2413 559 2475 repetitionem
571 2410 736 2462 allocutionis
747 2423 773 2459 v.
786 2412 811 2459 5.
850 2413 879 2471 4,
904 2411 947 2471 49,
970 2411 994 2460 9.
1016 2438 1043 2446 -
1065 2411 1148 2475 widi]
1168 2410 1368 2483 βεβρεγμένα,

288 2483 542 2548 pessumdederunt,
553 2484 598 2547 qui
607 2482 811 2534 substituerunt:
849 2486 910 2533 vino
928 2484 1038 2545 madidi,
1057 2486 1121 2549 poti.
1143 2513 1170 2522 -
1189 2487 1229 2535 De
1240 2487 1371 2551 signifiea-

286 2571 336 2607 ren
358 2557 431 2619 tuso,
457 2556 619 2608 vocabulum
642 2557 811 2619 invidiosum,
849 2559 921 2608 tione
944 2570 976 2608 ac
999 2560 1128 2622 perpetua
1151 2558 1307 2611 contusione
1328 2574 1367 2609 vv.

288 2644 303 2679 a
329 2644 383 2693 quo
407 2632 540 2693 Augustus
568 2628 674 2694 publice
703 2643 814 2693 prorsus
849 2633 939 2682 widin
959 2634 988 2682 et
1005 2633 1121 2682 tusuidus
1137 2632 1185 2683 cin.
1203 2635 1322 2698 Wagner
1337 2633 1369 2683 ad

288 2702 446 2754 abstinebat.
482 2706 568 2767 Atque
585 2704 693 2753 omnino
706 2706 814 2765 saepius
850 2706 920 2769 Vtrg.
940 2709 986 2756 Ge.
1007 2708 1034 2766 4,
1052 2706 1110 2757 448.
