2934 4884
635 333 765 384 llOllATll
783 333 952 384 exaffluens

380 491 513 556 Nescios
536 489 592 553 lari
615 508 737 574 pueros
758 486 885 553 Achivis

379 612 493 679 Ureret
515 608 667 685 llammiS,
691 609 789 674 etiam
811 607 961 674 latentem

464 730 570 796 llatris
593 730 624 793 in
647 729 732 803 alvo,

378 890 415 954 Ni
438 889 500 954 tuis
521 888 623 955 victus
647 887 847 975 Venerisque
868 897 979 973 gratae

380 1009 519 1076 Vocibus
542 1008 650 1074 divom
672 1018 765 1094 pater
786 1007 952 1073 annuisset

320 1227 360 1275 49.
388 1226 489 1275 totenes
510 1225 564 1274 bct
586 1235 648 1273 cuna
671 1220 738 1273 Aldo
755 1225 782 1271 ct
802 1222 918 1272 Pettierii
935 1224 964 1282 2,
984 1224 1023 1272 li.
1044 1224 1083 1286 (Ut
1099 1236 1161 1283 nos,
1181 1226 1267 1275 nostri
1285 1230 1312 1275 et

286 1298 493 1424 ξὲηξηὲηξηελλοῑλ
512 1298 612 1360 ceteri.)
631 1326 658 1333 -
674 1297 714 1346 at.
736 1294 824 1355 victae]
839 1296 922 1358 timus
938 1308 953 1345 e
971 1295 1037 1345 Cod.
1056 1295 1146 1346 Bland.
1167 1299 1309 1361 antiquiss.

255 1566 417 1619 vocabulum
434 1570 476 1619 est
485 1567 593 1617 Horatio
610 1577 721 1629 prorsus
739 1565 781 1615 in·
849 1567 877 1615 2⁴
890 1566 953 1617 -si
971 1567 1058 1631 actus]
1069 1571 1160 1631 flocus,
1179 1569 1254 1633 quod
1266 1573 1344 1621 Bent-

256 1642 382 1704 diguum3
410 1641 492 1690 immo
515 1640 626 1690 fortasse
650 1653 683 1689 ne
709 1640 780 1689 Lati·
816 1639 1006 1691 leiuseCodd.
1019 1641 1157 1706 praetulit,
1179 1643 1223 1694 vel
1237 1658 1343 1695 merom

256 1728 322 1765 num
346 1713 457 1777 quidem
482 1712 530 1763 luit
553 1725 685 1776 unquam,
717 1726 780 1762 nem
817 1716 860 1765 est
875 1712 1024 1777 glossema.
1049 1728 1111 1765 cum
1133 1718 1239 1768 Comm.
1260 1720 1342 1783 Cruq.

257 1788 304 1839 ubi
322 1789 379 1837 siae
396 1785 447 1836 alio
465 1785 588 1850 exemplo
604 1785 744 1850 legebatur
754 1788 781 1837 in
815 1788 896 1837 octus
925 1788 1022 1839 eodem
1061 1790 1145 1840 verbo
1181 1792 1345 1856 interprete-

255 1865 345 1913 Burm.
363 1859 468 1911 Anthol.
484 1862 513 1921 δ,
531 1861 594 1921 tes,
607 1862 631 1911 8.
655 1863 781 1925 Meyerus
817 1863 877 1921 tur,
895 1860 937 1911 vel
955 1876 986 1911 ex
1006 1876 1038 1912 so
1054 1877 1111 1913 var.
1129 1863 1203 1915 lecit.
1223 1878 1342 1928 genere,

256 1934 356 1987 eCod.
375 1934 485 1985 Salmas.
504 1934 579 1984 dedit
602 1940 701 1997 raptor.
729 1936 780 1997 (Si-
817 1948 871 1997 quo
895 1933 994 1985 librarii
1011 1939 1168 1989 memoriter
1190 1939 1344 1991 scribentes

256 2008 318 2061 mile
336 2008 490 2073 exemplum
511 2007 600 2070 verbi,
627 2010 781 2075 quodcum
817 2020 906 2071 neque
923 2004 1088 2080 ἀρχέτυπον
1104 2024 1184 2062 suum
1200 2014 1268 2064 satis
1280 2012 1346 2063 tide·

256 2084 310 2134 iam
327 2082 471 2146 antiquitus
494 2082 649 2143 excidisset,
677 2086 780 2135 temere
817 2080 877 2131 liter
896 2083 1068 2146 inspicientes
1090 2085 1257 2148 homonyma
1277 2088 1346 2138 scri-

257 2156 410 2221 suppletum
435 2160 488 2218 est,
515 2157 600 2208 babes
617 2160 684 2221 Epp.
703 2159 732 2219 λ,
751 2159 779 2218 2,
817 2157 900 2220 pteris
921 2156 1004 2220 ipsius
1024 2158 1115 2209 verbis
1131 2159 1343 2211 substituebant.

259 2231 326 2294 499.)
344 2230 467 2295 Agatbias
488 2232 515 2281 in
533 2232 610 2281 Autb.
630 2231 682 2282 Pal.
701 2233 733 2281 ll.
751 2244 779 2294 p.
820 2257 847 2265 -
865 2230 945 2280 liebus
959 2231 1069 2295 Acme]
1097 2233 1158 2282 «toti
1182 2234 1242 2284 cius
1259 2236 1346 2285 tortu-

257 2306 304 2355 et:
324 2300 343 2355 ἁ
361 2301 457 2355 κλεινὰ
474 2303 608 2374 Πριάμου
626 2303 726 2370 πόλις,
744 2301 782 2356 ἂν
818 2316 868 2352 nae
886 2316 918 2353 ac
935 2306 1040 2353 statui.»
1061 2333 1088 2340 -
1116 2307 1253 2372 misisset]
1272 2310 1343 2371 virg.

259 2373 405 2443 ἀλαπάξαι
418 2374 560 2429 Ἑλλάνων
584 2379 699 2447 δεκέτης
726 2376 780 2433 οὐκ
817 2380 883 2427 Aeo.
903 2379 932 2438 4,
954 2378 1012 2428 257.
1042 2380 1160 2444 luppiter
1177 2381 1280 2431 Veneri
1296 2396 1345 2446 pro

258 2450 416 2505 ἐτάλασσον
440 2447 516 2524 ἅρης
530 2448 691 2520 Ἀμφαδόν,
717 2449 780 2505 ἀλλ’
817 2453 908 2501 aenea
920 2450 1092 2514 deprecanti:
1110 2456 1281 2516 becomes,
1299 2458 1346 2519 ep

259 2526 359 2577 ἵπποιο
383 2524 475 2577 κακὸν
499 2525 595 2592 ξύλον.
625 2560 652 2566 -
678 2530 781 2594 pravis]
817 2526 915 2586 iborea,
936 2533 1040 2576 manent
1049 2530 1345 2581 inmototsonsmFoto

253 2600 300 2651 ‘Sic
337 2600 488 2651 Alexander
524 2600 616 2673 βσρδς
653 2605 780 2672 Πέρσαις
817 2599 875 2659 tibi;
891 2613 976 2649 cemes
985 2602 1072 2651 orbern
1082 2608 1106 2652 et
1112 2604 1241 2664 ρνονσίεισ
1251 2606 1344 2655 Lavini

257 2675 368 2725 Tbeoor.
387 2674 431 2735 47,
446 2675 485 2725 te.
505 2677 633 2728 Achillem
651 2680 676 2727 in
694 2678 780 2729 Troilo
817 2674 918 2725 nomia
930 2676 982 2724 cet.
995 2676 1223 2741 -potiore-atie]
1236 2679 1346 2730 «melio-

257 2746 401 2811 Sopbocles
425 2752 534 2798 vocarat
551 2748 646 2821 πλήρη
662 2766 780 2815 pasxa„
817 2748 891 2799 ribus
899 2749 1050 2812 auspiciis.»
1067 2751 1164 2801 Contra
1172 2752 1220 2803 bd.
1231 2754 1255 2814 4,
1266 2756 1309 2813 45,
1319 2757 1343 2805 5:

257 2816 417 2885 λισμάτων,
455 2820 630 2886 plurimorum
663 2827 780 2877 bostium
817 2822 977 2872 Molo-ovi·
993 2848 1020 2858 -
1038 2824 1132 2889 ductos]
1145 2829 1341 2879 «exstructos.-

256 2898 416 2949 occisorum.
454 2896 548 2947 Suidas
565 2898 592 2947 in
605 2890 781 2962 Ἐμασχαλλ-
816 2894 994 2947 blitscberlicb
1012 2910 1045 2947 eo
1061 2900 1226 2961 propendet,
1249 2906 1282 2951 ut
1298 2905 1345 2952 ds-

258 2972 326 3037 σδη.
342 2998 369 3008 -
382 2972 482 3022 Nescios
490 2971 551 3036 scri]
569 2974 673 3024 Nabum
688 2975 717 3036 3,
732 2976 778 3024 ⁴0:
817 2984 872 3020 cere
883 2970 1041 3034 explicetur:
1062 2973 1148 3025 «losse
1160 2974 1242 3025 ducta
1253 2976 1344 3027 locum

253 3046 359 3109 pomuli
382 3047 435 3097 sisu
460 3046 542 3109 (urbis
559 3047 624 3108 Nini)
650 3048 703 3097 elisi
724 3058 782 3102 arnt
817 3044 980 3095 exstruendo
996 3058 1074 3095 muro
1086 3046 1252 3110 describere,
1271 3051 1344 3113 quod

257 3121 382 3182 incapite
397 3120 508 3170 aneton
523 3122 632 3172 mamm,
659 3121 732 3173 Iliad,
747 3138 779 3183 χ,
817 3118 904 3181 ipsum
916 3119 1052 3182 auspicato
1064 3119 1175 3180 flebst;»
1193 3124 1242 3173 sed
1255 3126 1346 3173 verior

258 3192 306 3243 63:
333 3194 383 3245 κσλ
400 3190 489 3259 νήπια
505 3196 591 3245 τέκνα
610 3194 782 3261 Βαλλόμενοι
818 3195 861 3242 est
880 3193 1063 3256 interpretatio
1084 3193 1163 3258 longe
1185 3198 1343 3261 simplicior.

258 3269 342 3339 προτὶ
368 3270 437 3340 γαίῃ
471 3267 501 3320 ἐν
537 3266 604 3339 αἰνῇ
640 3266 779 3335 δηϊοτῆτι,
817 3268 848 3315 ut
857 3266 930 3317 idem
941 3268 976 3317 sit
987 3270 1068 3331 atque
1079 3271 1244 3320 Graecorum
1256 3268 1344 3321 ἐλαύ·

258 3342 331 3393 llisd.
358 3344 387 3405 ζ,
419 3343 467 3392 tit:
504 3338 590 3407 μήτις
618 3338 781 3411 ὑπεκφύγοι
817 3354 885 3390 νειν.
904 3340 999 3403 Odyss.
1018 3359 1052 3407 η,
1070 3344 1115 3394 86:
1139 3340 1272 3396 Χάλκεοι
1290 3345 1344 3410 μὲν

258 3410 345 3466 αἰπὺν
370 3410 492 3483 ὄλεθρον
507 3412 615 3487 Χοϊροὶς
631 3418 659 3466 θ’
677 3412 781 3484 ἤμοτέ-
815 3410 872 3538 γὰρ
896 3419 994 3475 τοῖχοι
1023 3415 1166 3483 ἐληλέδατ’
1192 3412 1268 3469 ἔνθα
1296 3421 1342 3469 καλ

258 3504 322 3561 ρας·
354 3488 419 3555 μηδ’
436 3485 535 3540 ὅντινα
550 3492 667 3563 γαστέρι
683 3489 781 3564 μήτηρ
832 3489 897 3538 uda.
916 3492 987 3553 Virg.
1006 3496 1071 3542 Aeo.
1091 3494 1118 3554 4,
1138 3493 1202 3544 iss:
1217 3509 1287 3557 pars
1296 3498 1344 3545 du-

258 3560 373 3633 Κοδρον
401 3560 487 3615 ἐόντα
514 3566 616 3636 φέροι,
657 3565 723 3631 μηδ’
747 3562 780 3630 ὃς
817 3576 872 3613 cere
887 3578 981 3616 omres.

228 3692 233 3699 ,
257 3636 355 3705 φύγοι.
392 3639 465 3698 Quae
488 3638 603 3689 eundern
621 3642 723 3705 spirant
739 3642 781 3692 iu-
849 3640 890 3689 25.
911 3639 965 3690 «ab
983 3641 1035 3690 boc
1049 3642 1128 3704 igitur
1142 3642 1233 3693 divino
1243 3646 1343 3709 princi·

255 3726 358 3773 rorem,
377 3713 419 3762 cui
437 3712 569 3765 debemus
586 3713 699 3767 sublime
716 3715 781 3766 illud
817 3717 860 3780 pio
872 3718 962 3765 ortum
973 3717 1014 3765 est
1024 3714 1167 3777 imperium
1178 3717 1341 3774 Romanum.

257 3785 354 3837 Psalm.
375 3786 436 3848 437,
455 3787 486 3836 9;
516 3787 608 3837 Beatus
630 3792 671 3850 poi
693 3791 782 3841 tenebit
818 3790 893 3840 cuius
926 3788 1005 3838 serias
1033 3788 1185 3849 seculares,
1221 3792 1343 3842 omnium

256 3865 279 3909 et
296 3860 381 3911 allide
402 3860 524 3921 pannaos
544 3866 599 3912 taor
620 3866 654 3912 od
668 3869 779 3926 puram,
817 3864 933 3913 maxime
961 3860 1118 3921 sollemnes,
1147 3862 1226 3913 brevi
1249 3878 1342 3916 sumus

256 3932 311 3996 filiu
328 3932 478 3993 Rabylonis!
498 3960 524 3970 -
553 3936 680 4001 lobeton]
700 3940 777 3989 Num.
817 3936 1003 3988 celebraturi.»
1022 3962 1049 3970 -
1067 3936 1170 4001 Ductor]
1192 3938 1287 4001 apollo
1303 3943 1342 3990 est

257 4004 351 4067 singul.
370 4005 397 4056 h.
417 4006 433 4057 l.
451 4012 531 4072 poeta
556 4010 670 4074 dignior,
697 4024 780 4073 quarn
816 4011 896 4063 ueluti
922 4006 1169 4080 χοροδιδάσκαλος
1194 4012 1339 4062 Musarum.

257 4074 369 4129 aliorum
394 4078 510 4144 pluralis.
540 4084 586 4134 Est
611 4085 696 4135 enirn:
725 4084 781 4135 ela·
816 4086 892 4137 idem
913 4084 985 4148 apud
1010 4085 1163 4149 Euripidem
1185 4085 1257 4138 ried.
1283 4086 1338 4136 iso.

257 4151 359 4201 tentem
376 4166 538 4219 quemque.»
817 4162 927 4209 vocatur
948 4152 1064 4229 ἀγήνωρ
1088 4158 1209 4223 μελέων.
1242 4162 1337 4222 Ροοος.
