<?xml version="1.0" encoding="UTF-8"?>
<!DOCTYPE html PUBLIC "-//W3C//DTD XHTML 1.0 Transitional//EN"
    "http://www.w3.org/TR/xhtml1/DTD/xhtml1-transitional.dtd">
<html xmlns="http://www.w3.org/1999/xhtml" xml:lang="en" lang="en">
 <head>
  <title>
</title>
<meta http-equiv="Content-Type" content="text/html;charset=utf-8" />
  <meta name='ocr-system' content='tesseract 3.04.00' />
  <meta name='ocr-capabilities' content='ocr_page ocr_carea ocr_par ocr_line ocrx_word'/>
</head>
<body>
  <div class='ocr_page' id='page_1' title='image "./qhoratiusflaccu04baitgoog/qhoratiusflaccu04baitgoog_0055.png"; bbox 0 0 2934 4884; ppageno 0'>
   <div class='ocr_carea' id='block_1_1' title="bbox 528 361 740 412">
    <p class='ocr_par' dir='ltr' id='par_1_1' title="bbox 528 361 740 412">
     <span class='ocr_line' id='line_1_1' title="bbox 528 361 740 412; baseline 0.005 -1"><span class='ocrx_word' id='word_1_1' title='bbox 528 361 585 411; x_wconf 83' lang='lat' dir='ltr'>titt.</span> <span class='ocrx_word' id='word_1_2' title='bbox 606 363 623 410; x_wconf 95' lang='lat' dir='ltr'>l.</span> <span class='ocrx_word' id='word_1_3' title='bbox 661 363 689 410; x_wconf 76' lang='lat'>(1.</span> <span class='ocrx_word' id='word_1_4' title='bbox 710 361 740 412; x_wconf 89' lang='lat' dir='ltr'>lt.</span> 
     </span>
    </p>
   </div>
   <div class='ocr_carea' id='block_1_2' title="bbox 281 515 923 714">
    <p class='ocr_par' dir='ltr' id='par_1_2' title="bbox 281 515 923 714">
     <span class='ocr_line' id='line_1_2' title="bbox 281 515 923 604; baseline 0.006 -24"><span class='ocrx_word' id='word_1_5' title='bbox 281 518 352 580; x_wconf 89' lang='lat' dir='ltr'>Neu</span> <span class='ocrx_word' id='word_1_6' title='bbox 379 515 467 581; x_wconf 87' lang='lat' dir='ltr'>sinas</span> <span class='ocrx_word' id='word_1_7' title='bbox 490 515 601 582; x_wconf 78' lang='lat' dir='ltr'>Medos</span> <span class='ocrx_word' id='word_1_8' title='bbox 623 517 770 604; x_wconf 87' lang='lat' dir='ltr'>equitare</span> <span class='ocrx_word' id='word_1_9' title='bbox 792 516 923 586; x_wconf 83' lang='lat' dir='ltr'>inultos.</span> 
     </span>
     <span class='ocr_line' id='line_1_3' title="bbox 411 635 733 714; baseline 0.003 -13"><span class='ocrx_word' id='word_1_10' title='bbox 411 637 455 702; x_wconf 86' lang='lat' dir='ltr'>Te</span> <span class='ocrx_word' id='word_1_11' title='bbox 477 635 579 714; x_wconf 84' lang='lat' dir='ltr'>duce,</span> <span class='ocrx_word' id='word_1_12' title='bbox 604 637 733 704; x_wconf 87' lang='lat' dir='ltr'>Caesar.</span> 
     </span>
    </p>
   </div>
   <div class='ocr_carea' id='block_1_3' title="bbox 110 832 1202 1268">
    <p class='ocr_par' dir='ltr' id='par_1_3' title="bbox 110 832 1202 1268">
     <span class='ocr_line' id='line_1_4' title="bbox 139 832 1201 900; baseline 0.004 -18"><span class='ocrx_word' id='word_1_13' title='bbox 139 836 180 882; x_wconf 86' lang='lat' dir='ltr'>5t.</span> <span class='ocrx_word' id='word_1_14' title='bbox 215 833 314 896; x_wconf 67' lang='lat' dir='ltr'>Nodos]</span> <span class='ocrx_word' id='word_1_15' title='bbox 343 833 446 882; x_wconf 84' lang='lat' dir='ltr'>Parthis</span> <span class='ocrx_word' id='word_1_16' title='bbox 473 846 506 882; x_wconf 92' lang='lat' dir='ltr'>eo</span> <span class='ocrx_word' id='word_1_17' title='bbox 529 832 639 883; x_wconf 87' lang='lat' dir='ltr'>demum</span> <span class='ocrx_word' id='word_1_18' title='bbox 679 837 978 899; x_wconf 59' lang='lat' dir='ltr'>properantium:</span> <span class='ocrx_word' id='word_1_19' title='bbox 996 838 1201 900; x_wconf 75' lang='lat' dir='ltr'>lamaepotlla·</span> 
     </span>
     <span class='ocr_line' id='line_1_5' title="bbox 111 905 1201 974; baseline 0.006 -18"><span class='ocrx_word' id='word_1_20' title='bbox 111 913 241 970; x_wconf 84' lang='lat' dir='ltr'>tampore‚</span> <span class='ocrx_word' id='word_1_21' title='bbox 262 921 318 971; x_wconf 81' lang='lat' dir='ltr'>qno</span> <span class='ocrx_word' id='word_1_22' title='bbox 335 905 456 970; x_wconf 73' lang='lat' dir='ltr'>plerique</span> <span class='ocrx_word' id='word_1_23' title='bbox 468 907 519 957; x_wconf 88' lang='lat' dir='ltr'>hoc</span> <span class='ocrx_word' id='word_1_24' title='bbox 531 919 641 958; x_wconf 87' lang='lat' dir='ltr'>carmen</span> <span class='ocrx_word' id='word_1_25' title='bbox 673 911 778 972; x_wconf 77' lang='lat' dir='ltr'>phratea</span> <span class='ocrx_word' id='word_1_26' title='bbox 793 911 900 972; x_wconf 66' lang='lat' dir='ltr'>miton</span> <span class='ocrx_word' id='word_1_27' title='bbox 911 916 970 973; x_wconf 75' lang='lat' dir='ltr'>post</span> <span class='ocrx_word' id='word_1_28' title='bbox 979 916 1052 974; x_wconf 79' lang='lat' dir='ltr'>torpa</span> <span class='ocrx_word' id='word_1_29' title='bbox 1061 914 1127 961; x_wconf 67' lang='lat' dir='ltr'>aori</span> <span class='ocrx_word' id='word_1_30' title='bbox 1136 913 1201 962; x_wconf 78' lang='lat' dir='ltr'>Por-</span> 
     </span>
     <span class='ocr_line' id='line_1_6' title="bbox 112 979 1200 1044; baseline 0.005 -15"><span class='ocrx_word' id='word_1_31' title='bbox 112 982 291 1044; x_wconf 79' lang='lat' dir='ltr'>composilum</span> <span class='ocrx_word' id='word_1_32' title='bbox 320 979 483 1030; x_wconf 72' lang='lat' dir='ltr'><strong>arbitrantur</strong></span> <span class='ocrx_word' id='word_1_33' title='bbox 512 983 544 1043; x_wconf 86' lang='lat' dir='ltr'>(a.</span> <span class='ocrx_word' id='word_1_34' title='bbox 572 981 638 1042; x_wconf 69' lang='lat'><strong>732.)</strong></span> <span class='ocrx_word' id='word_1_35' title='bbox 676 985 784 1034; x_wconf 79' lang='lat' dir='ltr'>thorum.</span> <span class='ocrx_word' id='word_1_36' title='bbox 820 986 912 1036; x_wconf 82' lang='lat' dir='ltr'>Omnia</span> <span class='ocrx_word' id='word_1_37' title='bbox 928 984 984 1036; x_wconf 87' lang='lat' dir='ltr'>scil.</span> <span class='ocrx_word' id='word_1_38' title='bbox 1003 984 1107 1036; x_wconf 78' lang='lat' dir='ltr'>ittonam</span> <span class='ocrx_word' id='word_1_39' title='bbox 1124 985 1200 1034; x_wconf 86' lang='lat' dir='ltr'>visio</span> 
     </span>
     <span class='ocr_line' id='line_1_7' title="bbox 111 1053 1202 1123; baseline 0.004 -19"><span class='ocrx_word' id='word_1_40' title='bbox 111 1053 209 1104; x_wconf 86' lang='lat' dir='ltr'>bellum</span> <span class='ocrx_word' id='word_1_41' title='bbox 228 1054 330 1104; x_wconf 90' lang='lat' dir='ltr'>inlerre</span> <span class='ocrx_word' id='word_1_42' title='bbox 348 1054 482 1116; x_wconf 75' lang='lat' dir='ltr'>cogitabat</span> <span class='ocrx_word' id='word_1_43' title='bbox 498 1057 638 1118; x_wconf 75' lang='lat' dir='ltr'>Augustus.</span> <span class='ocrx_word' id='word_1_44' title='bbox 678 1060 796 1122; x_wconf 89' lang='lat' dir='ltr'>equitatu</span> <span class='ocrx_word' id='word_1_45' title='bbox 813 1063 879 1118; x_wconf 86' lang='lat' dir='ltr'>erat,</span> <span class='ocrx_word' id='word_1_46' title='bbox 897 1073 951 1123; x_wconf 81' lang='lat' dir='ltr'>quo</span> <span class='ocrx_word' id='word_1_47' title='bbox 973 1072 1055 1123; x_wconf 83' lang='lat' dir='ltr'>saepe</span> <span class='ocrx_word' id='word_1_48' title='bbox 1072 1060 1202 1109; x_wconf 90' lang='lat' dir='ltr'>incursio·</span> 
     </span>
     <span class='ocr_line' id='line_1_8' title="bbox 110 1129 1049 1195; baseline 0.004 -17"><span class='ocrx_word' id='word_1_49' title='bbox 110 1129 161 1178; x_wconf 84' lang='lat' dir='ltr'>Sed</span> <span class='ocrx_word' id='word_1_50' title='bbox 181 1129 236 1179; x_wconf 91' lang='lat' dir='ltr'>hoc</span> <span class='ocrx_word' id='word_1_51' title='bbox 259 1141 368 1192; x_wconf 86' lang='lat' dir='ltr'>quoque</span> <span class='ocrx_word' id='word_1_52' title='bbox 391 1143 406 1178; x_wconf 93' lang='lat' dir='ltr'>a</span> <span class='ocrx_word' id='word_1_53' title='bbox 428 1131 506 1192; x_wconf 68' lang='lat' dir='ltr'>polita</span> <span class='ocrx_word' id='word_1_54' title='bbox 523 1130 640 1194; x_wconf 76' lang='lat' dir='ltr'>praecipi</span> <span class='ocrx_word' id='word_1_55' title='bbox 678 1145 725 1184; x_wconf 86' lang='lat' dir='ltr'>nes</span> <span class='ocrx_word' id='word_1_56' title='bbox 743 1134 770 1182; x_wconf 94' lang='lat' dir='ltr'>in</span> <span class='ocrx_word' id='word_1_57' title='bbox 788 1134 892 1195; x_wconf 83' lang='lat' dir='ltr'>Syriam</span> <span class='ocrx_word' id='word_1_58' title='bbox 909 1131 1049 1183; x_wconf 82' lang='lat' dir='ltr'>iaciebant.</span> 
     </span>
     <span class='ocr_line' id='line_1_9' title="bbox 110 1203 641 1268; baseline 0 -15"><span class='ocrx_word' id='word_1_59' title='bbox 110 1206 227 1266; x_wconf 82' lang='lat' dir='ltr'>poterat,</span> <span class='ocrx_word' id='word_1_60' title='bbox 249 1203 287 1252; x_wconf 91' lang='lat' dir='ltr'>uti</span> <span class='ocrx_word' id='word_1_61' title='bbox 305 1203 427 1253; x_wconf 60' lang='lat' dir='ltr'>deuictos</span> <span class='ocrx_word' id='word_1_62' title='bbox 444 1205 497 1253; x_wconf 90' lang='lat' dir='ltr'>iam</span> <span class='ocrx_word' id='word_1_63' title='bbox 509 1216 556 1254; x_wconf 83' lang='lat' dir='ltr'>eos</span> <span class='ocrx_word' id='word_1_64' title='bbox 568 1203 641 1268; x_wconf 81' lang='lat' dir='ltr'>lingit</span> 
     </span>
    </p>
   </div>
   <div class='ocr_carea' id='block_1_4' title="bbox 588 1425 728 1434">
    <p class='ocr_par' dir='ltr' id='par_1_4' title="bbox 588 1425 728 1434">
     <span class='ocr_line' id='line_1_10' title="bbox 588 1425 728 1434; baseline 0.014 -2"><span class='ocrx_word' id='word_1_65' title='bbox 588 1425 728 1434; x_wconf 63' lang='lat'>.—</span> 
     </span>
    </p>
   </div>
   <div class='ocr_carea' id='block_1_5' title="bbox 443 1614 872 1798">
    <p class='ocr_par' dir='ltr' id='par_1_5' title="bbox 443 1614 872 1798">
     <span class='ocr_line' id='line_1_11' title="bbox 443 1614 872 1675; baseline 0.002 -4"><span class='ocrx_word' id='word_1_66' title='bbox 443 1614 872 1675; x_wconf 68' lang='lat' dir='ltr'>excitantes.</span> 
     </span>
     <span class='ocr_line' id='line_1_12' title="bbox 594 1749 728 1798; baseline -0.015 0"><span class='ocrx_word' id='word_1_67' title='bbox 594 1749 728 1798; x_wconf 68' lang='lat' dir='ltr'>anull.</span> 
     </span>
    </p>
   </div>
   <div class='ocr_carea' id='block_1_6' title="bbox 110 1875 1205 4274">
    <p class='ocr_par' dir='ltr' id='par_1_6' title="bbox 110 1875 1205 4274">
     <span class='ocr_line' id='line_1_13' title="bbox 159 1875 1199 1940; baseline 0 -14"><span class='ocrx_word' id='word_1_68' title='bbox 159 1878 230 1927; x_wconf 88' lang='lat' dir='ltr'>Cum</span> <span class='ocrx_word' id='word_1_69' title='bbox 249 1875 371 1940; x_wconf 90' lang='lat' dir='ltr'>plerique</span> <span class='ocrx_word' id='word_1_70' title='bbox 390 1877 442 1926; x_wconf 90' lang='lat' dir='ltr'>hoc</span> <span class='ocrx_word' id='word_1_71' title='bbox 459 1889 567 1927; x_wconf 88' lang='lat' dir='ltr'>carmen</span> <span class='ocrx_word' id='word_1_72' title='bbox 585 1876 686 1928; x_wconf 86' lang='lat' dir='ltr'>reierre</span> <span class='ocrx_word' id='word_1_73' title='bbox 704 1876 773 1927; x_wconf 92' lang='lat' dir='ltr'>soliti</span> <span class='ocrx_word' id='word_1_74' title='bbox 790 1882 881 1929; x_wconf 87' lang='lat' dir='ltr'>assent</span> <span class='ocrx_word' id='word_1_75' title='bbox 897 1876 939 1928; x_wconf 86' lang='lat' dir='ltr'>vel</span> <span class='ocrx_word' id='word_1_76' title='bbox 957 1878 991 1928; x_wconf 85' lang='lat' dir='ltr'>ad</span> <span class='ocrx_word' id='word_1_77' title='bbox 1008 1892 1033 1928; x_wconf 84' lang='lat' dir='ltr'>a.</span> <span class='ocrx_word' id='word_1_78' title='bbox 1052 1893 1079 1928; x_wconf 91' lang='lat' dir='ltr'>u.</span> <span class='ocrx_word' id='word_1_79' title='bbox 1099 1891 1122 1928; x_wconf 89' lang='lat' dir='ltr'>c.</span> <span class='ocrx_word' id='word_1_80' title='bbox 1143 1877 1199 1927; x_wconf 77' lang='lat' dir='ltr'>tat.</span> 
     </span>
     <span class='ocr_line' id='line_1_14' title="bbox 110 1959 1202 2024; baseline 0.004 -16"><span class='ocrx_word' id='word_1_81' title='bbox 110 1961 152 2011; x_wconf 74' lang='lat' dir='ltr'>rel</span> <span class='ocrx_word' id='word_1_82' title='bbox 170 1959 206 2010; x_wconf 86' lang='lat' dir='ltr'>ad</span> <span class='ocrx_word' id='word_1_83' title='bbox 224 1973 250 2010; x_wconf 90' lang='lat' dir='ltr'>a.</span> <span class='ocrx_word' id='word_1_84' title='bbox 270 1960 326 2009; x_wconf 75' lang='lat'>732.</span> <span class='ocrx_word' id='word_1_85' title='bbox 347 1959 462 2009; x_wconf 88' lang='lat' dir='ltr'>maxime</span> <span class='ocrx_word' id='word_1_86' title='bbox 479 1963 589 2024; x_wconf 88' lang='lat' dir='ltr'>propter</span> <span class='ocrx_word' id='word_1_87' title='bbox 605 1959 707 2010; x_wconf 83' lang='lat' dir='ltr'>Tiberis</span> <span class='ocrx_word' id='word_1_88' title='bbox 728 1960 914 2011; x_wconf 87' lang='lat' dir='ltr'>inundationes</span> <span class='ocrx_word' id='word_1_89' title='bbox 934 1961 976 2011; x_wconf 91' lang='lat' dir='ltr'>his</span> <span class='ocrx_word' id='word_1_90' title='bbox 992 1962 1068 2011; x_wconf 90' lang='lat' dir='ltr'>annis</span> <span class='ocrx_word' id='word_1_91' title='bbox 1085 1975 1102 2010; x_wconf 94' lang='lat' dir='ltr'>a</span> <span class='ocrx_word' id='word_1_92' title='bbox 1118 1963 1202 2012; x_wconf 86' lang='lat' dir='ltr'>Dione</span> 
     </span>
     <span class='ocr_line' id='line_1_15' title="bbox 110 2042 1199 2110; baseline 0 -16"><span class='ocrx_word' id='word_1_93' title='bbox 110 2046 205 2095; x_wconf 82' lang='lat' dir='ltr'>Cassio</span> <span class='ocrx_word' id='word_1_94' title='bbox 227 2043 269 2104; x_wconf 79' lang='lat'>⁵3,</span> <span class='ocrx_word' id='word_1_95' title='bbox 289 2043 320 2093; x_wconf 80' lang='lat' dir='ltr'>lo</span> <span class='ocrx_word' id='word_1_96' title='bbox 338 2046 365 2092; x_wconf 88' lang='lat' dir='ltr'>et</span> <span class='ocrx_word' id='word_1_97' title='bbox 382 2045 423 2092; x_wconf 78' lang='lat'>20.</span> <span class='ocrx_word' id='word_1_98' title='bbox 443 2043 483 2102; x_wconf 83' lang='lat' dir='ltr'>5l,</span> <span class='ocrx_word' id='word_1_99' title='bbox 503 2042 525 2091; x_wconf 88' lang='lat' dir='ltr'>l.</span> <span class='ocrx_word' id='word_1_100' title='bbox 545 2047 720 2104; x_wconf 82' lang='lat' dir='ltr'>memoratas,</span> <span class='ocrx_word' id='word_1_101' title='bbox 744 2045 845 2094; x_wconf 84' lang='lat' dir='ltr'>Franlre</span> <span class='ocrx_word' id='word_1_102' title='bbox 863 2046 890 2094; x_wconf 86' lang='lat' dir='ltr'>in</span> <span class='ocrx_word' id='word_1_103' title='bbox 908 2047 990 2096; x_wconf 79' lang='lat' dir='ltr'>Fastis</span> <span class='ocrx_word' id='word_1_104' title='bbox 1008 2047 1156 2096; x_wconf 79' lang='lat' dir='ltr'>Horatianis</span> <span class='ocrx_word' id='word_1_105' title='bbox 1172 2059 1199 2110; x_wconf 84' lang='lat' dir='ltr'>p.</span> 
     </span>
     <span class='ocr_line' id='line_1_16' title="bbox 111 2126 1202 2191; baseline 0.002 -15"><span class='ocrx_word' id='word_1_106' title='bbox 111 2129 160 2177; x_wconf 72' lang='lat' dir='ltr'>ills</span> <span class='ocrx_word' id='word_1_107' title='bbox 172 2155 199 2162; x_wconf 92' lang='lat'><em>-</em></span> <span class='ocrx_word' id='word_1_108' title='bbox 212 2126 270 2177; x_wconf 81' lang='lat' dir='ltr'>tlt.</span> <span class='ocrx_word' id='word_1_109' title='bbox 290 2127 380 2177; x_wconf 89' lang='lat' dir='ltr'>tenuia</span> <span class='ocrx_word' id='word_1_110' title='bbox 398 2127 517 2176; x_wconf 88' lang='lat' dir='ltr'>rectioris</span> <span class='ocrx_word' id='word_1_111' title='bbox 534 2127 681 2176; x_wconf 90' lang='lat' dir='ltr'>sententiae</span> <span class='ocrx_word' id='word_1_112' title='bbox 693 2127 803 2190; x_wconf 74' lang='lat' dir='ltr'>vestigia</span> <span class='ocrx_word' id='word_1_113' title='bbox 815 2127 886 2191; x_wconf 89' lang='lat' dir='ltr'>apud</span> <span class='ocrx_word' id='word_1_114' title='bbox 897 2129 926 2178; x_wconf 79' lang='lat' dir='ltr'>l.</span> <span class='ocrx_word' id='word_1_115' title='bbox 940 2128 1056 2179; x_wconf 85' lang='lat' dir='ltr'>Fabrum</span> <span class='ocrx_word' id='word_1_116' title='bbox 1068 2132 1095 2178; x_wconf 86' lang='lat' dir='ltr'>et</span> <span class='ocrx_word' id='word_1_117' title='bbox 1106 2131 1202 2179; x_wconf 85' lang='lat' dir='ltr'>Dacia-</span> 
     </span>
     <span class='ocr_line' id='line_1_17' title="bbox 110 2210 1203 2275; baseline 0.001 -15"><span class='ocrx_word' id='word_1_118' title='bbox 110 2211 183 2260; x_wconf 87' lang='lat' dir='ltr'>rium</span> <span class='ocrx_word' id='word_1_119' title='bbox 199 2210 353 2260; x_wconf 76' lang='lat' dir='ltr'>accuratius</span> <span class='ocrx_word' id='word_1_120' title='bbox 370 2213 540 2273; x_wconf 87' lang='lat' dir='ltr'>persecutus,</span> <span class='ocrx_word' id='word_1_121' title='bbox 560 2211 731 2274; x_wconf 78' lang='lat' dir='ltr'>sagacissime</span> <span class='ocrx_word' id='word_1_122' title='bbox 749 2210 942 2260; x_wconf 85' lang='lat' dir='ltr'>demonstravit</span> <span class='ocrx_word' id='word_1_123' title='bbox 958 2213 1136 2274; x_wconf 84' lang='lat' dir='ltr'>compositum</span> <span class='ocrx_word' id='word_1_124' title='bbox 1153 2225 1203 2275; x_wconf 91' lang='lat' dir='ltr'>po-</span> 
     </span>
     <span class='ocr_line' id='line_1_18' title="bbox 110 2293 1200 2356; baseline -0.001 -13"><span class='ocrx_word' id='word_1_125' title='bbox 110 2296 164 2343; x_wconf 83' lang='lat' dir='ltr'>tius</span> <span class='ocrx_word' id='word_1_126' title='bbox 181 2307 245 2343; x_wconf 83' lang='lat' dir='ltr'>esse</span> <span class='ocrx_word' id='word_1_127' title='bbox 262 2295 372 2342; x_wconf 87' lang='lat' dir='ltr'>ineunte</span> <span class='ocrx_word' id='word_1_128' title='bbox 389 2306 414 2342; x_wconf 88' lang='lat' dir='ltr'>a.</span> <span class='ocrx_word' id='word_1_129' title='bbox 433 2293 490 2343; x_wconf 75' lang='lat' dir='ltr'>itt.</span> <span class='ocrx_word' id='word_1_130' title='bbox 513 2296 574 2344; x_wconf 91' lang='lat' dir='ltr'>ante</span> <span class='ocrx_word' id='word_1_131' title='bbox 595 2295 650 2344; x_wconf 89' lang='lat' dir='ltr'>tres</span> <span class='ocrx_word' id='word_1_132' title='bbox 669 2295 791 2344; x_wconf 81' lang='lat' dir='ltr'>Caesaris</span> <span class='ocrx_word' id='word_1_133' title='bbox 811 2293 947 2343; x_wconf 84' lang='lat' dir='ltr'>Octaviani</span> <span class='ocrx_word' id='word_1_134' title='bbox 963 2294 1112 2356; x_wconf 90' lang='lat' dir='ltr'>triumphos</span> <span class='ocrx_word' id='word_1_135' title='bbox 1129 2309 1154 2344; x_wconf 89' lang='lat' dir='ltr'>a.</span> <span class='ocrx_word' id='word_1_136' title='bbox 1173 2293 1200 2343; x_wconf 85' lang='lat' dir='ltr'>(l.</span> 
     </span>
     <span class='ocr_line' id='line_1_19' title="bbox 110 2375 1203 2440; baseline 0.005 -18"><span class='ocrx_word' id='word_1_137' title='bbox 110 2378 178 2427; x_wconf 72' lang='lat' dir='ltr'>llll.</span> <span class='ocrx_word' id='word_1_138' title='bbox 203 2377 257 2426; x_wconf 84' lang='lat' dir='ltr'>Vll.</span> <span class='ocrx_word' id='word_1_139' title='bbox 280 2377 323 2426; x_wconf 84' lang='lat' dir='ltr'>Vl.</span> <span class='ocrx_word' id='word_1_140' title='bbox 359 2377 422 2427; x_wconf 89' lang='lat' dir='ltr'>idus</span> <span class='ocrx_word' id='word_1_141' title='bbox 444 2375 553 2427; x_wconf 77' lang='lat' dir='ltr'>Sextiles</span> <span class='ocrx_word' id='word_1_142' title='bbox 575 2379 663 2438; x_wconf 82' lang='lat' dir='ltr'>actos,</span> <span class='ocrx_word' id='word_1_143' title='bbox 687 2389 818 2440; x_wconf 86' lang='lat' dir='ltr'>eumque,</span> <span class='ocrx_word' id='word_1_144' title='bbox 842 2377 891 2427; x_wconf 87' lang='lat' dir='ltr'>elsi</span> <span class='ocrx_word' id='word_1_145' title='bbox 909 2376 1118 2428; x_wconf 83' lang='lat' dir='ltr'>dubitationibus</span> <span class='ocrx_word' id='word_1_146' title='bbox 1135 2390 1203 2428; x_wconf 87' lang='lat' dir='ltr'>non·</span> 
     </span>
     <span class='ocr_line' id='line_1_20' title="bbox 111 2459 1203 2524; baseline 0 -14"><span class='ocrx_word' id='word_1_147' title='bbox 111 2460 190 2510; x_wconf 87' lang='lat' dir='ltr'>nullis</span> <span class='ocrx_word' id='word_1_148' title='bbox 207 2459 366 2524; x_wconf 84' lang='lat' dir='ltr'>propositis,</span> <span class='ocrx_word' id='word_1_149' title='bbox 386 2461 501 2510; x_wconf 84' lang='lat' dir='ltr'>imitatus</span> <span class='ocrx_word' id='word_1_150' title='bbox 518 2461 560 2510; x_wconf 86' lang='lat' dir='ltr'>est</span> <span class='ocrx_word' id='word_1_151' title='bbox 571 2459 684 2510; x_wconf 87' lang='lat' dir='ltr'>Llihlrer.</span> <span class='ocrx_word' id='word_1_152' title='bbox 716 2461 814 2510; x_wconf 91' lang='lat' dir='ltr'>Contra</span> <span class='ocrx_word' id='word_1_153' title='bbox 825 2459 928 2511; x_wconf 86' lang='lat' dir='ltr'>Weber</span> <span class='ocrx_word' id='word_1_154' title='bbox 938 2461 1025 2510; x_wconf 77' lang='lat' dir='ltr'>Horas</span> <span class='ocrx_word' id='word_1_155' title='bbox 1035 2473 1062 2524; x_wconf 91' lang='lat' dir='ltr'>p.</span> <span class='ocrx_word' id='word_1_156' title='bbox 1082 2461 1138 2512; x_wconf 76' lang='lat' dir='ltr'>let.</span> <span class='ocrx_word' id='word_1_157' title='bbox 1158 2473 1203 2510; x_wconf 90' lang='lat' dir='ltr'>ra-</span> 
     </span>
     <span class='ocr_line' id='line_1_21' title="bbox 110 2543 1201 2608; baseline -0.001 -14"><span class='ocrx_word' id='word_1_158' title='bbox 110 2545 163 2594; x_wconf 82' lang='lat' dir='ltr'>iert</span> <span class='ocrx_word' id='word_1_159' title='bbox 173 2543 209 2592; x_wconf 86' lang='lat' dir='ltr'>ad</span> <span class='ocrx_word' id='word_1_160' title='bbox 221 2544 344 2606; x_wconf 86' lang='lat' dir='ltr'>proxima</span> <span class='ocrx_word' id='word_1_161' title='bbox 355 2545 417 2592; x_wconf 87' lang='lat' dir='ltr'>ante</span> <span class='ocrx_word' id='word_1_162' title='bbox 428 2555 545 2606; x_wconf 77' lang='lat' dir='ltr'>pugnam</span> <span class='ocrx_word' id='word_1_163' title='bbox 556 2545 692 2594; x_wconf 76' lang='lat' dir='ltr'>Actiacam</span> <span class='ocrx_word' id='word_1_164' title='bbox 704 2547 835 2608; x_wconf 87' lang='lat' dir='ltr'>tempora,</span> <span class='ocrx_word' id='word_1_165' title='bbox 847 2543 883 2594; x_wconf 90' lang='lat' dir='ltr'>ad</span> <span class='ocrx_word' id='word_1_166' title='bbox 893 2558 942 2594; x_wconf 88' lang='lat' dir='ltr'>ver</span> <span class='ocrx_word' id='word_1_167' title='bbox 952 2557 976 2594; x_wconf 90' lang='lat' dir='ltr'>a.</span> <span class='ocrx_word' id='word_1_168' title='bbox 987 2557 1014 2594; x_wconf 88' lang='lat' dir='ltr'>n.</span> <span class='ocrx_word' id='word_1_169' title='bbox 1025 2544 1082 2596; x_wconf 73' lang='lat'>723.</span> <span class='ocrx_word' id='word_1_170' title='bbox 1100 2545 1201 2594; x_wconf 84' lang='lat' dir='ltr'>Verum</span> 
     </span>
     <span class='ocr_line' id='line_1_22' title="bbox 111 2612 1203 2690; baseline 0.001 -13"><span class='ocrx_word' id='word_1_171' title='bbox 111 2629 201 2678; x_wconf 85' lang='lat' dir='ltr'>omnia</span> <span class='ocrx_word' id='word_1_172' title='bbox 227 2641 262 2677; x_wconf 87' lang='lat' dir='ltr'>eo</span> <span class='ocrx_word' id='word_1_173' title='bbox 285 2612 404 2686; x_wconf 78' lang='lat' dir='ltr'>ducunt,¹</span> <span class='ocrx_word' id='word_1_174' title='bbox 424 2631 454 2677; x_wconf 93' lang='lat' dir='ltr'>nt</span> <span class='ocrx_word' id='word_1_175' title='bbox 479 2627 522 2676; x_wconf 87' lang='lat' dir='ltr'>hic</span> <span class='ocrx_word' id='word_1_176' title='bbox 540 2627 684 2677; x_wconf 85' lang='lat' dir='ltr'>Caesarem</span> <span class='ocrx_word' id='word_1_177' title='bbox 710 2628 764 2676; x_wconf 93' lang='lat' dir='ltr'>iam</span> <span class='ocrx_word' id='word_1_178' title='bbox 783 2629 912 2678; x_wconf 87' lang='lat' dir='ltr'>victorem</span> <span class='ocrx_word' id='word_1_179' title='bbox 935 2641 1080 2690; x_wconf 77' lang='lat' dir='ltr'>agnoscere</span> <span class='ocrx_word' id='word_1_180' title='bbox 1101 2628 1203 2678; x_wconf 89' lang='lat' dir='ltr'>debea-</span> 
     </span>
     <span class='ocr_line' id='line_1_23' title="bbox 111 2710 1202 2775; baseline 0.001 -14"><span class='ocrx_word' id='word_1_181' title='bbox 111 2724 182 2761; x_wconf 84' lang='lat' dir='ltr'>mus.</span> <span class='ocrx_word' id='word_1_182' title='bbox 215 2712 273 2760; x_wconf 85' lang='lat' dir='ltr'>lam</span> <span class='ocrx_word' id='word_1_183' title='bbox 296 2723 328 2760; x_wconf 91' lang='lat' dir='ltr'>ex</span> <span class='ocrx_word' id='word_1_184' title='bbox 350 2711 453 2760; x_wconf 85' lang='lat' dir='ltr'>Frankii</span> <span class='ocrx_word' id='word_1_185' title='bbox 478 2710 654 2774; x_wconf 88' lang='lat' dir='ltr'>disputatione</span> <span class='ocrx_word' id='word_1_186' title='bbox 679 2711 765 2774; x_wconf 85' lang='lat' dir='ltr'>capita</span> <span class='ocrx_word' id='word_1_187' title='bbox 791 2711 925 2774; x_wconf 83' lang='lat' dir='ltr'>quaedam</span> <span class='ocrx_word' id='word_1_188' title='bbox 949 2725 1095 2775; x_wconf 80' lang='lat' dir='ltr'>excerpere</span> <span class='ocrx_word' id='word_1_189' title='bbox 1121 2713 1202 2762; x_wconf 86' lang='lat' dir='ltr'>iuvat.</span> 
     </span>
     <span class='ocr_line' id='line_1_24' title="bbox 113 2793 1202 2858; baseline 0 -15"><span class='ocrx_word' id='word_1_190' title='bbox 113 2794 274 2852; x_wconf 49' lang='lat' dir='ltr'>alemini»,</span> <span class='ocrx_word' id='word_1_191' title='bbox 293 2793 390 2855; x_wconf 87' lang='lat' dir='ltr'>inquit,</span> <span class='ocrx_word' id='word_1_192' title='bbox 410 2794 622 2843; x_wconf 71' lang='lat' dir='ltr'>«sententiarum</span> <span class='ocrx_word' id='word_1_193' title='bbox 639 2796 738 2844; x_wconf 90' lang='lat' dir='ltr'>seriem</span> <span class='ocrx_word' id='word_1_194' title='bbox 760 2797 788 2843; x_wconf 91' lang='lat' dir='ltr'>et</span> <span class='ocrx_word' id='word_1_195' title='bbox 804 2807 903 2843; x_wconf 86' lang='lat' dir='ltr'>nexum</span> <span class='ocrx_word' id='word_1_196' title='bbox 919 2797 1044 2845; x_wconf 84' lang='lat' dir='ltr'>accurate</span> <span class='ocrx_word' id='word_1_197' title='bbox 1061 2797 1202 2858; x_wconf 83' lang='lat' dir='ltr'>pensitanti</span> 
     </span>
     <span class='ocr_line' id='line_1_25' title="bbox 111 2876 1202 2940; baseline 0.001 -14"><span class='ocrx_word' id='word_1_198' title='bbox 111 2876 228 2926; x_wconf 83' lang='lat' dir='ltr'>dubium</span> <span class='ocrx_word' id='word_1_199' title='bbox 246 2876 309 2934; x_wconf 81' lang='lat' dir='ltr'>erit,</span> <span class='ocrx_word' id='word_1_200' title='bbox 333 2877 397 2940; x_wconf 89' lang='lat' dir='ltr'>quin</span> <span class='ocrx_word' id='word_1_201' title='bbox 417 2877 469 2925; x_wconf 93' lang='lat' dir='ltr'>hoc</span> <span class='ocrx_word' id='word_1_202' title='bbox 486 2889 597 2926; x_wconf 85' lang='lat' dir='ltr'>carmen</span> <span class='ocrx_word' id='word_1_203' title='bbox 614 2877 640 2926; x_wconf 94' lang='lat' dir='ltr'>in</span> <span class='ocrx_word' id='word_1_204' title='bbox 657 2877 788 2926; x_wconf 89' lang='lat' dir='ltr'>honorem</span> <span class='ocrx_word' id='word_1_205' title='bbox 806 2879 928 2927; x_wconf 88' lang='lat' dir='ltr'>Caesaris</span> <span class='ocrx_word' id='word_1_206' title='bbox 949 2879 1083 2927; x_wconf 84' lang='lat' dir='ltr'>Octaviani</span> <span class='ocrx_word' id='word_1_207' title='bbox 1104 2879 1202 2928; x_wconf 87' lang='lat' dir='ltr'>lactum</span> 
     </span>
     <span class='ocr_line' id='line_1_26' title="bbox 112 2958 1202 3024; baseline -0.001 -13"><span class='ocrx_word' id='word_1_208' title='bbox 112 2963 157 3020; x_wconf 83' lang='lat' dir='ltr'>sit,</span> <span class='ocrx_word' id='word_1_209' title='bbox 182 2961 231 3023; x_wconf 86' lang='lat' dir='ltr'>qui</span> <span class='ocrx_word' id='word_1_210' title='bbox 252 2958 329 3010; x_wconf 86' lang='lat' dir='ltr'>bellis</span> <span class='ocrx_word' id='word_1_211' title='bbox 350 2959 471 3010; x_wconf 84' lang='lat' dir='ltr'>civilibus</span> <span class='ocrx_word' id='word_1_212' title='bbox 492 2961 572 3010; x_wconf 84' lang='lat' dir='ltr'>modo</span> <span class='ocrx_word' id='word_1_213' title='bbox 595 2959 629 3010; x_wconf 90' lang='lat' dir='ltr'>ad</span> <span class='ocrx_word' id='word_1_214' title='bbox 651 2959 732 3010; x_wconf 84' lang='lat' dir='ltr'>linem</span> <span class='ocrx_word' id='word_1_215' title='bbox 753 2960 890 3024; x_wconf 87' lang='lat' dir='ltr'>perductis</span> <span class='ocrx_word' id='word_1_216' title='bbox 910 2959 1046 3011; x_wconf 86' lang='lat' dir='ltr'>labentem</span> <span class='ocrx_word' id='word_1_217' title='bbox 1068 2963 1202 3012; x_wconf 85' lang='lat' dir='ltr'>civitatem</span> 
     </span>
     <span class='ocr_line' id='line_1_27' title="bbox 112 3043 1202 3108; baseline 0.001 -14"><span class='ocrx_word' id='word_1_218' title='bbox 112 3045 232 3094; x_wconf 86' lang='lat' dir='ltr'>erexerit</span> <span class='ocrx_word' id='word_1_219' title='bbox 248 3047 330 3106; x_wconf 79' lang='lat' dir='ltr'>atque</span> <span class='ocrx_word' id='word_1_220' title='bbox 347 3044 490 3094; x_wconf 85' lang='lat' dir='ltr'>instantem</span> <span class='ocrx_word' id='word_1_221' title='bbox 508 3045 611 3094; x_wconf 88' lang='lat' dir='ltr'>ruinam</span> <span class='ocrx_word' id='word_1_222' title='bbox 632 3045 659 3094; x_wconf 81' lang='lat' dir='ltr'>et</span> <span class='ocrx_word' id='word_1_223' title='bbox 680 3045 827 3108; x_wconf 88' lang='lat' dir='ltr'>perniciem</span> <span class='ocrx_word' id='word_1_224' title='bbox 844 3047 982 3108; x_wconf 66' lang='lat' dir='ltr'>umquam</span> <span class='ocrx_word' id='word_1_225' title='bbox 999 3044 1066 3095; x_wconf 85' lang='lat' dir='ltr'>deus</span> <span class='ocrx_word' id='word_1_226' title='bbox 1083 3043 1202 3096; x_wconf 86' lang='lat' dir='ltr'>tutelarls</span> 
     </span>
     <span class='ocr_line' id='line_1_28' title="bbox 115 3127 1204 3192; baseline -0.001 -15"><span class='ocrx_word' id='word_1_227' title='bbox 115 3133 204 3192; x_wconf 63' lang='lat' dir='ltr'>{atque</span> <span class='ocrx_word' id='word_1_228' title='bbox 224 3127 297 3177; x_wconf 90' lang='lat' dir='ltr'>orbis</span> <span class='ocrx_word' id='word_1_229' title='bbox 315 3129 446 3176; x_wconf 88' lang='lat' dir='ltr'>terrarum</span> <span class='ocrx_word' id='word_1_230' title='bbox 463 3127 624 3191; x_wconf 80' lang='lat' dir='ltr'>pacificator)</span> <span class='ocrx_word' id='word_1_231' title='bbox 643 3129 795 3177; x_wconf 72' lang='lat' dir='ltr'>averterit»</span> <span class='ocrx_word' id='word_1_232' title='bbox 830 3129 970 3192; x_wconf 81' lang='lat' dir='ltr'>(imprimis</span> <span class='ocrx_word' id='word_1_233' title='bbox 987 3131 1078 3178; x_wconf 87' lang='lat' dir='ltr'>aulem</span> <span class='ocrx_word' id='word_1_234' title='bbox 1095 3129 1204 3178; x_wconf 89' lang='lat' dir='ltr'>lloratio</span> 
     </span>
     <span class='ocr_line' id='line_1_29' title="bbox 112 3209 1203 3276; baseline 0 -15"><span class='ocrx_word' id='word_1_235' title='bbox 112 3211 328 3276; x_wconf 86' lang='lat' dir='ltr'>comparandum</span> <span class='ocrx_word' id='word_1_236' title='bbox 345 3223 406 3262; x_wconf 86' lang='lat' dir='ltr'>esse</span> <span class='ocrx_word' id='word_1_237' title='bbox 424 3223 554 3275; x_wconf 87' lang='lat' dir='ltr'>perquam</span> <span class='ocrx_word' id='word_1_238' title='bbox 572 3211 685 3262; x_wconf 88' lang='lat' dir='ltr'>similem</span> <span class='ocrx_word' id='word_1_239' title='bbox 704 3209 801 3274; x_wconf 82' lang='lat' dir='ltr'>Virgilii</span> <span class='ocrx_word' id='word_1_240' title='bbox 818 3211 907 3261; x_wconf 91' lang='lat' dir='ltr'>locum</span> <span class='ocrx_word' id='word_1_241' title='bbox 924 3215 969 3262; x_wconf 88' lang='lat' dir='ltr'>Ge.</span> <span class='ocrx_word' id='word_1_242' title='bbox 989 3213 1009 3273; x_wconf 87' lang='lat' dir='ltr'>l,</span> <span class='ocrx_word' id='word_1_243' title='bbox 1031 3210 1089 3262; x_wconf 77' lang='lat' dir='ltr'>too.</span> <span class='ocrx_word' id='word_1_244' title='bbox 1113 3215 1203 3261; x_wconf 88' lang='lat' dir='ltr'>monet</span> 
     </span>
     <span class='ocr_line' id='line_1_30' title="bbox 112 3294 1205 3360; baseline -0.002 -16"><span class='ocrx_word' id='word_1_245' title='bbox 112 3310 137 3360; x_wconf 95' lang='lat' dir='ltr'>p.</span> <span class='ocrx_word' id='word_1_246' title='bbox 158 3295 227 3356; x_wconf 75' lang='lat' dir='ltr'>tlt.)</span> <span class='ocrx_word' id='word_1_247' title='bbox 249 3321 277 3330; x_wconf 81' lang='grc'>-</span> <span class='ocrx_word' id='word_1_248' title='bbox 296 3296 455 3358; x_wconf 74' lang='lat' dir='ltr'>Magnopere</span> <span class='ocrx_word' id='word_1_249' title='bbox 477 3297 567 3345; x_wconf 89' lang='lat' dir='ltr'>aulem</span> <span class='ocrx_word' id='word_1_250' title='bbox 585 3296 684 3345; x_wconf 85' lang='lat' dir='ltr'>erravit</span> <span class='ocrx_word' id='word_1_251' title='bbox 700 3297 800 3352; x_wconf 81' lang='lat' dir='ltr'>Acron,</span> <span class='ocrx_word' id='word_1_252' title='bbox 824 3295 860 3356; x_wconf 84' lang='lat' dir='ltr'>si,</span> <span class='ocrx_word' id='word_1_253' title='bbox 882 3298 913 3345; x_wconf 85' lang='lat' dir='ltr'>nt</span> <span class='ocrx_word' id='word_1_254' title='bbox 929 3296 987 3344; x_wconf 88' lang='lat' dir='ltr'>eius</span> <span class='ocrx_word' id='word_1_255' title='bbox 1003 3295 1087 3343; x_wconf 87' lang='lat' dir='ltr'>verba</span> <span class='ocrx_word' id='word_1_256' title='bbox 1103 3294 1205 3356; x_wconf 80' lang='lat' dir='ltr'>signill-</span> 
     </span>
     <span class='ocr_line' id='line_1_31' title="bbox 112 3376 1203 3443; baseline -0.002 -15"><span class='ocrx_word' id='word_1_257' title='bbox 112 3393 174 3428; x_wconf 74' lang='lat' dir='ltr'>care</span> <span class='ocrx_word' id='word_1_258' title='bbox 193 3377 333 3437; x_wconf 76' lang='lat' dir='ltr'>uidentur,</span> <span class='ocrx_word' id='word_1_259' title='bbox 352 3379 404 3427; x_wconf 91' lang='lat' dir='ltr'>hoc</span> <span class='ocrx_word' id='word_1_260' title='bbox 422 3391 531 3428; x_wconf 90' lang='lat' dir='ltr'>carmen</span> <span class='ocrx_word' id='word_1_261' title='bbox 549 3377 648 3428; x_wconf 87' lang='lat' dir='ltr'>rettulit</span> <span class='ocrx_word' id='word_1_262' title='bbox 665 3379 699 3428; x_wconf 87' lang='lat' dir='ltr'>ad</span> <span class='ocrx_word' id='word_1_263' title='bbox 716 3380 838 3443; x_wconf 86' lang='lat' dir='ltr'>proxima</span> <span class='ocrx_word' id='word_1_264' title='bbox 855 3382 916 3441; x_wconf 89' lang='lat' dir='ltr'>post</span> <span class='ocrx_word' id='word_1_265' title='bbox 933 3376 1203 3428; x_wconf 88' lang='lat' dir='ltr'>Caesarisinteritam</span> 
     </span>
     <span class='ocr_line' id='line_1_32' title="bbox 112 3460 1204 3526; baseline -0.002 -14"><span class='ocrx_word' id='word_1_266' title='bbox 112 3463 251 3526; x_wconf 87' lang='lat' dir='ltr'>tempora:</span> <span class='ocrx_word' id='word_1_267' title='bbox 278 3461 304 3511; x_wconf 90' lang='lat' dir='ltr'>C.</span> <span class='ocrx_word' id='word_1_268' title='bbox 332 3461 448 3512; x_wconf 77' lang='lat' dir='ltr'>Caesaris</span> <span class='ocrx_word' id='word_1_269' title='bbox 471 3465 576 3510; x_wconf 83' lang='lat' dir='ltr'>mortam</span> <span class='ocrx_word' id='word_1_270' title='bbox 600 3463 737 3526; x_wconf 63' lang='lat' dir='ltr'>sanificat,</span> <span class='ocrx_word' id='word_1_271' title='bbox 762 3475 811 3522; x_wconf 78' lang='lat' dir='ltr'>pito</span> <span class='ocrx_word' id='word_1_272' title='bbox 833 3461 861 3509; x_wconf 80' lang='lat' dir='ltr'>ia</span> <span class='ocrx_word' id='word_1_273' title='bbox 879 3465 969 3509; x_wconf 77' lang='lat' dir='ltr'>sertata</span> <span class='ocrx_word' id='word_1_274' title='bbox 983 3460 1063 3510; x_wconf 79' lang='lat' dir='ltr'>occiso</span> <span class='ocrx_word' id='word_1_275' title='bbox 1076 3461 1204 3522; x_wconf 62' lang='lat' dir='ltr'>plurimae</span> 
     </span>
     <span class='ocr_line' id='line_1_33' title="bbox 112 3543 1205 3608; baseline -0.003 -14"><span class='ocrx_word' id='word_1_276' title='bbox 112 3549 282 3607; x_wconf 64' lang='lat' dir='ltr'>mostata,</span> <span class='ocrx_word' id='word_1_277' title='bbox 300 3546 369 3594; x_wconf 75' lang='lat' dir='ltr'>aloes</span> <span class='ocrx_word' id='word_1_278' title='bbox 385 3549 410 3594; x_wconf 85' lang='lat' dir='ltr'>at</span> <span class='ocrx_word' id='word_1_279' title='bbox 424 3545 560 3608; x_wconf 63' lang='lat' dir='ltr'>mastinos</span> <span class='ocrx_word' id='word_1_280' title='bbox 578 3545 691 3607; x_wconf 73' lang='lat' dir='ltr'>summi,</span> <span class='ocrx_word' id='word_1_281' title='bbox 711 3558 760 3605; x_wconf 77' lang='lat' dir='ltr'>pato</span> <span class='ocrx_word' id='word_1_282' title='bbox 777 3549 887 3604; x_wconf 76' lang='lat' dir='ltr'>ternpore</span> <span class='ocrx_word' id='word_1_283' title='bbox 904 3543 1099 3594; x_wconf 79' lang='lat' dir='ltr'>etinoodotiona</span> <span class='ocrx_word' id='word_1_284' title='bbox 1112 3543 1205 3594; x_wconf 76' lang='lat' dir='ltr'>Tiberis</span> 
     </span>
     <span class='ocr_line' id='line_1_34' title="bbox 112 3627 1203 3692; baseline -0.004 -10"><span class='ocrx_word' id='word_1_285' title='bbox 112 3633 207 3682; x_wconf 67' lang='lat' dir='ltr'>divinar</span> <span class='ocrx_word' id='word_1_286' title='bbox 223 3629 304 3678; x_wconf 80' lang='lat' dir='ltr'>lionto</span> <span class='ocrx_word' id='word_1_287' title='bbox 320 3628 459 3690; x_wconf 68' lang='lat' dir='ltr'>laborm,</span> <span class='ocrx_word' id='word_1_288' title='bbox 478 3627 662 3690; x_wconf 77' lang='lat' dir='ltr'>quodpropter</span> <span class='ocrx_word' id='word_1_289' title='bbox 679 3627 813 3678; x_wconf 76' lang='lat' dir='ltr'>Cossuran</span> <span class='ocrx_word' id='word_1_290' title='bbox 833 3627 860 3674; x_wconf 81' lang='lat' dir='ltr'>to</span> <span class='ocrx_word' id='word_1_291' title='bbox 880 3627 998 3676; x_wconf 66' lang='lat' dir='ltr'>mera</span> <span class='ocrx_word' id='word_1_292' title='bbox 1017 3627 1122 3692; x_wconf 73' lang='lat' dir='ltr'>Aupmti</span> <span class='ocrx_word' id='word_1_293' title='bbox 1139 3629 1203 3678; x_wconf 75' lang='lat' dir='ltr'>Coo-</span> 
     </span>
     <span class='ocr_line' id='line_1_35' title="bbox 112 3711 1200 3774; baseline -0.007 -9"><span class='ocrx_word' id='word_1_294' title='bbox 112 3717 192 3774; x_wconf 75' lang='lat' dir='ltr'>m&#39;s,</span> <span class='ocrx_word' id='word_1_295' title='bbox 210 3713 301 3762; x_wconf 82' lang='lat' dir='ltr'>ultoris</span> <span class='ocrx_word' id='word_1_296' title='bbox 317 3713 383 3772; x_wconf 68' lang='lat' dir='ltr'>dats,</span> <span class='ocrx_word' id='word_1_297' title='bbox 400 3711 452 3761; x_wconf 85' lang='lat' dir='ltr'>uolt</span> <span class='ocrx_word' id='word_1_298' title='bbox 467 3713 563 3774; x_wconf 73' lang='lat' dir='ltr'>factm</span> <span class='ocrx_word' id='word_1_299' title='bbox 577 3711 665 3761; x_wconf 72' lang='lat' dir='ltr'>ot&#39;tterx&#39;¹</span> <span class='ocrx_word' id='word_1_300' title='bbox 701 3712 770 3760; x_wconf 87' lang='lat' dir='ltr'>Nam</span> <span class='ocrx_word' id='word_1_301' title='bbox 786 3711 817 3760; x_wconf 77' lang='lat' dir='ltr'>ile</span> <span class='ocrx_word' id='word_1_302' title='bbox 831 3711 885 3773; x_wconf 72' lang='lat' dir='ltr'>ipso</span> <span class='ocrx_word' id='word_1_303' title='bbox 901 3716 924 3761; x_wconf 86' lang='lat' dir='ltr'>at</span> <span class='ocrx_word' id='word_1_304' title='bbox 938 3711 1005 3774; x_wconf 80' lang='lat' dir='ltr'>Vlrp.</span> <span class='ocrx_word' id='word_1_305' title='bbox 1026 3711 1087 3773; x_wconf 81' lang='lat' dir='ltr'>(Eoi.</span> <span class='ocrx_word' id='word_1_306' title='bbox 1101 3713 1125 3771; x_wconf 81' lang='lat' dir='ltr'>lt,</span> <span class='ocrx_word' id='word_1_307' title='bbox 1139 3713 1200 3771; x_wconf 68' lang='lat' dir='ltr'>ihi:</span> 
     </span>
     <span class='ocr_line' id='line_1_36' title="bbox 113 3791 1202 3858; baseline -0.001 -10"><span class='ocrx_word' id='word_1_308' title='bbox 113 3799 281 3848; x_wconf 82' lang='lat' dir='ltr'>Exstinclunx</span> <span class='ocrx_word' id='word_1_309' title='bbox 303 3794 443 3858; x_wconf 81' lang='lat' dir='ltr'>Nymphae</span> <span class='ocrx_word' id='word_1_310' title='bbox 464 3791 565 3844; x_wconf 81' lang='lat' dir='ltr'>cnrdeli</span> <span class='ocrx_word' id='word_1_311' title='bbox 587 3795 680 3845; x_wconf 84' lang='lat' dir='ltr'>lunera</span> <span class='ocrx_word' id='word_1_312' title='bbox 701 3793 823 3858; x_wconf 85' lang='lat' dir='ltr'>Daphnin</span> <span class='ocrx_word' id='word_1_313' title='bbox 846 3794 963 3854; x_wconf 80' lang='lat' dir='ltr'>Flebant,</span> <span class='ocrx_word' id='word_1_314' title='bbox 986 3799 1010 3843; x_wconf 81' lang='lat' dir='ltr'>at</span> <span class='ocrx_word' id='word_1_315' title='bbox 1026 3795 1086 3844; x_wconf 80' lang='lat' dir='ltr'>alibi</span> <span class='ocrx_word' id='word_1_316' title='bbox 1103 3796 1157 3855; x_wconf 76' lang='lat' dir='ltr'>(Ge.</span> <span class='ocrx_word' id='word_1_317' title='bbox 1179 3795 1202 3847; x_wconf 87' lang='lat' dir='ltr'>l.</span> 
     </span>
     <span class='ocr_line' id='line_1_37' title="bbox 112 3865 1203 3940; baseline -0.003 -13"><span class='ocrx_word' id='word_1_318' title='bbox 112 3880 185 3940; x_wconf 71' lang='lat' dir='ltr'>loll:</span> <span class='ocrx_word' id='word_1_319' title='bbox 206 3877 252 3929; x_wconf 94' lang='lat' dir='ltr'>lllo</span> <span class='ocrx_word' id='word_1_320' title='bbox 270 3879 351 3928; x_wconf 86' lang='lat' dir='ltr'>etiarn</span> <span class='ocrx_word' id='word_1_321' title='bbox 369 3865 500 3928; x_wconf 85' lang='lat' dir='ltr'>exstincto</span> <span class='ocrx_word' id='word_1_322' title='bbox 517 3878 660 3928; x_wconf 87' lang='lat' dir='ltr'>miseratus</span> <span class='ocrx_word' id='word_1_323' title='bbox 677 3877 792 3928; x_wconf 87' lang='lat' dir='ltr'>Caesare</span> <span class='ocrx_word' id='word_1_324' title='bbox 803 3879 924 3928; x_wconf 88' lang='lat' dir='ltr'>itomam.</span> <span class='ocrx_word' id='word_1_325' title='bbox 954 3879 1022 3928; x_wconf 77' lang='lat' dir='ltr'>Hace</span> <span class='ocrx_word' id='word_1_326' title='bbox 1032 3879 1099 3927; x_wconf 76' lang='lat' dir='ltr'>miro</span> <span class='ocrx_word' id='word_1_327' title='bbox 1108 3877 1203 3933; x_wconf 76' lang='lat' dir='ltr'>monio,</span> 
     </span>
     <span class='ocr_line' id='line_1_38' title="bbox 113 3961 1205 4024; baseline -0.003 -11"><span class='ocrx_word' id='word_1_328' title='bbox 113 3965 139 4013; x_wconf 82' lang='lat' dir='ltr'>itl</span> <span class='ocrx_word' id='word_1_329' title='bbox 154 3969 205 4022; x_wconf 75' lang='lat' dir='ltr'>est,</span> <span class='ocrx_word' id='word_1_330' title='bbox 223 3961 347 4023; x_wconf 64' lang='lat' dir='ltr'>samma,</span> <span class='ocrx_word' id='word_1_331' title='bbox 365 3961 514 4024; x_wconf 70' lang='lat' dir='ltr'>protadium,</span> <span class='ocrx_word' id='word_1_332' title='bbox 537 3961 626 4010; x_wconf 80' lang='lat' dir='ltr'>diluvii</span> <span class='ocrx_word' id='word_1_333' title='bbox 641 3965 735 4010; x_wconf 82' lang='lat' dir='ltr'>matum</span> <span class='ocrx_word' id='word_1_334' title='bbox 751 3961 855 4024; x_wconf 78' lang='lat' dir='ltr'>inlelllpl</span> <span class='ocrx_word' id='word_1_335' title='bbox 870 3963 922 4012; x_wconf 89' lang='lat' dir='ltr'>volt</span> <span class='ocrx_word' id='word_1_336' title='bbox 936 3962 1074 4010; x_wconf 63' lang='lat' dir='ltr'>clumam</span> <span class='ocrx_word' id='word_1_337' title='bbox 1091 3961 1205 4010; x_wconf 64' lang='lat' dir='ltr'>&amp;mols</span> 
     </span>
     <span class='ocr_line' id='line_1_39' title="bbox 111 4031 1205 4108; baseline -0.002 -14"><span class='ocrx_word' id='word_1_338' title='bbox 111 4047 196 4108; x_wconf 62' lang='lat' dir='ltr'>mse.</span> <span class='ocrx_word' id='word_1_339' title='bbox 232 4045 266 4094; x_wconf 88' lang='lat' dir='ltr'>Et</span> <span class='ocrx_word' id='word_1_340' title='bbox 288 4043 393 4094; x_wconf 89' lang='lat' dir='ltr'>Comm.</span> <span class='ocrx_word' id='word_1_341' title='bbox 418 4044 513 4106; x_wconf 89' lang='lat' dir='ltr'>Crnq.:</span> <span class='ocrx_word' id='word_1_342' title='bbox 541 4044 612 4092; x_wconf 80' lang='lat' dir='ltr'>lianc</span> <span class='ocrx_word' id='word_1_343' title='bbox 629 4045 691 4094; x_wconf 83' lang='lat' dir='ltr'>odeo</span> <span class='ocrx_word' id='word_1_344' title='bbox 707 4045 793 4094; x_wconf 65' lang='lat' dir='ltr'>millu</span> <span class='ocrx_word' id='word_1_345' title='bbox 808 4045 836 4093; x_wconf 78' lang='lat' dir='ltr'>lo</span> <span class='ocrx_word' id='word_1_346' title='bbox 851 4045 970 4094; x_wconf 76' lang='lat' dir='ltr'>honorem</span> <span class='ocrx_word' id='word_1_347' title='bbox 986 4049 1009 4092; x_wconf 85' lang='lat' dir='ltr'>at</span> <span class='ocrx_word' id='word_1_348' title='bbox 1024 4031 1136 4107; x_wconf 63' lang='lat' dir='ltr'>matiam</span> <span class='ocrx_word' id='word_1_349' title='bbox 1151 4044 1205 4092; x_wconf 79' lang='lat' dir='ltr'>Aa·</span> 
     </span>
     <span class='ocr_line' id='line_1_40' title="bbox 112 4126 1205 4193; baseline -0.002 -15"><span class='ocrx_word' id='word_1_350' title='bbox 112 4131 179 4193; x_wconf 72' lang='lat' dir='ltr'>prati</span> <span class='ocrx_word' id='word_1_351' title='bbox 200 4129 299 4178; x_wconf 65' lang='lat' dir='ltr'>altoris</span> <span class='ocrx_word' id='word_1_352' title='bbox 327 4155 355 4162; x_wconf 95' lang='lat'>-</span> <span class='ocrx_word' id='word_1_353' title='bbox 381 4127 472 4175; x_wconf 74' lang='lat' dir='ltr'>«iuvat</span> <span class='ocrx_word' id='word_1_354' title='bbox 492 4139 556 4177; x_wconf 80' lang='lat' dir='ltr'>vero</span> <span class='ocrx_word' id='word_1_355' title='bbox 579 4127 708 4177; x_wconf 86' lang='lat' dir='ltr'>rationem</span> <span class='ocrx_word' id='word_1_356' title='bbox 732 4128 875 4192; x_wconf 82' lang='lat' dir='ltr'>expiscari,</span> <span class='ocrx_word' id='word_1_357' title='bbox 899 4140 952 4190; x_wconf 89' lang='lat' dir='ltr'>qua</span> <span class='ocrx_word' id='word_1_358' title='bbox 970 4126 1065 4176; x_wconf 85' lang='lat' dir='ltr'>ductus</span> <span class='ocrx_word' id='word_1_359' title='bbox 1083 4128 1205 4177; x_wconf 87' lang='lat' dir='ltr'>lloratius</span> 
     </span>
     <span class='ocr_line' id='line_1_41' title="bbox 114 4209 1205 4274; baseline -0.004 -12"><span class='ocrx_word' id='word_1_360' title='bbox 114 4213 289 4262; x_wconf 69' lang='lat' dir='ltr'>Octauianum</span> <span class='ocrx_word' id='word_1_361' title='bbox 313 4209 372 4272; x_wconf 72' lang='lat' dir='ltr'>(sub</span> <span class='ocrx_word' id='word_1_362' title='bbox 395 4210 517 4261; x_wconf 88' lang='lat' dir='ltr'>llercurli</span> <span class='ocrx_word' id='word_1_363' title='bbox 539 4209 629 4273; x_wconf 71' lang='lat' dir='ltr'>ligura}</span> <span class='ocrx_word' id='word_1_364' title='bbox 654 4211 716 4274; x_wconf 89' lang='lat' dir='ltr'>ipsis</span> <span class='ocrx_word' id='word_1_365' title='bbox 734 4211 824 4261; x_wconf 86' lang='lat' dir='ltr'>verbis</span> <span class='ocrx_word' id='word_1_366' title='bbox 846 4211 942 4261; x_wconf 80' lang='lat' dir='ltr'>dixerit</span> <span class='ocrx_word' id='word_1_367' title='bbox 959 4211 1075 4261; x_wconf 60' lang='lat' dir='ltr'>Camerti</span> <span class='ocrx_word' id='word_1_368' title='bbox 1090 4210 1205 4259; x_wconf 75' lang='lat' dir='ltr'>uttoron.</span> 
     </span>
    </p>
   </div>
   <div class='ocr_carea' id='block_1_7' title="bbox 0 0 1476 4884">
    <p class='ocr_par' dir='ltr' id='par_1_7' title="bbox 0 0 1476 4884">
     <span class='ocr_line' id='line_1_42' title="bbox 0 0 1476 4884; baseline 0 0"><span class='ocrx_word' id='word_1_369' title='bbox 0 0 1476 4884; x_wconf 95' lang='lat' dir='ltr'> </span> 
     </span>
    </p>
   </div>
  </div>
 </body>
</html>
