2934 4884
243 333 298 382 VIII
702 329 888 380 PRAEFATIO.

243 498 371 556 ceterae
400 487 555 554 lectiones
584 505 696 552 omnes
725 485 869 550 nituntur
901 481 967 549 fide
997 482 1153 550 Codicum
1189 483 1332 550 bonitate

243 608 493 698 praestabilium.
538 609 689 675 Ceterum
710 615 863 694 quattuor
887 605 968 671 baec
990 605 1096 692 capita
1114 604 1146 669 in
1161 627 1262 670 unum
1274 605 1332 672 ubi

243 730 463 805 coniunxeris,
487 749 608 817 paucas
630 727 806 795 admodum
827 726 999 804 lectiones,
1022 746 1108 813 quae
1128 726 1261 814 quidem
1275 747 1334 794 co-

244 852 383 940 gnitione
405 851 521 938 dignae
546 850 623 927 sint,
650 848 865 916 desiderabis.

307 971 484 1039 Familiaris
512 979 621 1038 autem
650 990 750 1058 quam
777 970 891 1036 vocavi
922 969 1143 1057 interpretatio
1177 989 1241 1035 nou
1267 979 1335 1034 tam

245 1092 481 1171 Grammaticis
510 1112 608 1180 quam
633 1111 747 1158 eorum
768 1091 842 1156 usui
870 1090 1029 1157 destinata
1049 1099 1115 1169 est,
1144 1091 1200 1178 qui
1220 1090 1335 1156 etiam-

243 1235 329 1282 nunc
361 1213 545 1286 huiusmodi
572 1211 821 1278 commentarios
856 1210 1045 1287 consulunt,
1084 1209 1117 1276 id
1151 1221 1220 1286 est,
1258 1232 1335 1278 cum

244 1335 468 1402 adolescentes
500 1333 638 1420 primum
680 1331 802 1399 Horatii
836 1333 980 1399 carmina
1017 1331 1131 1398 lecturi
1163 1330 1215 1397 vel
1251 1352 1335 1417 quas

243 1456 330 1543 apud
366 1463 595 1543 praeceptores
627 1453 800 1521 audierunt
835 1451 1114 1540 interpretationes
1147 1453 1334 1541 repetituri;

246 1587 312 1642 tum
333 1577 408 1653 viri,
436 1576 492 1664 qui
514 1575 584 1642 aliis
606 1573 743 1662 negotiis
765 1573 914 1640 civilibus
939 1582 995 1639 aut
1012 1572 1269 1640 sacerdotalibus
1284 1573 1336 1640 di-

178 1677 183 1688 *
245 1697 357 1774 stricti,
384 1697 545 1763 interdum
566 1706 672 1762 tamen
695 1695 738 1761 ad
760 1700 904 1781 poetam,
932 1695 1025 1761 cuius
1049 1694 1124 1760 inde
1148 1693 1188 1760 ab
1204 1694 1336 1760 ineunte

245 1827 350 1885 aetate
373 1827 496 1904 gratam
520 1815 709 1882 memoriam
737 1815 852 1881 merito
876 1825 1123 1892 conservarunt,
1159 1815 1202 1880 ita
1227 1815 1337 1882 redire

244 1939 391 2025 cupiunt,
413 1947 449 2002 ut
470 1957 510 2003 ne
534 1937 628 2002 nimis
651 1935 824 2013 abstrusis,
847 1935 994 2022 operosis
1017 1935 1209 2024 diffusisque
1224 1934 1338 2022 dispu-

246 2058 419 2126 tationibus
442 2058 581 2145 primum
596 2058 797 2133 intricentur,
824 2077 899 2123 mox
914 2056 1086 2145 elegendo
1101 2057 1336 2137 deterreantur,

330 2179 436 2259 Quem
457 2177 590 2268 quidem
611 2178 779 2256 adfinem,
807 2199 882 2245 cum
902 2199 963 2266 per
987 2179 1134 2267 quinque
1155 2177 1218 2244 iam
1235 2176 1337 2243 lustra

247 2300 419 2388 quotarmis
452 2300 620 2367 Horatium
650 2299 781 2387 publice
813 2319 972 2387 exponam
1006 2298 1207 2366 auditoribus
1239 2298 1337 2376 meis,

247 2421 355 2486 denuo
380 2431 487 2488 tamen
507 2418 630 2508 perlegi
653 2429 784 2506 practer
805 2429 934 2486 veteres
959 2419 1155 2487 Scholiastas
1176 2419 1340 2506 probatis-

248 2541 347 2607 simos
366 2549 516 2627 quosque
535 2540 727 2627 interpretes
742 2538 783 2605 ab
802 2540 956 2606 Lambino
968 2561 1074 2629 usque
1091 2539 1133 2607 ad
1146 2539 1339 2606 lacobsium.

248 2663 339 2740 Quae
369 2671 476 2726 autem
502 2660 589 2747 apud
621 2681 786 2748 quemque
816 2661 936 2749 cuique
965 2661 1037 2730 loco
1069 2681 1168 2749 quam
1198 2661 1338 2728 maxime

248 2781 395 2868 apposita
416 2779 618 2857 viderentur,
645 2781 783 2848 liberum
798 2791 830 2848 et
851 2782 1010 2869 integrum
1023 2782 1179 2849 iudicium
1194 2792 1337 2859 secutus,

249 2923 340 2969 meos
371 2902 403 2966 in
432 2921 511 2966 usus
542 2912 733 2968 convortere
764 2901 887 2980 studui,
918 2903 1063 2990 priorum
1095 2902 1340 2990 explanatorum

249 3023 365 3089 merita
386 3030 476 3110 grato
499 3021 605 3088 animo
627 3042 759 3109 semper
773 3043 954 3110 agnoscens
974 3043 1036 3090 nec
1050 3023 1127 3089 mihi
1143 3022 1230 3089 aliud
1245 3023 1341 3112 quid-

250 3165 349 3231 quam
371 3143 515 3210 tribuens
539 3141 600 3208 nisi
623 3161 735 3209 curam
759 3143 792 3208 in
812 3143 941 3210 illorum
963 3144 1202 3211 commentariis
1231 3143 1342 3232 perlu-

251 3263 406 3343 strandis,
445 3262 674 3351 excerpendis,
716 3263 949 3351 componendis
990 3263 1105 3331 sedulo
1141 3263 1340 3331 collocatam.

253 3385 459 3471 Singulorum
487 3405 566 3452 vero
598 3385 728 3451 nomina
759 3385 892 3473 singulis
918 3386 951 3450 in
972 3384 1053 3452 locis
1076 3405 1259 3452 memorare
1281 3405 1341 3472 pro

254 3525 328 3572 meo
358 3504 492 3571 consilio
520 3505 596 3571 nihil
620 3505 788 3585 attinebat,
815 3527 890 3572 cum
915 3506 1107 3594 praesertim
1128 3504 1250 3593 ubique
1274 3505 1342 3572 lere

253 3624 354 3692 verba
377 3645 491 3691 eorum
515 3625 566 3691 vel
589 3627 809 3695 contrahenda
831 3626 881 3694 vel
906 3626 1125 3714 qualicunque
1148 3625 1246 3692 modo
1271 3647 1343 3690 mu-

255 3744 352 3813 tanda
376 3755 495 3812 essent

318 3865 431 3934 Diffcrt
459 3875 568 3932 autem
600 3878 711 3934 nostra
745 3868 965 3955 interpretatio
996 3889 1016 3935 a
1044 3867 1221 3945 simiIibus,
1259 3888 1345 3956 quae

255 4003 340 4054 nuno
364 3989 395 4053 in
419 3986 537 4054 scholis
560 3988 719 4066 leruntur,
745 3986 794 4053 his
819 3989 1021 4075 potissimum
1042 3989 1244 4055 nominibus:
1272 4009 1346 4055 sae-

255 4109 328 4195 pius
351 4109 566 4176 diiudicantur
592 4120 623 4175 et
646 4111 755 4174 variae
781 4108 935 4175 lectiones
958 4121 990 4176 et
1015 4110 1164 4178 diversae
1180 4110 1346 4177 Gramma-
