2934 4884
673 384 802 434 nonnil]
820 384 990 434 chauriunt

458 540 594 607 Xanthia
616 539 762 607 Phoceu!
787 540 879 605 Prius
903 536 1091 603 insolentem

459 664 562 729 Serva
584 661 705 727 Briseis
727 662 823 725 niveo
846 658 955 726 coloro

592 782 688 847 Movit
710 780 882 859 Achillem;

458 942 555 1008 Movit
575 941 706 1006 Aiacem
728 939 898 1005 Telamone
922 950 1031 1004 natum

365 1146 367 1150 ι
457 1066 573 1129 Forma
595 1062 742 1151 captivae
765 1060 930 1126 dominum
953 1064 1161 1137 Tecmessam

457 1185 542 1251 Arsit
563 1182 690 1250 Atrides
712 1181 821 1247 medio
843 1182 874 1245 in
898 1179 1059 1267 triumpho

584 1306 713 1391 Virgine
737 1314 842 1391 rapta,

457 1466 620 1533 Barbarae
643 1474 817 1551 postquam
839 1460 989 1527 cecidere
1012 1471 1136 1526 turmae

352 1640 377 1688 4.
395 1637 519 1687 4044044444
535 1638 563 1686 Τ.

320 1778 345 1826 4.
364 1774 515 1840 4400444400]
532 1778 562 1825 A.
576 1778 603 1825 P.
617 1775 678 1824 tia:
697 1772 812 1823 Achilles
848 1768 965 1823 ἐοῦσαν.
992 1772 1272 1833 cananaeae:
1298 1772 1379 1823 Ardet

287 1852 350 1901 lura
365 1856 436 1914 neget
452 1851 499 1899 sibi
514 1855 590 1910 44040,
613 1848 676 1898 nihil
694 1862 747 1897 non
766 1860 812 1895 ar·
848 1848 875 1895 444
892 1847 1000 1895 abducta
1016 1846 1128 1895 Briseida
1142 1858 1251 1909 magnas
1259 1846 1376 1896 Achilles.

286 1927 456 1989 rogatarmis.
478 1926 620 1988 Egregium
631 1923 721 1973 autem
732 1922 812 1971 huius
848 1919 961 1971 Achilles
990 1920 1137 1971 Briseidem
1165 1923 1379 1983 Agamemnonis

288 1998 443 2049 insolentiae
465 1998 619 2063 exemplum
640 1995 703 2047 olim
722 1998 813 2047 exsta-
846 1993 1025 2060 praeconibus
1044 1994 1153 2045 tradens
1173 1996 1330 2059 exprimitur
1348 1998 1378 2047 in

286 2073 334 2123 hat
358 2074 385 2123 in
408 2074 554 2125 Aristarchi
578 2073 671 2136 tragici
693 2066 810 2131 Achille,
847 2071 950 2134 pictura
981 2070 1141 2133 Pompeiana
1176 2069 1248 2133 apud
1276 2070 1379 2121 44440444-

286 2147 333 2198 0444
350 2149 386 2197 ita
402 2147 515 2211 loquens
532 2147 722 2198 inducebatur:
746 2146 812 2196 Silc-
848 2146 976 2196 linchette
988 2146 1056 2194 44044.
1071 2145 1136 2193 taen.
1150 2145 1169 2193 l.
1184 2145 1212 2193 T.
1226 2144 1265 2193 49.
1280 2143 1378 2196 44444404·

286 2228 359 2284 taque
374 2229 398 2273 04
413 2230 491 2273 tuceta
507 2229 583 2283 atquc
597 2224 711 2272 0444444444
722 2222 813 2271 0440044-
847 2220 951 2269 Derdam.
969 2220 1000 2268 V.
1019 2220 1049 2268 N.
1069 2218 1125 2269 aaa.

288 2300 346 2357 4440,·
375 2296 470 2348 Audire
497 2312 542 2348 004
568 2298 634 2347 iubet
661 2298 809 2359 4440040404.
881 2293 904 2343 6.
925 2292 1071 2357 Tantusne]
1088 2292 1286 2357 llincinSoph
1300 2294 1375 2343 Aine.
1452 2320 1456 2325 ·

286 2371 369 2422 Plaut.
388 2375 469 2422 Poeu.
489 2370 557 2423 Prol.
574 2373 678 2424 init—
650 2372 812 2433 —.Vpiius
847 2369 904 2418 444.
924 2369 1028 2419 Chorus
1049 2367 1084 2416 ad
1101 2367 1285 2419 Tecmessam:
1313 2366 1380 2419 4404

286 2447 403 2511 perlinat
424 2446 460 2496 ad
476 2447 559 2496 totam
576 2448 655 2497 istam
672 2443 812 2509 exemplo-
847 2456 881 2492 os
909 2440 994 2504 λέχος
1022 2436 1217 2511 δουριοὶλωτον
1247 2439 1378 2512 Στέρξας

286 2533 347 2570 rum
372 2522 485 2570 sar-iem:
514 2522 588 2570 «lam
613 2519 676 2570 044444
699 2522 761 2569 ants
784 2520 811 2569 te
847 2510 945 2576 ἀνέχει
965 2512 1085 2603 θούριος
1107 2514 1191 2577 stag·
1219 2518 1292 2566 etv.
1313 2516 1376 2567 isa.

286 2595 384 2644 heroes
395 2593 550 2644 ancillarum
558 2593 695 2643 amoribus
703 2594 812 2653 obnoxii
847 2592 986 2642 dominum
1013 2592 1052 2642 sic
1080 2590 1221 2655 alloquitur
1249 2592 1319 2654 ipsa:
1351 2610 1378 2640 ω

286 2668 427 2727 themata
452 2680 506 2719 non
522 2681 600 2718 varo:
613 2669 689 2729 priris
703 2668 812 2718 444404044-
846 2665 960 2717 denuoi
978 2662 1097 2727 Aiagu
1108 2659 1244 2731 stnyatt'
1262 2663 1379 2716 4400444-

286 2748 349 2805 tem,
368 2704 529 2805 «aniequam
545 2742 664 2793 Briseida
682 2746 809 2793 amaret.»
847 2756 899 2812 ροο
916 2739 971 2805 μὲν
987 2736 1093 2803 εξέφνν
1104 2735 1215 2823 πατρὸς
1226 2736 1289 2803 (τοο
1301 2740 1380 2809 Φρυ-

286 2816 363 2866 Sed
355 2830 383 2867 m
401 2817 811 2880 hocipsoinestsummahuius
846 2818 910 2883 yios
939 2810 1171 2879 Τελεύταντος)-
1183 2810 1235 2865 νῦν
1260 2811 1285 2864 δ
1312 2816 1379 2879 εἰμὶ

286 2892 412 2941 carminis
423 2890 559 2951 festivitas,
577 2890 651 2954 quod
663 2890 812 2954 lingitami·
846 2889 945 2957 δο44η.

286 2978 349 3016 cum
381 2965 463 3016 veluti
496 2966 610 3015 heroicis
643 2966 811 3030 temporibus
880 2968 903 3016 7.
927 2966 1033 3029 44444400]
1058 2966 1127 3015 Dum
1150 2964 1226 3015 44040
1252 2966 1377 3028 capitur,

187 3071 190 3075 ι
286 3054 377 3090 amare
407 3041 548 3104 captivam.
580 3068 607 3077 —
638 3040 719 3090 Simili
749 3054 811 3091 cum
846 3042 910 3091 Aiax
927 3039 991 3090 Oilei
1010 3038 1187 3091 Cassandram
1205 3052 1237 3087 ax
1261 3038 1380 3092 Palladis

285 3116 415 3185 εἰρωνείᾳ
435 3117 483 3164 Dio
502 3115 640 3178 chrysost.
659 3116 703 3165 Or
723 3117 763 3165 itt
782 3128 809 3179 p.
847 3113 946 3179 templo
969 3116 1057 3179 rapuit
1079 3126 1112 3164 ao
1137 3114 1251 3173 vitiavit;
1278 3116 1377 3177 postea

286 3188 391 3240 446444
410 3184 450 3240 Ori
464 3186 566 3239 ,404404
574 3182 732 3255 Ἀθηνάων
744 3203 812 3255 σογ-
847 3192 874 3240 in
890 3189 1007 3253 praedae
1025 3189 1155 3239 divisione
1177 3190 1377 3250 Agamemnoni

284 3265 413 3331 γ4νο4404ι
434 3263 622 3353 depuratum
643 3258 755 3323 αὑτῶν,
782 3263 813 3313 οἱ
847 3265 940 3325 cessit,
964 3276 1050 3327 aquo
1074 3264 1202 3325 hlycenas
1219 3262 1300 3311 ducta
1321 3266 1375 3325 est,

283 3339 340 3404 μέν
354 3352 429 3401 τινες
445 3334 558 3409 κρύφα,
584 3338 614 3387 oi
634 3336 665 3388 δὲ
681 3338 731 3388 acl
750 3352 810 3399 φα-
846 3338 892 3388 ubi
917 3351 978 3388 eam
1004 3336 1216 3399 Clytaemnestra
1239 3348 1377 3388 unacum

284 3411 390 3485 νορῶς,·
417 3408 453 3465 οὐ
478 3410 535 3484 γὰρ
559 3410 654 3479 δήπου
678 3411 759 3473 deiri
759 3426 810 3499 0ος
846 3416 1045 3475 Agamemnone
1061 3410 1209 3461 trucidavit.
1236 3408 1375 3473 Odyssl

284 3491 342 3541 0404
363 3485 467 3552 πάντες
488 3486 541 3539 τοῦ
561 3483 749 3558 ’,Ηρακλέοος
776 3482 810 3550 ὃς
847 3487 903 3539 444.
944 3485 1093 3549 Aeschylus
1118 3496 1168 3549 per
1192 3486 1278 3535 tolum
1303 3488 1378 3548 Aga-

284 3558 352 3617 0444
372 3563 408 3635 νῇ
424 3560 572 3635 Ἰαρδάνου
594 3560 684 3652 δούλῃ
706 3576 810 3630 σογγε-
847 3574 1029 3611 memnonem
1057 3559 1132 3609 Ouid.
1151 3561 1210 3609 Am
1229 3561 1257 3619 4,
1276 3559 1306 3619 9,
1326 3560 1375 3609 37:

283 3620 574 3705 νέσθοιιᾶπηξιωσον,
586 3628 649 3701 ἐξ
629 3654 666 3702 ης
676 3638 810 3704 ἐγένοντο
846 3637 1054 3686 8444044οά0044
1064 3634 1380 3685 ,4404404044044404404440

284 3716 315 3763 04
329 3712 462 3786 Σαρδίων
478 3711 617 3774 βασιλεῖς
845 3713 927 3775 sartor
953 3712 1086 3763 4400440444
1111 3710 1195 3772 affluis
1222 3708 1380 3770 obstipuisse

316 3788 340 3837 3.
354 3789 378 3840 l.
396 3790 476 3853 444000]
490 3789 664 3853 Frequentius
675 3788 747 3853 apud
760 3788 811 3838 La·
846 3787 930 3836 0044440.
941 3786 1025 3835 -l'u
1035 3786 1134 3835 44404440·
1124 3783 1300 3845 intriwrphn
1294 3796 1378 3847 iunge

283 3862 353 3911 linos
377 3876 459 3925 quam
487 3864 558 3928 apud
585 3866 716 3923 Graecos,
747 3874 810 3912 cum
848 3873 909 3911 cum
926 3874 952 3909 v.
972 3860 1044 3921 04444,
1063 3873 1117 3909 non
1134 3870 1196 3908 cum
1213 3868 1255 3906 vv.
1273 3858 1379 3921 virgine

259 3938 315 3986 'ut
334 3935 467 3988 insolitum
488 3940 595 3988 notetur
617 3936 651 3987 ab
676 3937 811 4000 Hesychia
846 3943 931 3998 rupta.

283 4006 429 4072 ννρόεσσα
448 4006 561 4078 Ἑλένη,
585 4006 651 4063 ἀντὶ
673 4007 726 4063 τοῦ
744 4010 810 4061 iss·
879 4011 903 4060 9.
922 4010 1063 4074 Barbarae]
1083 4007 1309 4071 Frequentissimo
1324 4020 1379 4059 usn

283 4082 337 4151 κή,
356 4078 422 4135 Ἴων
446 4084 595 4158 Φρουροῖς.
625 4114 652 4123 -
682 4086 809 4151 4044444044]
847 4086 919 4151 apud
944 4084 1057 4147 tragicos
1081 4085 1197 4133 Graecos
1227 4083 1254 4131 et
1278 4084 1379 4145 postas

283 4158 356 4210 iliad.
375 4177 399 4222 ι,
418 4160 479 4212 ais:
503 4154 543 4222 ὠς
559 4162 609 4211 act
625 4158 681 4228 ἐγώ
699 4155 810 4228 ιη’νἘκ
847 4161 953 4211 Latinos
970 4172 1019 4223 pro
1032 4158 1154 4222 thpiis.
1190 4156 1290 4207 Ennius
1302 4157 1379 4221 apud

284 4232 381 4299 44ομ044
409 4234 512 4297 φίλεον
540 4232 733 4306 δοορικτήνην
758 4250 810 4307 περ
847 4236 904 4287 Cic.
922 4236 999 4285 Tusc.
1019 4235 1047 4295 4,
1067 4233 1110 4283 aa:
1130 4237 1228 4283 ostonis
1245 4244 1293 4294 ope
1313 4231 1379 4281 4404·-
