2934 4884
458 378 517 429 nn.
536 380 555 429 i.
590 380 620 429 c.
639 379 737 430 xxxv.
1105 380 1166 446 497

89 541 192 589 reticet
206 546 230 590 et
244 541 324 603 fecati
339 540 416 588 ααίοί
432 551 488 587 eom
503 538 683 600 derelinquent.
717 541 814 590 Contra
832 543 921 591 eutem
944 540 1035 591 dicunt
1051 540 1108 601 aiii,
1127 544 1167 592 in-

89 625 184 675 tideies
206 625 308 675 amieos
329 624 460 673 Fortunae
482 624 595 673 comites
618 637 693 684 esse3
719 636 812 673 veram
835 626 924 675 eutem
948 624 1038 675 Fidem
1059 627 1166 677 minime

90 710 233 759 Fortunam
249 709 335 771 sequi.
370 707 479 757 Ovidius
494 708 569 756 Pont.
587 708 619 757 11.
638 708 662 767 3,
680 709 704 757 7.
723 706 888 757 deamicitia
906 708 933 757 et
949 707 1001 757 tide
1020 708 1119 759 dicata:

238 801 318 861 nepe
334 800 432 861 quiden
448 800 529 859 deut,
546 800 589 849 rod
604 798 636 863 (ti
651 802 724 850 modo
740 814 803 850 uero
817 800 936 863 Ιαιαακα)

272 884 362 947 Votpor
377 884 502 933 micitint
516 883 623 933 utdttnoe
635 884 735 946 pretet.

237 968 1026 1031 cwoqmdezpettatprtmotquonpntdsttomenn:

269 1052 302 1100 n’t
317 1064 375 1101 um
391 1052 537 1103 Ferrum
553 1056 650 1114 stetere
665 1053 781 1115 caditque
796 1054 883 1103 Fines.

88 1150 116 1193 at
132 1158 196 1195 mox
213 1143 315 1194 ibidem
333 1145 366 1205 (v.
384 1144 436 1206 td.)
454 1144 487 1193 de
505 1144 558 1193 tide
577 1146 679 1196 emico:

236 1236 335 1287 &ilicet
350 1237 494 1301 iodipnwn,
512 1238 766 1301 tenerositatem,
784 1240 854 1289 dode

272 1321 303 1369 Fe
316 1322 373 1385 fleri
389 1333 533 1371 cerrrsr
548 1322 636 1371 stantis
651 1324 678 1371 in
694 1322 753 1373 orte
768 1336 843 1373 nme.

86 1421 112 1465 et
128 1417 205 1466 Pont.
227 1420 247 1467 i.
266 1418 296 1476 9,
315 1418 360 1466 te:

235 1510 323 1572 adserit
338 1509 469 1569 ittemitt,
488 1522 622 1571 empore
637 1522 677 1559 me
692 1522 788 1573 ntopnu
804 1511 917 1573 reliquit,

268 1594 397 1654 uexere,
414 1594 548 1643 Ferrum
563 1607 608 1643 nec
624 1595 672 1656 [uit
688 1594 729 1643 itte
746 1606 834 1645 conss.

86 1690 231 1739 etiterum
249 1688 324 1736 Pont.
342 1686 385 1735 IV.
405 1688 451 1746 td,
469 1686 514 1736 73:

237 1780 363 1842 οαααᾳικ
377 1780 470 1844 refers,
488 1782 588 1832 tndtore
603 1782 701 1831 oeten:
717 1786 785 1833 octat
800 1782 841 1832 ce
854 1783 964 1845 profecto

273 1864 409 1927 Trooqetitt
425 1877 536 1915 corrnrr
553 1867 670 1927 tappet-ie
685 1879 735 1915 erre
751 1866 842 1916 Fines.

85 1955 219 2007 iuvenalis
237 1958 289 2006 Set.
308 1956 339 2006 X.
357 1956 402 2006 73:

792 2045 834 2093 sed
888 2046 892 2057 '

239 2124 321 2173 Furta
335 2124 425 2175 nent?
440 2138 561 2187 snonrrm
576 2138 708 2177 roardum
723 2140 833 2189 reaper,
850 2046 942 2177 mit

235 2208 381 2258 Dmotos.

147 2304 221 2364 Quid
238 2302 315 2366 igitur
330 2305 393 2355 fieti
415 2307 530 2367 eatque
552 2304 660 2355 tandem
676 2305 756 2369 pacto
775 2306 829 2353 tam
847 2304 952 2354 diversa
969 2304 1036 2354 haee
1053 2306 1120 2355 inter
1137 2318 1165 2355 se

81 2388 222 2440 eonciliari
238 2392 379 2453 potemntt
395 2390 463 2438 Sane
481 2400 543 2437 cum
560 2388 667 2439 Ovidius
684 2390 712 2438 et
727 2386 860 2439 iuvenalis
872 2388 1010 2438 Fortunam
1021 2390 1165 2451 nominant,

81 2476 221 2525 eandm
237 2477 339 2524 tantum
357 2470 502 2535 intelligunt
518 2486 550 2521 ex
566 2473 675 2535 recepto
686 2470 811 2536 loquendi
823 2486 913 2522 more:
932 2474 959 2523 et
968 2472 1080 2537 proinde
1092 2476 1165 2523 recte

82 2560 193 2619 dicimt,
211 2558 326 2608 abeunte
344 2558 456 2607 Fortuna
474 2569 583 2606 manere
601 2559 692 2605 tamen
713 2556 782 2607 fidos
799 2558 912 2617 amicos,
931 2570 1019 2621 neque
1036 2558 1165 2607 Fortunae

82 2646 201 2695 comites
218 2654 287 2692 esse.
321 2642 416 2692 Noster
432 2642 522 2690 antem
539 2638 619 2690 aliam
634 2638 712 2703 plane
729 2640 871 2705 imaginem
889 2642 1012 2706 concepit
1022 2642 1167 2705 etreprae·

81 2728 213 2785 sentent,
240 2724 290 2775 snb
311 2726 442 2775 Fortunae
463 2725 534 2774 enim
553 2724 659 2773 nomine
677 2723 792 2774 eandem
810 2726 836 2775 et
852 2738 1009 2789 prosperam
1025 2729 1053 2776 et
1068 2726 1167 2775 adver-

81 2826 157 2871 sam,
178 2812 280 2860 mutate
297 2811 399 2858 tantum
414 2809 504 2867 veste,
522 2806 652 2870 intelligit:
673 2808 745 2857 unde
763 2820 929 2871 consequens
947 2811 1016 2869 erat,
1039 2812 1068 2858 ut
1085 2810 1164 2860 etiam

81 2897 206 2945 mutatae
229 2894 357 2942 Fortunae
380 2893 474 2955 Spem,
500 2891 591 2941 Fidem
616 2893 644 2941 et
664 2893 763 2943 amieos
786 2894 872 2943 certos
894 2892 981 2943 adhuc
1004 2896 1115 2945 comites
1138 2898 1165 2945 et

81 2979 204 3028 cultores
230 2990 289 3027 esse
314 2976 426 3036 diceret,
452 2976 608 3026 meretrices
633 2978 724 3026 autem
747 2977 774 3025 et
793 2978 923 3039 parasitos
945 2977 1114 3028 retrocedere
1137 2980 1164 3027 et

82 3064 225 3126 diffugere.
260 3060 291 3110 Et
307 3060 377 3109 bene
398 3059 507 3123 quidem
524 3060 575 3110 hoc
591 3060 698 3109 Horatio
715 3060 852 3121 cessisset,
871 3060 920 3109 nisi
938 3060 1084 3112 addidisset
1101 3076 1164 3112 ver-

80 3147 163 3207 bum,
186 3144 271 3209 quod,
293 3146 323 3194 ut
339 3144 403 3194 mihi
420 3143 529 3207 quidem
544 3142 663 3205 videtur,
685 3144 768 3193 totam
786 3142 854 3192 hanc
871 3156 980 3194 scenam
998 3144 1121 3209 deturpet
1138 3148 1165 3195 et

81 3242 196 3294 prorsus
213 3229 372 3292 corrumpit:

505 3325 550 3362 rtet
566 3314 678 3362 morttem
695 3312 815 3376 abnepet,

411 3396 537 3457 Utcsetpue
551 3400 651 3446 metatu
662 3400 775 3458 potentm

445 3480 512 3529 Veste
527 3480 613 3530 domm
628 3481 731 3531 inimico
747 3490 854 3540 tinetas.

80 3580 188 3642 Quippe
205 3577 229 3626 si
245 3576 358 3625 Fortuna
379 3573 470 3636 tepuit
490 3573 585 3623 domos
607 3571 730 3633 afflictas,
757 3584 863 3635 unaque
883 3572 1042 3621 comitantur
1061 3570 1163 3621 abeun-

79 3666 137 3712 tem
160 3662 231 3723 Spes
251 3661 279 3708 et
298 3658 386 3719 Fides,
415 3660 472 3708 tum
492 3657 612 3722 proiecto
631 3668 725 3707 omnes
743 3657 850 3707 omnino
867 3655 1018 3720 diffugiunt,
1045 3658 1100 3705 tam
1117 3654 1162 3707 iidi

80 3746 162 3797 amici
181 3754 263 3807 quam
279 3740 412 3801 infideles3
431 3755 485 3805 quo
506 3740 569 3793 nihil
587 3740 728 3792 absurdius
746 3740 806 3804 tingi
823 3742 918 3805 potest.
954 3741 1046 3800 Certe,
1065 3740 1163 3805 siquid

80 3830 178 3887 video,
196 3825 239 3877 vei
256 3826 308 3877 hoc
323 3824 366 3875 vel
383 3839 435 3877 non
452 3824 571 3876 dissimili
587 3824 672 3875 verbo
689 3825 789 3875 dietum
807 3826 932 3888 oportuit:

412 3910 538 3972 deamque
552 3914 651 3959 memte
662 3913 774 3970 potentes

444 3994 511 4044 Verte
526 3994 611 4043 domos
625 3992 729 4042 taenea
745 4004 845 4043 rearis:

76 4084 132 4133 troc
151 4082 209 4137 est,
235 4080 357 4138 menes,
383 4078 483 4142 omipis
519 4077 598 4141 Spes,
624 4077 721 4139 inquit,
748 4077 775 4125 et
796 4074 871 4125 Fides
891 4088 999 4141 semper
1014 4078 1040 4127 te
1059 4075 1159 4135 colunt,

75 4169 212 4221 Fortuna,
231 4175 318 4225 neque
336 4165 362 4211 te
379 4161 519 4221 deserunt,
543 4160 593 4211 sed
609 4161 690 4210 etiam
706 4160 733 4209 in
750 4156 845 4211 afflicta
862 4159 955 4223 domo,
980 4172 1041 4210 cum
1057 4159 1161 4208 vestem

74 4248 242 4306 manseris,
269 4250 358 4297 tecum
383 4248 504 4303 manent;
530 4241 622 4306 volgus
649 4245 739 4295 eutem
764 4242 874 4297 iniidum
900 4246 988 4296 statim
1013 4240 1158 4305 diffugiunt.
