2934 4884
285 352 346 418 642
598 354 726 404 acuarit
744 352 877 405 CARUEN
895 353 1070 406 secuntus.

455 510 543 577 llaec
566 509 676 575 lovem
698 509 819 576 sentire
840 509 989 597 deosque
1011 518 1146 577 cunctos

455 632 553 718 Spem
574 630 693 695 bonam
715 639 904 717 certamque
926 628 1060 696 domum
1081 641 1228 718 reporto,

454 753 576 818 Doctus
598 760 631 817 et
652 750 774 817 Phoebi
796 749 915 817 chorus
937 759 971 817 et
991 750 1114 817 Dianae
1332 755 1371 817 75

537 873 654 940 Dicere
676 870 801 939 laudes.

349 1016 388 1067 73.
416 1016 468 1065 lloe
488 1014 553 1065 lahn
571 1016 650 1065 etiam
673 1016 699 1064 in
723 1015 801 1065 tertia
817 1013 885 1072 Ed,;
912 1012 1019 1064 videtur
1036 1027 1114 1065 error
1130 1016 1287 1081 typograpb.
1309 1044 1337 1053 -

316 1092 357 1141 ra.
376 1089 468 1141 Phoebo
486 1088 551 1139 cod,
572 1088 601 1152 (i)
619 1088 717 1139 Barthii
735 1087 862 1140 Adverss.
881 1087 927 1149 38,
946 1089 986 1139 ie.

317 1210 407 1261 te-to.
431 1210 506 1275 Haec]
532 1221 618 1273 «quae
640 1210 743 1273 precati
764 1222 811 1260 su·
848 1206 912 1258 illud
928 1208 977 1260 Od.
996 1226 1021 1272 ι,
1045 1210 1109 1261 tro:
1135 1208 1175 1276 τῷ
1191 1224 1228 1260 σε
1243 1206 1313 1273 Zedc
1329 1212 1371 1261 η’-

285 1297 346 1336 mus
358 1296 482 1348 quaeque
499 1285 530 1334 ut
546 1283 721 1333 exaudiantur
738 1296 754 1332 n
769 1282 811 1333 dis
848 1296 923 1333 σατο
943 1283 994 1334 καὶ
1015 1283 1082 1334 decl
1103 1276 1197 1333 ἄλλοι.
1219 1312 1247 1321 -
1271 1284 1370 1347 Bw]

284 1356 487 1419 immortalibus,
507 1357 633 1409 exanimi
651 1356 811 1407 uostrisen-
849 1356 978 1409 «edoctus
994 1372 1009 1408 n
1026 1361 1132 1423 poeta·
1157 1358 1206 1408 0d.
1225 1358 1257 1419 l,
1277 1360 1306 1420 6,
1325 1358 1369 1409 rt:

284 1434 365 1483 tentia
388 1436 537 1497 optemus»
559 1460 586 1469 -
604 1432 702 1497 uenire]
726 1431 811 1481 «hanc
848 1432 963 1495 (eborum)
981 1432 1069 1483 demtis
1083 1434 1217 1483 nudem
1237 1434 1304 1483 Vatis
1321 1434 1372 1482 llo·

284 1506 398 1557 eandem
421 1504 586 1559 voluntatem
609 1518 670 1556 esse
696 1505 811 1556 deorum
846 1506 908 1555 ruti.
935 1530 962 1541 -
985 1506 1074 1558 Phoebi
1091 1534 1106 1545 ·
1124 1512 1148 1557 et
1167 1508 1271 1557 manoe
1285 1507 1372 1557 Dicere

284 1581 406 1645 adeoquo
434 1580 504 1639 lore¹
533 1581 562 1630 ut
586 1582 690 1631 nostras
714 1592 810 1643 preces
846 1580 948 1644 medes]
965 1581 1046 1631 liecte
1071 1594 1102 1631 se
1127 1579 1229 1631 liabent
1254 1580 1369 1643 genitivi.

284 1654 398 1718 benigne
411 1654 579 1705 exaudiant.»
594 1682 622 1689 -
635 1654 812 1714 wandem-
847 1653 918 1716 Virg.
940 1652 994 1705 Ecl.
1015 1656 1045 1715 li,
1064 1655 1097 1704 6:
1116 1656 1160 1717 qui
1177 1656 1261 1705 dicere
1276 1655 1370 1712 meda,

282 1728 350 1792 ctos]
379 1728 508 1791 Religiosa
537 1727 588 1777 hac
620 1726 733 1777 lormula
763 1740 811 1778 eos
849 1729 927 1789 Varo,
940 1728 1119 1791 tuesasps'nm.
1133 1728 1371 1792 Delirusestapud

284 1803 364 1853 etiam
385 1800 583 1864 complectitur,
612 1800 656 1863 qui
678 1812 727 1863 per
750 1813 811 1850 cnr-
847 1800 972 1863 Tibulli,
991 1802 1017 1863 3,
1036 1802 1082 1852 3l:
1100 1802 1192 1865 Bisque
1207 1804 1249 1852 die
1264 1803 1372 1853 resoluto

283 1890 346 1927 men
372 1876 460 1939 ipsum
484 1889 539 1925 uon
564 1878 640 1925 erant
667 1872 808 1939 implorati,
845 1876 986 1925 cmnoettbi
996 1875 1372 1941 dicwotcudesimtpnirturbu

283 1950 402 2011 uticae,
421 1948 552 2010 Minerva,
564 1950 714 2012 Neptunus.
728 1950 807 2000 llars.
846 1950 932 2000 debead
947 1950 975 1999 in
990 1950 1093 2001 Pharia.

283 2024 371 2075 Possis
388 2036 546 2088 comparare
563 2024 617 2073 iam
637 2022 810 2074 Homericum

638 2254 1002 2313 EXOURSUS

756 2356 884 2408 Adici.

348 2466 420 2515 al'uit
436 2462 508 2526 apud
526 2464 640 2511 Graecos
658 2459 761 2523 volgata
780 2461 808 2523 (l)
826 2463 907 2523 atque
924 2474 940 2509 a
956 2459 1121 2526 philosophis
1142 2460 1283 2513 Platonicis
1303 2464 1368 2513 Stoi-

281 2548 373 2611 cisque
392 2547 507 2597 maxime
525 2544 627 2595 exculta
646 2545 735 2609 opinio
752 2544 786 2593 de
810 2557 907 2608 magno
924 2557 993 2595 anno
1011 2546 1158 2607 mundano,
1186 2550 1243 2597 tum
1261 2546 1367 2598 demum

281 2628 403 2695 impleto,
430 2642 493 2679 curn
514 2629 603 2679 omnia
627 2627 715 2678 sidera
739 2630 766 2677 in
782 2630 857 2679 nrtm
874 2642 938 2679 suos
955 2629 1075 2680 redirent
1098 2633 1126 2679 et
1142 2632 1263 2680 omnium
1280 2641 1367 2681 remur

280 2708 480 2775 eleusiniorum
497 2715 525 2761 et
541 2706 781 2774 ἀποκατάστασις
797 2710 885 2762 lutura
903 2715 982 2763 esset.
1019 2711 1145 2775 [llacrob.
1158 2713 1185 2763 in
1196 2714 1288 2764 Somn.
1301 2714 1365 2775 scip.

280 2799 309 2857 2,
329 2798 379 2859 ll.)
399 2796 498 2847 Eadem
517 2794 586 2845 lama
604 2796 686 2845 etiam
703 2796 773 2846 inter
789 2796 915 2847 Etruscos
927 2801 955 2847 et
970 2796 1104 2845 liomenos
1115 2794 1178 2856 tuit,
1195 2795 1243 2845 ubi
1259 2797 1288 2845 in
1299 2794 1367 2846 libris

279 2878 417 2930 ritualibus
445 2880 619 2929 Etruseorum
644 2880 671 2928 el
699 2880 882 2930 Romanorum
905 2877 979 2930 libris
1006 2876 1140 2942 Sibyllinis
1163 2877 1207 2929 ille
1232 2892 1321 2929 annus
1344 2878 1366 2927 in

280 2963 377 3013 decem
394 2974 503 3012 menses
520 2974 632 3024 magnos
649 2963 705 3013 sive
724 2962 815 3013 secula
832 2962 945 3023 divisus,
969 2975 1058 3026 neque
1075 2964 1165 3013 umen
1183 2974 1280 3012 eorum
1295 2974 1367 3012 men-

278 3048 349 3099 sium
365 3044 500 3109 longitudo
519 3048 547 3095 et
564 3046 648 3095 exitus
666 3046 747 3097 certis
764 3044 862 3097 linibus
879 3046 1097 3110 circumscriptus
1109 3048 1175 3106 erat,
1194 3045 1244 3095 sed
1261 3050 1366 3109 portcn-

279 3131 311 3182 tis
329 3130 454 3181 divinitus
479 3130 568 3180 missis
593 3128 673 3179 indici
699 3128 870 3180 credebatur.
907 3130 1022 3193 (Servius
1040 3131 1067 3178 et
1085 3129 1153 3178 Voss
1169 3128 1205 3178 ad
1222 3129 1296 3193 virg.
1315 3127 1363 3179 Ecl.

279 3214 308 3276 l,
327 3213 351 3265 l.
380 3214 516 3265 Censorio.
536 3213 570 3262 de
588 3212 631 3262 die
649 3216 703 3263 nst.
723 3214 764 3262 lt.
778 3215 805 3264 et
823 3213 872 3276 18.)
890 3212 964 3265 Unde
982 3214 1062 3262 etiarn
1078 3210 1133 3260 ludi
1149 3209 1289 3262 seculares
1300 3210 1366 3277 apud

279 3300 411 3349 Romanos
434 3296 546 3348 diversis
569 3294 714 3347 intervallis
739 3296 847 3346 instituti
870 3298 939 3346 sunt.
970 3295 1088 3358 (Censor.
1107 3292 1124 3344 Ι.
1141 3293 1167 3357 Ι.)
1185 3296 1215 3345 ln
1234 3294 1311 3347 libris
1330 3296 1366 3344 Si·

278 3380 384 3445 byllinis
406 3382 544 3445 praeterea
563 3380 693 3443 scriptum
710 3383 782 3440 crat,
810 3380 870 3443 quis
887 3390 995 3442 quoque
1013 3390 1106 3428 mensa
1128 3380 1278 3441 imperaret
1293 3379 1363 3429 deus.

278 3466 366 3515 Primo
384 3465 470 3515 mensi
487 3466 617 3513 Saturnus
634 3466 771 3527 praeerat,
795 3460 903 3512 ultimum
919 3459 972 3511 Soli
989 3462 1046 3512 sive
1062 3458 1174 3525 Apollini
1191 3462 1362 3515 tribuebatur.

279 3546 405 3611 (Nigidius
430 3547 501 3611 apud
523 3548 597 3597 Serv.
623 3545 657 3595 nd
680 3544 733 3596 Ecl.
757 3545 786 3605 l,
813 3544 863 3606 to.)
888 3543 1038 3609 Apollinem
1060 3546 1241 3608 praecessisse
1263 3548 1363 3598 ridetur

279 3633 375 3693 Diana,
398 3632 442 3681 cui
459 3632 539 3681 etiam
556 3633 582 3681 in
601 3628 669 3681 civili
686 3642 757 3679 anno
772 3630 873 3679 mensis
890 3626 1045 3679 November
1060 3640 1138 3677 sacer
1162 3631 1229 3677 erat.
1268 3632 1363 3689 Quam-

278 3716 373 3767 obrem
398 3716 424 3765 in
450 3714 549 3765 lloratii
575 3714 694 3764 carmine
721 3711 834 3763 seculari
858 3709 951 3776 Apollo
977 3714 1004 3761 et
1029 3711 1112 3762 Diana
1128 3724 1193 3774 prae
1210 3714 1310 3764 ceteris
1328 3714 1363 3763 dis

278 3798 405 3851 celebrati
423 3801 493 3850 suut.
529 3798 639 3849 liomani
662 3810 728 3847 vero
752 3797 803 3847 hoe
824 3798 883 3861 ipso
906 3798 1028 3860 tempore
1050 3792 1141 3846 seculo
1158 3793 1265 3845 decimo
1283 3810 1313 3846 se
1328 3798 1363 3844 si·

277 3897 341 3935 vere
366 3883 535 3949 putaverunt.
571 3882 675 3933 Etenim
701 3892 765 3931 cum
789 3883 851 3945 post
875 3881 991 3929 mortem
1017 3879 1046 3929 C.
1066 3876 1122 3927 Iulii
1147 3878 1271 3929 Caesaris
1294 3877 1362 3929 stella

277 3968 370 4018 crinita
386 3966 567 4031 apparuisset,
597 3963 731 4015 Volcatius
749 3964 883 4028 haruspex
906 3963 977 4013 bunc
994 3966 1129 4013 cometam
1144 3960 1294 4023 significare
1312 3963 1363 4011 eii-

277 4052 334 4101 tum
356 4048 438 4099 seculi
461 4050 523 4099 noni
545 4050 572 4098 et
594 4049 744 4111 ingressum
763 4047 860 4097 decimi
879 4047 906 4097 in
924 4048 1045 4097 contione
1064 4044 1137 4095 dixit.
1158 4045 1243 4106 (Serv.
1261 4045 1294 4095 ad
1311 4042 1361 4095 Eri.

278 4133 306 4191 9,
326 4130 392 4193 tri»
419 4134 479 4183 laer
497 4131 532 4183 od
549 4133 620 4194 Virg.
639 4130 693 4182 Ecl.
712 4130 741 4191 l,
761 4131 801 4180 ill.
