2934 4884
628 210 758 259 iiditAl'll
776 208 944 259 ctutlthilt

803 504 813 534 t

612 732 948 798 cmm

450 902 620 969 Descende
642 902 733 968 caelo
756 911 789 969 et
810 902 863 968 dic
883 923 944 988 age
966 902 1043 969 tibia

454 1024 576 1111 Regina
597 1022 727 1109 longum
751 1022 894 1110 Calliope
916 1022 1033 1098 melos,

492 1146 559 1211 Seu
581 1164 661 1211 voce
684 1165 769 1210 nunc
791 1144 893 1210 mavis
916 1154 1029 1219 acuta,

304 1362 344 1411 lV.
364 1363 446 1413 inscr.
466 1360 533 1424 volg.
557 1362 595 1411 Ad
611 1361 746 1422 colluam
776 1387 804 1395 -
832 1360 870 1409 Ad
886 1360 1013 1423 Calliopen
1036 1361 1137 1411 llusom
1153 1361 1239 1411 ltsl'c.
1270 1388 1298 1397 -

272 1436 383 1485 teneto
400 1437 439 1485 dic
456 1435 492 1495 b,
512 1432 537 1499 (d
553 1448 595 1499 ap.
615 1436 720 1486 Kirchn.
740 1436 771 1484 N.
790 1435 821 1493 Q.
841 1435 872 1483 ll.
892 1447 918 1498 p.
938 1434 1006 1496 to..)
1024 1435 1051 1483 F.
1071 1434 1134 1497 lnon
1150 1434 1264 1497 BSl'cd.)

273 1611 315 1659 lv.
336 1608 456 1672 utineam
475 1609 573 1674 quibus
592 1624 641 1674 ego
659 1622 767 1674 quoqne
806 1610 889 1660 σέων.
909 1609 1225 1672 Dionysiusllymn.l,6:
1238 1608 1336 1660 Callio-

240 1698 346 1737 summa
358 1684 446 1735 debeo
457 1685 603 1745 beneficia,
616 1699 669 1735 non
681 1683 768 1735 solum
806 1698 860 1749 pen
876 1686 1017 1735 invocans:
1042 1681 1168 1735 Μουσῶν
1180 1685 1336 1755 προκαθη-

241 1772 290 1809 nos
307 1758 453 1819 delectant,
472 1760 521 1814 sed
533 1759 677 1810 emendent
687 1758 769 1809 etiam
806 1760 865 1823 ye'u
879 1756 1015 1830 τερπνῶν.
1039 1758 1186 1809 Heraclitus
1200 1760 1227 1809 in
1241 1758 1332 1810 schol.

242 1846 333 1883 mores
355 1846 406 1883 nec
429 1834 518 1885 sinunt
535 1846 595 1884 esse
612 1833 696 1894 ieros,
718 1834 769 1883 lta-
805 1833 890 1884 vatic.
912 1834 947 1883 ad
962 1834 1154 1883 Rhesumttll:
1180 1830 1336 1898 Καλλιόπη

244 1920 297 1971 que
315 1908 394 1958 mites
405 1910 552 1959 modestiae
568 1908 768 1972 sapientiaeque
806 1908 924 1971 ποίησιν
948 1898 1014 1978 εὗρε
1037 1903 1152 1957 πάντων
1176 1906 1335 1971 (amodo-

241 1983 384 2045 megistrae
404 1983 484 2043 liunt,
514 1996 628 2047 quarum
649 1984 768 2047 ipsarum
806 1977 906 2046 πήνῖ).
920 2006 948 2018 -
964 1982 1075 2045 loom]
1093 1980 1336 2034 llnltiiaminlioc

243 2056 370 2106 virtutum
381 2059 528 2121 Augustus,
541 2058 651 2109 Romani
661 2056 768 2121 imperii
805 2070 832 2106 v.
845 2056 1003 2117 haeserunt,
1022 2057 1099 2119 quasi
1111 2057 1212 2120 imolen
1221 2070 1336 2108 cumen

242 2131 397 2193 pacificator
413 2131 546 2196 simulque
560 2134 695 2183 Musarum
713 2134 769 2183 sln-
806 2144 836 2182 se
848 2130 1060 2195 compositurum
1071 2144 1131 2181 esse
1143 2129 1264 2181 consulto
1276 2134 1337 2194 qui-

244 2218 323 2255 cerus
334 2208 451 2267 amator,
465 2208 592 2257 eximium
604 2207 681 2257 nobis
693 2220 769 2271 prae·
806 2204 884 2265 dem,
903 2204 951 2254 sed
963 2217 1059 2267 parum
1071 2207 1233 2268 opportune,
1252 2218 1337 2269 prae-

244 2277 291 2328 bet
308 2281 458 2344 specimen;
478 2284 570 2331 contra
582 2282 673 2332 Musae
689 2280 770 2329 adeo-
806 2279 902 2329 dixerit
918 2280 1005 2341 poeta.
1040 2278 1141 2328 Verum
1157 2280 1209 2329 hoc
1224 2278 1337 2329 volebat

244 2364 296 2415 que
324 2357 418 2405 cuneta
445 2356 547 2418 ingenia
571 2355 649 2405 bonis
666 2354 769 2405 artibus
806 2356 837 2403 ut
860 2354 1069 2416 persentisceret
1092 2352 1192 2403 lector:
1232 2354 1333 2417 «Opto,

244 2426 348 2477 exculta
366 2442 448 2491 quam
459 2428 612 2492 longissime
624 2429 771 2479 abhorrent
807 2430 837 2478 ut
854 2432 897 2477 tua
915 2429 1067 2492 praesentia
1085 2441 1167 2492 quam
1183 2427 1334 2479 diutissime

244 2514 259 2549 a
277 2499 359 2551 leroci
376 2503 472 2551 virium
490 2502 577 2553 abusu
596 2506 676 2567 atque
694 2518 709 2553 a
727 2517 771 2555 su-
807 2502 858 2553 frui
874 2504 976 2566 possim
993 2517 1044 2553 nec
1061 2504 1140 2553 nimis
1157 2504 1210 2553 cito
1235 2502 1336 2552 restin-

244 2574 337 2638 perbia
373 2575 551 2639 omnibusque
590 2576 768 2640 facinoribus,
808 2578 903 2640 guatur
919 2576 1180 2642 impetuspoeticus‚
1200 2578 1245 2639 qui
1261 2590 1336 2625 nuno

244 2649 279 2698 ad
304 2661 372 2711 quae
399 2649 525 2699 mortales
550 2664 656 2702 morum
680 2651 770 2703 lenitas
808 2664 853 2701 me
879 2651 1018 2713 corripit·
1057 2652 1144 2713 Atque
1176 2648 1261 2701 simile
1292 2652 1337 2699 est

245 2720 382 2786 impellere
409 2721 502 2772 solet.»
545 2726 654 2775 Summa
679 2728 771 2777 entem
808 2724 984 2789 Tryphiodori
1009 2724 1149 2774 exordium
1174 2738 1200 2773 v.
1233 2723 1333 2773 t-t:

246 2799 303 2846 arto
320 2810 386 2847 usus
402 2798 428 2847 in
445 2800 562 2860 Augusto
579 2800 636 2863 ipso
656 2800 717 2851 olim
736 2802 772 2851 nd
810 2801 847 2851 Τέ
863 2793 1068 2864 μα--Αῦτίκα
1086 2813 1139 2863 μοι
1159 2794 1331 2858 σπεύδοντι,

247 2868 431 2921 crudelitatem
452 2869 562 2935 proclivi
588 2872 690 2935 (notum
707 2874 771 2926 illud
810 2817 899 2924 nodos
910 2868 956 2923 διὰ
967 2870 1064 2937 μῦθον
1073 2866 1334 2933 ἀνεῖσα,Ἔννεπε,

247 2945 419 2996 Maecenatis:
447 2946 530 3010 Surge
545 2948 657 3009 taitden,
683 2952 772 3000 corni-
809 2946 993 2999 Kalltdxeta.
1023 2950 1115 2999 Utrum
1131 2950 1222 2997 autem
1239 2946 1292 2995 hoc
1309 2948 1335 2995 ei

246 3018 317 3081 (ecl)
336 3019 547 3071 moderationem
559 3024 639 3085 atque
651 3021 772 3074 clemen·
810 3034 971 3074 concessura
989 3021 1058 3072 loret
1074 3023 1149 3073 ltusa
1161 3034 1257 3079 necne,
1274 3020 1335 3084 ipse

247 3092 311 3142 tiam
320 3106 381 3143 cnm
393 3095 507 3157 ingenuo
516 3096 694 3149 humanarum
705 3097 774 3149 litte·
809 3096 929 3148 nondum
946 3095 1057 3147 sciebat.
1090 3096 1206 3147 Carmen
1223 3108 1338 3158 «peren-

247 3178 338 3216 rerum
347 3167 434 3217 studio
444 3170 613 3221 coniunctam
624 3172 659 3222 ita
672 3170 769 3233 laudat,
809 3186 858 3232 ne,
876 3172 1008 3235 perpetuo
1025 3170 1214 3228 duraturum»,
1240 3172 1272 3219 ut
1292 3167 1336 3218 alii

248 3241 277 3289 ut
294 3241 321 3291 in
338 3242 379 3291 his
396 3243 772 3297 virtutibussummaslaudes
808 3246 967 3306 voluerunt,
1002 3259 1052 3310 pro
1077 3247 1152 3294 certo
1185 3244 1336 3308 significare

247 3327 395 3380 veramque
412 3320 634 3381 potentiamsitas
649 3332 709 3371 esse
722 3320 772 3369 de·
808 3320 909 3384 nequit.
939 3347 967 3357 -
995 3317 1116 3382 Codtope]
1139 3320 1239 3368 auson.
1257 3314 1335 3379 Idyll.

249 3393 388 3441 monstret.
422 3393 488 3443 Vide
507 3394 663 3444 Excursum.
809 3394 855 3454 20,
874 3395 901 3443 7:
932 3394 1055 3443 Cornum
1075 3393 1186 3454 Calliope
1206 3391 1277 3440 libris
1291 3391 1338 3440 lte-

281 3467 305 3515 l.
323 3468 447 3518 Descende
462 3469 542 3533 coelo]
562 3468 633 3519 iliad.
652 3467 686 3531 β,
704 3469 769 3521 ml:
808 3468 882 3518 roico
896 3469 1010 3517 mandat.
1054 3467 1108 3517 Sed
1129 3468 1196 3516 haec
1217 3463 1338 3527 singulo-

246 3532 432 3604 Ὀλυμπιάδες
469 3539 602 3604 Μοῦσαι,
647 3546 674 3593 et
710 3542 773 3594 alibi
810 3556 871 3594 rum
888 3544 1062 3594 interlineas
1080 3553 1223 3591 munerum
1246 3539 1339 3589 distri-

244 3605 385 3679 Ὀλύμπια
393 3611 499 3679 δώματ’
510 3610 641 3674 ἔχουσαν.
654 3644 681 3653 -
695 3620 774 3668 Prae·
810 3618 885 3667 butio
901 3632 917 3667 a
934 3617 1033 3682 politis,
1059 3616 1219 3681 praesertim
1234 3612 1337 3676 lyncis,

247 3691 300 3739 stat
315 3702 377 3739 cnm
394 3688 549 3741 melioribus
565 3690 639 3741 libris
656 3693 772 3742 retinere
810 3706 864 3743 non
881 3695 1011 3743 servatur.
1051 3693 1107 3740 lam
1124 3688 1235 3740 Alcman
1250 3687 1338 3750 Bergk

248 3761 371 3827 copulam
389 3767 422 3823 et,
442 3776 504 3813 cum
516 3765 675 3827 praesertim
686 3760 774 3816 ἁσύν-
810 3780 838 3831 p.
864 3766 930 3818 tto:
967 3761 1046 3814 Μῶα·
1070 3758 1137 3831 ἆγε,
1166 3757 1336 3819 Καλλιόπα,

247 3835 330 3887 δετον
346 3838 373 3887 n.
392 3835 408 3886 l.
429 3836 490 3887 nihil
508 3840 572 3901 grati
592 3838 697 3889 habeat.
810 3837 934 3912 θύγατερ
941 3833 1105 3909 Διός,’Ἇρχ’
1116 3836 1224 3911 domolo
1234 3836 1336 3887 ἐπέων·

280 3914 305 3963 2.
335 3913 441 3977 lleotoo]
474 3914 503 3962 ut
528 3911 596 3972 dea;
631 3916 772 3977 praeterea
810 3915 858 3966 ἐπὶ
874 3913 898 3964 d'
917 3913 1017 3985 ἵμερον
1033 3907 1137 3979 ἸΥμνον
1163 3906 1266 3977 (Ὺμνῳ
1287 3912 1338 3961 lle-

249 3986 356 4071 llesiod,
375 3988 472 4051 Theog.
492 3987 536 4072 791:
569 3984 717 4073 Kolltdxq
735 3988 769 4038 d·
810 3982 1336 4060 phaestio.)xatxaotmattdetxoodv.

248 4076 267 4122 η
293 4056 324 4109 δὲ
349 4074 566 4133 προφερεστατη
592 4060 669 4113 ἐστὶν
693 4076 772 4111 aaa·
843 4062 902 4115 sl.
921 4064 1004 4128 acuto]
1018 4060 1338 4125 ucmnnfmgmuerga
