<?xml version="1.0" encoding="UTF-8"?>
<!DOCTYPE html PUBLIC "-//W3C//DTD XHTML 1.0 Transitional//EN"
    "http://www.w3.org/TR/xhtml1/DTD/xhtml1-transitional.dtd">
<html xmlns="http://www.w3.org/1999/xhtml" xml:lang="en" lang="en">
 <head>
  <title>
</title>
<meta http-equiv="Content-Type" content="text/html;charset=utf-8" />
  <meta name='ocr-system' content='tesseract 3.04.00' />
  <meta name='ocr-capabilities' content='ocr_page ocr_carea ocr_par ocr_line ocrx_word'/>
</head>
<body>
  <div class='ocr_page' id='page_1' title='image "./qhoratiusflaccu04baitgoog/qhoratiusflaccu04baitgoog_0029.png"; bbox 0 0 2934 4884; ppageno 0'>
   <div class='ocr_carea' id='block_1_1' title="bbox 406 361 1184 420">
    <p class='ocr_par' dir='ltr' id='par_1_1' title="bbox 406 361 1184 420">
     <span class='ocr_line' id='line_1_1' title="bbox 406 361 1184 420; baseline 0.008 -9"><span class='ocrx_word' id='word_1_1' title='bbox 406 361 536 412; x_wconf 78' lang='lat' dir='ltr'>uoulrlt</span> <span class='ocrx_word' id='word_1_2' title='bbox 555 361 664 414; x_wconf 74' lang='lat' dir='ltr'>llum</span> <span class='ocrx_word' id='word_1_3' title='bbox 684 363 810 416; x_wconf 76' lang='lat' dir='ltr'>LYlthA.</span> <span class='ocrx_word' id='word_1_4' title='bbox 987 379 996 388; x_wconf 87' lang='grc'><em>“</em></span> <span class='ocrx_word' id='word_1_5' title='bbox 1104 367 1184 420; x_wconf 73' lang='lat' dir='ltr'>nul</span> 
     </span>
    </p>
   </div>
   <div class='ocr_carea' id='block_1_2' title="bbox 100 517 1186 1118">
    <p class='ocr_par' dir='ltr' id='par_1_2' title="bbox 100 517 1186 1118">
     <span class='ocr_line' id='line_1_2' title="bbox 181 517 1185 610; baseline 0.006 -28"><span class='ocrx_word' id='word_1_6' title='bbox 181 517 388 604; x_wconf 85' lang='lat' dir='ltr'><strong><em>Stropborum</em></strong></span> <span class='ocrx_word' id='word_1_7' title='bbox 409 537 529 604; x_wconf 84' lang='lat' dir='ltr'>genera</span> <span class='ocrx_word' id='word_1_8' title='bbox 551 529 626 584; x_wconf 91' lang='lat' dir='ltr'>sunt</span> <span class='ocrx_word' id='word_1_9' title='bbox 640 529 807 607; x_wconf 90' lang='lat' dir='ltr'>quattuor:</span> <span class='ocrx_word' id='word_1_10' title='bbox 826 523 966 608; x_wconf 66' lang='lat' dir='ltr'>primum</span> <span class='ocrx_word' id='word_1_11' title='bbox 981 533 1013 588; x_wconf 89' lang='lat' dir='ltr'>et</span> <span class='ocrx_word' id='word_1_12' title='bbox 1027 523 1185 610; x_wconf 88' lang='lat' dir='ltr'>antiquis-</span> 
     </span>
     <span class='ocr_line' id='line_1_3' title="bbox 102 619 1183 707; baseline 0.006 -23"><span class='ocrx_word' id='word_1_13' title='bbox 102 621 211 685; x_wconf 91' lang='lat' dir='ltr'>simum</span> <span class='ocrx_word' id='word_1_14' title='bbox 237 641 335 707; x_wconf 74' lang='lat' dir='ltr'>penus</span> <span class='ocrx_word' id='word_1_15' title='bbox 362 619 564 706; x_wconf 74' lang='lat' dir='ltr'><strong><em>stropharum</em></strong></span> <span class='ocrx_word' id='word_1_16' title='bbox 593 643 635 686; x_wconf 84' lang='lat' dir='ltr'>ex</span> <span class='ocrx_word' id='word_1_17' title='bbox 662 621 792 688; x_wconf 93' lang='lat' dir='ltr'>duobus</span> <span class='ocrx_word' id='word_1_18' title='bbox 820 623 969 692; x_wconf 86' lang='lat' dir='ltr'>versibus</span> <span class='ocrx_word' id='word_1_19' title='bbox 997 625 1183 699; x_wconf 81' lang='lat' dir='ltr'>constabat,</span> 
     </span>
     <span class='ocr_line' id='line_1_4' title="bbox 101 722 1184 814; baseline 0.005 -26"><span class='ocrx_word' id='word_1_20' title='bbox 101 744 161 789; x_wconf 92' lang='lat' dir='ltr'>uno</span> <span class='ocrx_word' id='word_1_21' title='bbox 188 722 349 811; x_wconf 81' lang='lat' dir='ltr'>longiore,</span> <span class='ocrx_word' id='word_1_22' title='bbox 383 723 484 790; x_wconf 85' lang='lat' dir='ltr'>altero</span> <span class='ocrx_word' id='word_1_23' title='bbox 511 722 676 802; x_wconf 89' lang='lat' dir='ltr'>breviore,</span> <span class='ocrx_word' id='word_1_24' title='bbox 712 726 769 813; x_wconf 93' lang='lat' dir='ltr'>qui</span> <span class='ocrx_word' id='word_1_25' title='bbox 796 724 947 813; x_wconf 87' lang='lat' dir='ltr'>appellati</span> <span class='ocrx_word' id='word_1_26' title='bbox 978 738 1053 793; x_wconf 89' lang='lat' dir='ltr'>sunt</span> <span class='ocrx_word' id='word_1_27' title='bbox 1078 727 1184 814; x_wconf 57' lang='lat' dir='ltr'>epota</span> 
     </span>
     <span class='ocr_line' id='line_1_5' title="bbox 100 826 1186 918; baseline 0.004 -28"><span class='ocrx_word' id='word_1_28' title='bbox 100 826 261 890; x_wconf 64' lang='lat' dir='ltr'>monam</span> <span class='ocrx_word' id='word_1_29' title='bbox 287 847 383 911; x_wconf 77' lang='lat' dir='ltr'>pentes</span> <span class='ocrx_word' id='word_1_30' title='bbox 403 826 604 914; x_wconf 73' lang='lat' dir='ltr'><strong><em>stropharum</em></strong></span> <span class='ocrx_word' id='word_1_31' title='bbox 632 828 732 895; x_wconf 89' lang='lat' dir='ltr'>breve</span> <span class='ocrx_word' id='word_1_32' title='bbox 755 838 805 894; x_wconf 90' lang='lat' dir='ltr'>est</span> <span class='ocrx_word' id='word_1_33' title='bbox 826 839 859 895; x_wconf 92' lang='lat' dir='ltr'>et</span> <span class='ocrx_word' id='word_1_34' title='bbox 880 829 947 896; x_wconf 84' lang='lat' dir='ltr'>lere</span> <span class='ocrx_word' id='word_1_35' title='bbox 971 850 1012 895; x_wconf 79' lang='lat' dir='ltr'>ex</span> <span class='ocrx_word' id='word_1_36' title='bbox 1034 838 1186 918; x_wconf 85' lang='lat' dir='ltr'>quattuor</span> 
     </span>
     <span class='ocr_line' id='line_1_6' title="bbox 101 927 1186 1018; baseline 0.006 -26"><span class='ocrx_word' id='word_1_37' title='bbox 101 927 262 1004; x_wconf 78' lang='lat' dir='ltr'>versibuS,</span> <span class='ocrx_word' id='word_1_38' title='bbox 285 949 422 994; x_wconf 93' lang='lat' dir='ltr'>numero</span> <span class='ocrx_word' id='word_1_39' title='bbox 438 927 609 1006; x_wconf 88' lang='lat' dir='ltr'>similibus,</span> <span class='ocrx_word' id='word_1_40' title='bbox 633 931 857 1018; x_wconf 90' lang='lat' dir='ltr'>compositum.</span> <span class='ocrx_word' id='word_1_41' title='bbox 888 931 1022 1015; x_wconf 76' lang='lat' dir='ltr'>(Ceteris</span> <span class='ocrx_word' id='word_1_42' title='bbox 1038 930 1186 1018; x_wconf 85' lang='lat' dir='ltr'>stropha-</span> 
     </span>
     <span class='ocr_line' id='line_1_7' title="bbox 101 1029 816 1118; baseline 0.006 -23"><span class='ocrx_word' id='word_1_43' title='bbox 101 1051 166 1096; x_wconf 90' lang='lat' dir='ltr'>mm</span> <span class='ocrx_word' id='word_1_44' title='bbox 186 1030 364 1118; x_wconf 84' lang='lat' dir='ltr'>generibus</span> <span class='ocrx_word' id='word_1_45' title='bbox 385 1029 535 1098; x_wconf 73' lang='lat' dir='ltr'>Horatius</span> <span class='ocrx_word' id='word_1_46' title='bbox 558 1053 622 1098; x_wconf 93' lang='lat' dir='ltr'>non</span> <span class='ocrx_word' id='word_1_47' title='bbox 644 1043 695 1098; x_wconf 90' lang='lat' dir='ltr'>est</span> <span class='ocrx_word' id='word_1_48' title='bbox 715 1035 816 1116; x_wconf 87' lang='lat' dir='ltr'>usus.)</span> 
     </span>
    </p>
   </div>
   <div class='ocr_carea' id='block_1_3' title="bbox 11 1150 1186 2877">
    <p class='ocr_par' dir='ltr' id='par_1_3' title="bbox 11 1150 1186 2877">
     <span class='ocr_line' id='line_1_8' title="bbox 176 1150 1185 1242; baseline 0.001 -24"><span class='ocrx_word' id='word_1_49' title='bbox 176 1152 399 1238; x_wconf 81' lang='lat' dir='ltr'>Antiquissimi</span> <span class='ocrx_word' id='word_1_50' title='bbox 428 1150 603 1242; x_wconf 81' lang='lat' dir='ltr'>lyricorum</span> <span class='ocrx_word' id='word_1_51' title='bbox 630 1161 801 1242; x_wconf 76' lang='lat' dir='ltr'>poetarum</span> <span class='ocrx_word' id='word_1_52' title='bbox 822 1166 855 1221; x_wconf 89' lang='lat' dir='ltr'>et</span> <span class='ocrx_word' id='word_1_53' title='bbox 875 1157 960 1222; x_wconf 75' lang='grc' dir='ltr'><em>κατὰ</em></span> <span class='ocrx_word' id='word_1_54' title='bbox 988 1167 1117 1236; x_wconf 77' lang='grc' dir='ltr'><em>στίχον,</em></span> <span class='ocrx_word' id='word_1_55' title='bbox 1153 1153 1185 1220; x_wconf 90' lang='lat' dir='ltr'>id</span> 
     </span>
     <span class='ocr_line' id='line_1_9' title="bbox 99 1254 1186 1344; baseline 0.003 -25"><span class='ocrx_word' id='word_1_56' title='bbox 99 1263 156 1330; x_wconf 88' lang='lat' dir='ltr'>cst,</span> <span class='ocrx_word' id='word_1_57' title='bbox 185 1254 306 1321; x_wconf 90' lang='lat' dir='ltr'>eodem</span> <span class='ocrx_word' id='word_1_58' title='bbox 335 1276 433 1320; x_wconf 89' lang='lat' dir='ltr'>versu</span> <span class='ocrx_word' id='word_1_59' title='bbox 461 1276 591 1343; x_wconf 90' lang='lat' dir='ltr'>semper</span> <span class='ocrx_word' id='word_1_60' title='bbox 620 1256 756 1344; x_wconf 86' lang='lat' dir='ltr'>repetitu</span> <span class='ocrx_word' id='word_1_61' title='bbox 786 1257 856 1324; x_wconf 89' lang='lat' dir='ltr'>sine</span> <span class='ocrx_word' id='word_1_62' title='bbox 878 1257 1019 1344; x_wconf 91' lang='lat' dir='ltr'>strophis</span> <span class='ocrx_word' id='word_1_63' title='bbox 1042 1256 1186 1324; x_wconf 86' lang='lat' dir='ltr'>carmina</span> 
     </span>
     <span class='ocr_line' id='line_1_10' title="bbox 98 1356 1185 1445; baseline 0.006 -27"><span class='ocrx_word' id='word_1_64' title='bbox 98 1356 267 1434; x_wconf 88' lang='lat' dir='ltr'>iaciebant,</span> <span class='ocrx_word' id='word_1_65' title='bbox 292 1366 325 1424; x_wconf 89' lang='lat' dir='ltr'>et</span> <span class='ocrx_word' id='word_1_66' title='bbox 346 1356 494 1445; x_wconf 89' lang='lat' dir='ltr'>pluribus</span> <span class='ocrx_word' id='word_1_67' title='bbox 516 1356 666 1424; x_wconf 89' lang='lat' dir='ltr'>versibus</span> <span class='ocrx_word' id='word_1_68' title='bbox 689 1359 720 1422; x_wconf 96' lang='lat' dir='ltr'>in</span> <span class='ocrx_word' id='word_1_69' title='bbox 742 1359 890 1445; x_wconf 89' lang='lat' dir='ltr'>strophas</span> <span class='ocrx_word' id='word_1_70' title='bbox 906 1359 1100 1434; x_wconf 88' lang='lat' dir='ltr'>coniunctis,</span> <span class='ocrx_word' id='word_1_71' title='bbox 1125 1358 1185 1424; x_wconf 87' lang='lat' dir='ltr'>sed</span> 
     </span>
     <span class='ocr_line' id='line_1_11' title="bbox 99 1458 1185 1528; baseline 0.006 -8"><span class='ocrx_word' id='word_1_72' title='bbox 99 1459 132 1522; x_wconf 88' lang='lat' dir='ltr'>iis</span> <span class='ocrx_word' id='word_1_73' title='bbox 152 1468 208 1524; x_wconf 88' lang='lat' dir='ltr'>aut</span> <span class='ocrx_word' id='word_1_74' title='bbox 230 1459 319 1524; x_wconf 89' lang='lat' dir='ltr'>idem</span> <span class='ocrx_word' id='word_1_75' title='bbox 340 1468 396 1524; x_wconf 87' lang='lat' dir='ltr'>aut</span> <span class='ocrx_word' id='word_1_76' title='bbox 418 1458 522 1526; x_wconf 90' lang='lat' dir='ltr'>simile</span> <span class='ocrx_word' id='word_1_77' title='bbox 544 1469 683 1526; x_wconf 90' lang='lat' dir='ltr'>metrum</span> <span class='ocrx_word' id='word_1_78' title='bbox 704 1459 907 1528; x_wconf 81' lang='lat' dir='ltr'>habentibus.</span> <span class='ocrx_word' id='word_1_79' title='bbox 951 1460 1040 1526; x_wconf 78' lang='lat' dir='ltr'>Aliae</span> <span class='ocrx_word' id='word_1_80' title='bbox 1070 1459 1185 1526; x_wconf 89' lang='lat' dir='ltr'>borum</span> 
     </span>
     <span class='ocr_line' id='line_1_12' title="bbox 97 1560 1182 1650; baseline 0.005 -25"><span class='ocrx_word' id='word_1_81' title='bbox 97 1560 300 1648; x_wconf 70' lang='lat' dir='ltr'><strong><em>stropharum</em></strong></span> <span class='ocrx_word' id='word_1_82' title='bbox 321 1560 416 1647; x_wconf 85' lang='lat' dir='ltr'>plene</span> <span class='ocrx_word' id='word_1_83' title='bbox 440 1583 481 1628; x_wconf 84' lang='lat' dir='ltr'>ex</span> <span class='ocrx_word' id='word_1_84' title='bbox 502 1561 650 1629; x_wconf 89' lang='lat' dir='ltr'>eiusdem</span> <span class='ocrx_word' id='word_1_85' title='bbox 672 1583 788 1630; x_wconf 87' lang='lat' dir='ltr'>versus</span> <span class='ocrx_word' id='word_1_86' title='bbox 811 1563 1004 1650; x_wconf 89' lang='lat' dir='ltr'>repetitione</span> <span class='ocrx_word' id='word_1_87' title='bbox 1026 1573 1182 1638; x_wconf 87' lang='lat' dir='ltr'>constant.</span> 
     </span>
     <span class='ocr_line' id='line_1_13' title="bbox 97 1663 1185 1752; baseline 0.005 -27"><span class='ocrx_word' id='word_1_88' title='bbox 97 1663 201 1740; x_wconf 85' lang='lat' dir='ltr'>itaut,</span> <span class='ocrx_word' id='word_1_89' title='bbox 234 1665 264 1729; x_wconf 93' lang='lat' dir='ltr'>si</span> <span class='ocrx_word' id='word_1_90' title='bbox 286 1674 424 1730; x_wconf 90' lang='lat' dir='ltr'>metrum</span> <span class='ocrx_word' id='word_1_91' title='bbox 447 1663 612 1730; x_wconf 83' lang='lat' dir='ltr'>dumtaxat</span> <span class='ocrx_word' id='word_1_92' title='bbox 640 1675 819 1752; x_wconf 83' lang='lat' dir='ltr'><strong><em>spectetur,</em></strong></span> <span class='ocrx_word' id='word_1_93' title='bbox 853 1669 938 1734; x_wconf 73' lang='lat' dir='ltr'>uarat</span> <span class='ocrx_word' id='word_1_94' title='bbox 960 1679 1074 1747; x_wconf 71' lang='grc' dir='ltr'><em>στίχον</em></span> <span class='ocrx_word' id='word_1_95' title='bbox 1096 1686 1185 1732; x_wconf 89' lang='lat' dir='ltr'>oom-</span> 
     </span>
     <span class='ocr_line' id='line_1_14' title="bbox 96 1765 1183 1856; baseline 0.004 -26"><span class='ocrx_word' id='word_1_96' title='bbox 96 1767 196 1850; x_wconf 88' lang='lat' dir='ltr'>posita</span> <span class='ocrx_word' id='word_1_97' title='bbox 228 1765 335 1833; x_wconf 88' lang='lat' dir='ltr'>videri</span> <span class='ocrx_word' id='word_1_98' title='bbox 368 1766 493 1854; x_wconf 86' lang='lat' dir='ltr'>possint</span> <span class='ocrx_word' id='word_1_99' title='bbox 522 1767 674 1834; x_wconf 87' lang='lat' dir='ltr'>carmina.</span> <span class='ocrx_word' id='word_1_100' title='bbox 730 1770 815 1852; x_wconf 74' lang='lat' dir='ltr'>(lure</span> <span class='ocrx_word' id='word_1_101' title='bbox 843 1768 1023 1835; x_wconf 87' lang='lat' dir='ltr'>lleinekius</span> <span class='ocrx_word' id='word_1_102' title='bbox 1052 1777 1183 1856; x_wconf 86' lang='lat' dir='ltr'>quater-</span> 
     </span>
     <span class='ocr_line' id='line_1_15' title="bbox 96 1867 1183 1956; baseline 0.006 -26"><span class='ocrx_word' id='word_1_103' title='bbox 96 1888 149 1932; x_wconf 88' lang='lat' dir='ltr'>nos</span> <span class='ocrx_word' id='word_1_104' title='bbox 176 1867 412 1955; x_wconf 82' lang='lat' dir='ltr'>Asclepiadeos</span> <span class='ocrx_word' id='word_1_105' title='bbox 433 1889 497 1936; x_wconf 89' lang='lat' dir='ltr'>una</span> <span class='ocrx_word' id='word_1_106' title='bbox 519 1868 651 1956; x_wconf 90' lang='lat' dir='ltr'>stropha</span> <span class='ocrx_word' id='word_1_107' title='bbox 672 1868 802 1936; x_wconf 86' lang='lat' dir='ltr'>videtur</span> <span class='ocrx_word' id='word_1_108' title='bbox 822 1871 1049 1955; x_wconf 79' lang='lat' dir='ltr'>coniunxisse.)</span> <span class='ocrx_word' id='word_1_109' title='bbox 1093 1868 1183 1937; x_wconf 83' lang='lat' dir='ltr'>Aliae</span> 
     </span>
     <span class='ocr_line' id='line_1_16' title="bbox 97 1970 1184 2060; baseline 0.005 -27"><span class='ocrx_word' id='word_1_110' title='bbox 97 1971 241 2058; x_wconf 77' lang='lat' dir='ltr'>strophae</span> <span class='ocrx_word' id='word_1_111' title='bbox 270 1991 310 2036; x_wconf 86' lang='lat' dir='ltr'>ex</span> <span class='ocrx_word' id='word_1_112' title='bbox 340 1970 458 2038; x_wconf 92' lang='lat' dir='ltr'>eodem</span> <span class='ocrx_word' id='word_1_113' title='bbox 486 1992 621 2038; x_wconf 90' lang='lat' dir='ltr'>numero</span> <span class='ocrx_word' id='word_1_114' title='bbox 646 1992 706 2058; x_wconf 81' lang='lat' dir='ltr'>per</span> <span class='ocrx_word' id='word_1_115' title='bbox 731 1983 868 2060; x_wconf 63' lang='lat' dir='ltr'>systema</span> <span class='ocrx_word' id='word_1_116' title='bbox 896 1973 1081 2040; x_wconf 89' lang='lat' dir='ltr'>continuato</span> <span class='ocrx_word' id='word_1_117' title='bbox 1105 1993 1184 2039; x_wconf 81' lang='lat' dir='ltr'>con·</span> 
     </span>
     <span class='ocr_line' id='line_1_17' title="bbox 11 2073 1184 2164; baseline 0.003 -26"><span class='ocrx_word' id='word_1_118' title='bbox 11 2073 12 2128; x_wconf 70' lang='lat' dir='ltr'>l</span> <span class='ocrx_word' id='word_1_119' title='bbox 95 2081 186 2150; x_wconf 88' lang='lat' dir='ltr'>stant,</span> <span class='ocrx_word' id='word_1_120' title='bbox 219 2074 280 2148; x_wconf 87' lang='lat' dir='ltr'>ita,</span> <span class='ocrx_word' id='word_1_121' title='bbox 315 2084 350 2138; x_wconf 92' lang='lat' dir='ltr'>ut</span> <span class='ocrx_word' id='word_1_122' title='bbox 380 2082 444 2139; x_wconf 88' lang='lat' dir='ltr'>tota</span> <span class='ocrx_word' id='word_1_123' title='bbox 475 2073 607 2162; x_wconf 90' lang='lat' dir='ltr'>stropha</span> <span class='ocrx_word' id='word_1_124' title='bbox 638 2095 738 2140; x_wconf 93' lang='lat' dir='ltr'>unum</span> <span class='ocrx_word' id='word_1_125' title='bbox 768 2074 809 2141; x_wconf 90' lang='lat' dir='ltr'>sit</span> <span class='ocrx_word' id='word_1_126' title='bbox 838 2085 997 2164; x_wconf 81' lang='lat' dir='ltr'>systema,</span> <span class='ocrx_word' id='word_1_127' title='bbox 1036 2073 1125 2161; x_wconf 91' lang='lat' dir='ltr'>quod</span> <span class='ocrx_word' id='word_1_128' title='bbox 1150 2081 1184 2154; x_wconf 70' lang='lat' dir='ltr'>t}</span> 
     </span>
     <span class='ocr_line' id='line_1_18' title="bbox 11 2175 1183 2261; baseline 0 -21"><span class='ocrx_word' id='word_1_129' title='bbox 11 2179 12 2194; x_wconf 64' lang='lat'>¹</span> <span class='ocrx_word' id='word_1_130' title='bbox 95 2180 214 2260; x_wconf 71' lang='lat' dir='ltr'>ipatus</span> <span class='ocrx_word' id='word_1_131' title='bbox 236 2184 355 2241; x_wconf 81' lang='lat' dir='ltr'>vocant</span> <span class='ocrx_word' id='word_1_132' title='bbox 376 2176 509 2242; x_wconf 88' lang='lat' dir='ltr'>metrici.</span> <span class='ocrx_word' id='word_1_133' title='bbox 553 2177 606 2242; x_wconf 86' lang='lat' dir='ltr'>Sic</span> <span class='ocrx_word' id='word_1_134' title='bbox 628 2178 737 2243; x_wconf 91' lang='lat' dir='ltr'>llorat.</span> <span class='ocrx_word' id='word_1_135' title='bbox 760 2177 812 2241; x_wconf 90' lang='lat' dir='ltr'>lll.</span> <span class='ocrx_word' id='word_1_136' title='bbox 837 2175 886 2241; x_wconf 76' lang='lat' dir='ltr'>ta.</span> <span class='ocrx_word' id='word_1_137' title='bbox 930 2176 1020 2242; x_wconf 73' lang='lat' dir='ltr'>Aliae</span> <span class='ocrx_word' id='word_1_138' title='bbox 1039 2175 1183 2261; x_wconf 75' lang='lat' dir='ltr'>strophae</span> 
     </span>
     <span class='ocr_line' id='line_1_19' title="bbox 99 2276 1186 2356; baseline 0.001 -13"><span class='ocrx_word' id='word_1_139' title='bbox 99 2298 134 2343; x_wconf 84' lang='lat' dir='ltr'>en</span> <span class='ocrx_word' id='word_1_140' title='bbox 155 2276 311 2343; x_wconf 86' lang='lat' dir='ltr'>versibus</span> <span class='ocrx_word' id='word_1_141' title='bbox 332 2299 395 2342; x_wconf 84' lang='lat' dir='ltr'>ooo</span> <span class='ocrx_word' id='word_1_142' title='bbox 415 2279 519 2356; x_wconf 78' lang='lat' dir='ltr'>mois,</span> <span class='ocrx_word' id='word_1_143' title='bbox 543 2299 714 2345; x_wconf 91' lang='lat' dir='ltr'>numerum</span> <span class='ocrx_word' id='word_1_144' title='bbox 735 2277 929 2344; x_wconf 83' lang='lat' dir='ltr'>habentibus</span> <span class='ocrx_word' id='word_1_145' title='bbox 948 2277 1102 2352; x_wconf 88' lang='lat' dir='ltr'>eundem,</span> <span class='ocrx_word' id='word_1_146' title='bbox 1126 2277 1186 2344; x_wconf 80' lang='lat' dir='ltr'>sad</span> 
     </span>
     <span class='ocr_line' id='line_1_20' title="bbox 94 2377 1184 2468; baseline 0 -24"><span class='ocrx_word' id='word_1_147' title='bbox 94 2377 311 2468; x_wconf 78' lang='lat' dir='ltr'>magnitudine</span> <span class='ocrx_word' id='word_1_148' title='bbox 333 2379 383 2445; x_wconf 88' lang='lat' dir='ltr'>vel</span> <span class='ocrx_word' id='word_1_149' title='bbox 410 2379 512 2446; x_wconf 80' lang='lat' dir='ltr'>forma</span> <span class='ocrx_word' id='word_1_150' title='bbox 526 2379 664 2447; x_wconf 89' lang='lat' dir='ltr'>diversis</span> <span class='ocrx_word' id='word_1_151' title='bbox 682 2380 817 2458; x_wconf 87' lang='lat' dir='ltr'>fiebant,</span> <span class='ocrx_word' id='word_1_152' title='bbox 841 2391 876 2445; x_wconf 91' lang='lat' dir='ltr'>ut</span> <span class='ocrx_word' id='word_1_153' title='bbox 891 2381 924 2447; x_wconf 91' lang='lat' dir='ltr'>C.</span> <span class='ocrx_word' id='word_1_154' title='bbox 941 2381 989 2445; x_wconf 80' lang='lat' dir='ltr'>tv.</span> <span class='ocrx_word' id='word_1_155' title='bbox 1006 2379 1036 2444; x_wconf 85' lang='grc'>3.</span> <span class='ocrx_word' id='word_1_156' title='bbox 1069 2377 1123 2463; x_wconf 86' lang='lat' dir='ltr'>(ita</span> <span class='ocrx_word' id='word_1_157' title='bbox 1137 2388 1184 2444; x_wconf 86' lang='lat' dir='ltr'>ta-</span> 
     </span>
     <span class='ocr_line' id='line_1_21' title="bbox 95 2479 1183 2568; baseline 0 -22"><span class='ocrx_word' id='word_1_158' title='bbox 95 2502 180 2561; x_wconf 90' lang='lat' dir='ltr'>men,</span> <span class='ocrx_word' id='word_1_159' title='bbox 205 2491 242 2547; x_wconf 87' lang='lat' dir='ltr'>ut</span> <span class='ocrx_word' id='word_1_160' title='bbox 263 2481 442 2549; x_wconf 86' lang='lat' dir='ltr'>lleinekius</span> <span class='ocrx_word' id='word_1_161' title='bbox 457 2482 554 2548; x_wconf 88' lang='lat' dir='ltr'>etiam</span> <span class='ocrx_word' id='word_1_162' title='bbox 575 2481 671 2548; x_wconf 90' lang='lat' dir='ltr'>huius</span> <span class='ocrx_word' id='word_1_163' title='bbox 688 2483 818 2568; x_wconf 84' lang='lat' dir='ltr'>generis</span> <span class='ocrx_word' id='word_1_164' title='bbox 832 2501 986 2547; x_wconf 89' lang='lat' dir='ltr'>versuum</span> <span class='ocrx_word' id='word_1_165' title='bbox 1002 2479 1078 2547; x_wconf 89' lang='lat' dir='ltr'>bina</span> <span class='ocrx_word' id='word_1_166' title='bbox 1093 2481 1183 2568; x_wconf 87' lang='lat' dir='ltr'>paria</span> 
     </span>
     <span class='ocr_line' id='line_1_22' title="bbox 11 2582 1182 2671; baseline 0.001 -24"><span class='ocrx_word' id='word_1_167' title='bbox 11 2617 12 2664; x_wconf 69' lang='lat'>3</span> <span class='ocrx_word' id='word_1_168' title='bbox 95 2586 123 2648; x_wconf 93' lang='lat' dir='ltr'>in</span> <span class='ocrx_word' id='word_1_169' title='bbox 144 2605 245 2650; x_wconf 88' lang='lat' dir='ltr'>unam</span> <span class='ocrx_word' id='word_1_170' title='bbox 267 2583 431 2671; x_wconf 81' lang='lat' dir='ltr'><strong><em>stropham</em></strong></span> <span class='ocrx_word' id='word_1_171' title='bbox 453 2588 664 2670; x_wconf 78' lang='grc' dir='ltr'>τειράστιχον</span> <span class='ocrx_word' id='word_1_172' title='bbox 685 2582 910 2670; x_wconf 83' lang='lat' dir='ltr'>coniungenda</span> <span class='ocrx_word' id='word_1_173' title='bbox 924 2603 998 2649; x_wconf 91' lang='lat' dir='ltr'>esse</span> <span class='ocrx_word' id='word_1_174' title='bbox 1013 2593 1101 2650; x_wconf 87' lang='lat' dir='ltr'>recte</span> <span class='ocrx_word' id='word_1_175' title='bbox 1118 2591 1182 2648; x_wconf 89' lang='lat' dir='ltr'>sta-</span> 
     </span>
     <span class='ocr_line' id='line_1_23' title="bbox 96 2684 1184 2774; baseline 0.001 -24"><span class='ocrx_word' id='word_1_176' title='bbox 96 2687 193 2754; x_wconf 89' lang='lat' dir='ltr'>tuisse</span> <span class='ocrx_word' id='word_1_177' title='bbox 214 2686 385 2772; x_wconf 83' lang='lat' dir='ltr'>videatur.)</span> <span class='ocrx_word' id='word_1_178' title='bbox 429 2687 532 2764; x_wconf 76' lang='lat' dir='ltr'>Aliae,</span> <span class='ocrx_word' id='word_1_179' title='bbox 563 2707 668 2774; x_wconf 90' lang='lat' dir='ltr'>eaque</span> <span class='ocrx_word' id='word_1_180' title='bbox 696 2685 957 2772; x_wconf 77' lang='lat' dir='ltr'>frequentissima</span> <span class='ocrx_word' id='word_1_181' title='bbox 978 2686 1060 2751; x_wconf 88' lang='lat' dir='ltr'>ratio</span> <span class='ocrx_word' id='word_1_182' title='bbox 1084 2684 1184 2751; x_wconf 87' lang='lat' dir='ltr'>luisse</span> 
     </span>
     <span class='ocr_line' id='line_1_24' title="bbox 95 2787 1183 2877; baseline 0.002 -27"><span class='ocrx_word' id='word_1_183' title='bbox 95 2789 231 2866; x_wconf 83' lang='lat' dir='ltr'>ridetur,</span> <span class='ocrx_word' id='word_1_184' title='bbox 257 2809 297 2856; x_wconf 82' lang='lat' dir='ltr'>ex</span> <span class='ocrx_word' id='word_1_185' title='bbox 319 2793 484 2877; x_wconf 84' lang='lat' dir='ltr'>quaternis</span> <span class='ocrx_word' id='word_1_186' title='bbox 506 2789 656 2857; x_wconf 81' lang='lat' dir='ltr'>versibus</span> <span class='ocrx_word' id='word_1_187' title='bbox 676 2787 968 2876; x_wconf 78' lang='lat' dir='ltr'>componebantur,</span> <span class='ocrx_word' id='word_1_188' title='bbox 998 2797 1032 2853; x_wconf 90' lang='lat' dir='ltr'>ut</span> <span class='ocrx_word' id='word_1_189' title='bbox 1052 2787 1183 2874; x_wconf 79' lang='lat' dir='ltr'>strepltu</span> 
     </span>
    </p>
   </div>
   <div class='ocr_carea' id='block_1_4' title="bbox 11 2891 461 2979">
    <p class='ocr_par' dir='ltr' id='par_1_4' title="bbox 11 2891 461 2979">
     <span class='ocr_line' id='line_1_25' title="bbox 11 2891 461 2979; baseline -0.002 -21"><span class='ocrx_word' id='word_1_190' title='bbox 11 2929 12 2958; x_wconf 60' lang='lat' dir='ltr'><strong><em>r</em></strong></span> <span class='ocrx_word' id='word_1_191' title='bbox 96 2891 250 2979; x_wconf 80' lang='lat' dir='ltr'><strong><em>Sopplu&#39;ro</em></strong></span> <span class='ocrx_word' id='word_1_192' title='bbox 273 2901 306 2958; x_wconf 89' lang='lat' dir='ltr'>et</span> <span class='ocrx_word' id='word_1_193' title='bbox 325 2892 461 2959; x_wconf 79' lang='lat' dir='ltr'>Alcaico.</span> 
     </span>
    </p>
   </div>
   <div class='ocr_carea' id='block_1_5' title="bbox 94 3021 1183 3212">
    <p class='ocr_par' dir='ltr' id='par_1_5' title="bbox 94 3021 1183 3212">
     <span class='ocr_line' id='line_1_26' title="bbox 174 3021 1183 3110; baseline 0 -24"><span class='ocrx_word' id='word_1_194' title='bbox 174 3024 197 3086; x_wconf 94' lang='lat' dir='ltr'>l.</span> <span class='ocrx_word' id='word_1_195' title='bbox 243 3021 381 3109; x_wconf 81' lang='lat' dir='ltr'>Stroplto</span> <span class='ocrx_word' id='word_1_196' title='bbox 408 3021 608 3110; x_wconf 68' lang='lat' dir='ltr'>Asclepiadea</span> <span class='ocrx_word' id='word_1_197' title='bbox 635 3021 783 3108; x_wconf 58' lang='lat' dir='ltr'>fipttmo),</span> <span class='ocrx_word' id='word_1_198' title='bbox 808 3024 995 3108; x_wconf 75' lang='grc' dir='ltr'><strong><em>μονόκωλος</em></strong></span> <span class='ocrx_word' id='word_1_199' title='bbox 1020 3023 1183 3106; x_wconf 75' lang='lat' dir='ltr'>tarpeian-</span> 
     </span>
     <span class='ocr_line' id='line_1_27' title="bbox 94 3121 1099 3212; baseline -0.005 -20"><span class='ocrx_word' id='word_1_200' title='bbox 94 3152 161 3204; x_wconf 81' lang='grc' dir='ltr'><strong><em>κος,</em></strong></span> <span class='ocrx_word' id='word_1_201' title='bbox 184 3145 279 3191; x_wconf 72' lang='lat' dir='ltr'>amcos</span> <span class='ocrx_word' id='word_1_202' title='bbox 300 3123 499 3212; x_wconf 76' lang='lat' dir='ltr'>Asclepiadoo</span> <span class='ocrx_word' id='word_1_203' title='bbox 520 3125 638 3190; x_wconf 82' lang='lat' dir='ltr'>minore</span> <span class='ocrx_word' id='word_1_204' title='bbox 662 3127 707 3208; x_wconf 76' lang='lat' dir='ltr'>ln⁰</span> <span class='ocrx_word' id='word_1_205' title='bbox 730 3124 792 3208; x_wconf 76' lang='lat' dir='ltr'>lb.)</span> <span class='ocrx_word' id='word_1_206' title='bbox 815 3133 932 3211; x_wconf 80' lang='lat' dir='ltr'>quater</span> <span class='ocrx_word' id='word_1_207' title='bbox 953 3121 1099 3210; x_wconf 88' lang='lat' dir='ltr'>repetito.</span> 
     </span>
    </p>
   </div>
   <div class='ocr_carea' id='block_1_6' title="bbox 216 3231 819 3587">
    <p class='ocr_par' dir='ltr' id='par_1_6' title="bbox 216 3231 819 3587">
     <span class='ocr_line' id='line_1_28' title="bbox 268 3231 819 3301; baseline 0 -2"><span class='ocrx_word' id='word_1_208' title='bbox 268 3231 819 3301; x_wconf 65' lang='lat' dir='ltr'>LLlLvut-l.tuv-v!</span> 
     </span>
     <span class='ocr_line' id='line_1_29' title="bbox 254 3313 329 3380; baseline 0 0"><span class='ocrx_word' id='word_1_209' title='bbox 254 3316 276 3380; x_wconf 94' lang='lat' dir='ltr'>l.</span> <span class='ocrx_word' id='word_1_210' title='bbox 301 3313 329 3380; x_wconf 90' lang='lat' dir='ltr'>l.</span> 
     </span>
     <span class='ocr_line' id='line_1_30' title="bbox 218 3418 345 3483; baseline -0.008 0"><span class='ocrx_word' id='word_1_211' title='bbox 218 3418 345 3483; x_wconf 89' lang='lat' dir='ltr'>lll.30.</span> 
     </span>
     <span class='ocr_line' id='line_1_31' title="bbox 216 3521 318 3587; baseline -0.01 -2"><span class='ocrx_word' id='word_1_212' title='bbox 216 3521 318 3587; x_wconf 86' lang='lat' dir='ltr'>lv.8.</span> 
     </span>
    </p>
   </div>
   <div class='ocr_carea' id='block_1_7' title="bbox 97 3649 1183 3818">
    <p class='ocr_par' dir='ltr' id='par_1_7' title="bbox 97 3649 1183 3818">
     <span class='ocr_line' id='line_1_32' title="bbox 174 3649 1183 3719; baseline -0.001 -4"><span class='ocrx_word' id='word_1_213' title='bbox 174 3653 221 3718; x_wconf 82' lang='lat' dir='ltr'>lte</span> <span class='ocrx_word' id='word_1_214' title='bbox 246 3650 341 3717; x_wconf 89' lang='lat' dir='ltr'>tertio</span> <span class='ocrx_word' id='word_1_215' title='bbox 365 3650 480 3717; x_wconf 90' lang='lat' dir='ltr'>borum</span> <span class='ocrx_word' id='word_1_216' title='bbox 510 3653 688 3719; x_wconf 81' lang='lat' dir='ltr'>carminum</span> <span class='ocrx_word' id='word_1_217' title='bbox 721 3651 796 3718; x_wconf 89' lang='lat' dir='ltr'>vide</span> <span class='ocrx_word' id='word_1_218' title='bbox 829 3649 1008 3718; x_wconf 81' lang='lat' dir='ltr'>Excursum</span> <span class='ocrx_word' id='word_1_219' title='bbox 1038 3649 1079 3716; x_wconf 88' lang='lat' dir='ltr'>ad</span> <span class='ocrx_word' id='word_1_220' title='bbox 1109 3669 1183 3716; x_wconf 88' lang='lat' dir='ltr'>ver-</span> 
     </span>
     <span class='ocr_line' id='line_1_33' title="bbox 97 3754 237 3818; baseline 0.043 -6"><span class='ocrx_word' id='word_1_221' title='bbox 97 3771 162 3818; x_wconf 87' lang='lat' dir='ltr'>sum</span> <span class='ocrx_word' id='word_1_222' title='bbox 184 3754 237 3818; x_wconf 77' lang='grc'>19.</span> 
     </span>
    </p>
   </div>
   <div class='ocr_carea' id='block_1_8' title="bbox 11 3883 1183 4282">
    <p class='ocr_par' dir='ltr' id='par_1_8' title="bbox 11 3883 1183 4282">
     <span class='ocr_line' id='line_1_34' title="bbox 174 3883 1182 3970; baseline 0.001 -23"><span class='ocrx_word' id='word_1_223' title='bbox 174 3884 211 3948; x_wconf 91' lang='lat' dir='ltr'>ll.</span> <span class='ocrx_word' id='word_1_224' title='bbox 236 3883 372 3969; x_wconf 80' lang='lat' dir='ltr'><strong><em>Stroplro</em></strong></span> <span class='ocrx_word' id='word_1_225' title='bbox 394 3883 594 3970; x_wconf 77' lang='lat' dir='ltr'>Asclepiades</span> <span class='ocrx_word' id='word_1_226' title='bbox 605 3883 711 3969; x_wconf 70' lang='lat' dir='ltr'>primo</span> <span class='ocrx_word' id='word_1_227' title='bbox 725 3883 897 3969; x_wconf 80' lang='lat' dir='ltr'>(secunao),</span> <span class='ocrx_word' id='word_1_228' title='bbox 920 3891 1052 3959; x_wconf 78' lang='grc' dir='ltr'>δικωλος</span> <span class='ocrx_word' id='word_1_229' title='bbox 1072 3884 1182 3968; x_wconf 76' lang='grc' dir='ltr'><em>τετρά-</em></span> 
     </span>
     <span class='ocr_line' id='line_1_35' title="bbox 98 3981 1181 4072; baseline -0.001 -24"><span class='ocrx_word' id='word_1_230' title='bbox 98 4009 216 4065; x_wconf 77' lang='grc' dir='ltr'>στιχος,</span> <span class='ocrx_word' id='word_1_231' title='bbox 252 4005 293 4050; x_wconf 86' lang='lat' dir='ltr'>cx</span> <span class='ocrx_word' id='word_1_232' title='bbox 326 4007 417 4052; x_wconf 83' lang='lat' dir='ltr'><strong><em>uersu</em></strong></span> <span class='ocrx_word' id='word_1_233' title='bbox 451 3985 603 4072; x_wconf 77' lang='lat' dir='ltr'>Glycorteo</span> <span class='ocrx_word' id='word_1_234' title='bbox 635 3988 680 4070; x_wconf 82' lang='lat' dir='ltr'>(n0</span> <span class='ocrx_word' id='word_1_235' title='bbox 704 3985 766 4070; x_wconf 77' lang='lat' dir='ltr'>lb.)</span> <span class='ocrx_word' id='word_1_236' title='bbox 795 3995 829 4052; x_wconf 93' lang='lat' dir='ltr'>et</span> <span class='ocrx_word' id='word_1_237' title='bbox 860 4006 951 4051; x_wconf 82' lang='lat' dir='ltr'><strong><em>uersu</em></strong></span> <span class='ocrx_word' id='word_1_238' title='bbox 983 3981 1181 4070; x_wconf 75' lang='lat' dir='ltr'>Asclepiaden</span> 
     </span>
     <span class='ocr_line' id='line_1_36' title="bbox 11 4085 1183 4177; baseline 0 -25"><span class='ocrx_word' id='word_1_239' title='bbox 11 4115 14 4144; x_wconf 74' lang='grc' dir='ltr'>ι</span> <span class='ocrx_word' id='word_1_240' title='bbox 99 4085 140 4160; x_wconf 59' lang='grc' dir='ltr'>ἷηθ</span> <span class='ocrx_word' id='word_1_241' title='bbox 162 4086 221 4170; x_wconf 77' lang='lat' dir='ltr'>lb.)</span> <span class='ocrx_word' id='word_1_242' title='bbox 246 4086 426 4154; x_wconf 74' lang='lat' dir='ltr'>alternatim</span> <span class='ocrx_word' id='word_1_243' title='bbox 449 4107 485 4154; x_wconf 87' lang='lat' dir='ltr'>se</span> <span class='ocrx_word' id='word_1_244' title='bbox 508 4087 743 4176; x_wconf 85' lang='lat' dir='ltr'>excipientibus</span> <span class='ocrx_word' id='word_1_245' title='bbox 766 4088 959 4177; x_wconf 86' lang='lat' dir='ltr'>composita,</span> <span class='ocrx_word' id='word_1_246' title='bbox 983 4088 1026 4154; x_wconf 88' lang='lat' dir='ltr'>ita</span> <span class='ocrx_word' id='word_1_247' title='bbox 1048 4096 1084 4152; x_wconf 90' lang='lat' dir='ltr'>ut</span> <span class='ocrx_word' id='word_1_248' title='bbox 1105 4085 1183 4153; x_wconf 89' lang='lat' dir='ltr'>bina</span> 
     </span>
     <span class='ocr_line' id='line_1_37' title="bbox 11 4187 693 4282; baseline 0.001 -28"><span class='ocrx_word' id='word_1_249' title='bbox 11 4255 14 4282; x_wconf 49' lang='grc' dir='ltr'>ι</span> <span class='ocrx_word' id='word_1_250' title='bbox 100 4187 183 4270; x_wconf 84' lang='lat' dir='ltr'>paria</span> <span class='ocrx_word' id='word_1_251' title='bbox 203 4209 268 4256; x_wconf 89' lang='lat' dir='ltr'>una</span> <span class='ocrx_word' id='word_1_252' title='bbox 290 4189 422 4278; x_wconf 87' lang='lat' dir='ltr'>stropha</span> <span class='ocrx_word' id='word_1_253' title='bbox 445 4191 693 4278; x_wconf 80' lang='lat' dir='ltr'>coniungantur:</span> 
     </span>
    </p>
   </div>
   <div class='ocr_carea' id='block_1_9' title="bbox 0 0 1472 4884">
    <p class='ocr_par' dir='ltr' id='par_1_9' title="bbox 0 0 1472 4884">
     <span class='ocr_line' id='line_1_38' title="bbox 0 0 1472 4884; baseline 0 2"><span class='ocrx_word' id='word_1_254' title='bbox 0 0 1472 4884; x_wconf 95' lang='lat' dir='ltr'> </span> 
     </span>
    </p>
   </div>
  </div>
 </body>
</html>
