2934 4884
535 345 637 397 LlBEll.
673 347 772 398 clari.
792 347 868 399 xvii.

280 502 386 589 Egens
408 499 569 588 benignae
594 499 744 568 Tantalus
767 522 898 590 semper
923 502 1036 590 dapis,

279 622 378 709 Optat
397 621 610 690 Prometheus
632 620 793 709 obligatus
815 621 898 700 aliti,

278 741 378 830 Optat
403 762 558 830 supremo
581 741 744 810 collocare
769 743 929 833 Sisyphus

280 865 316 929 ln
337 872 446 930 monte
471 883 604 943 saxnm;
627 862 687 930 sed
708 873 817 930 vetant
837 864 929 952 leges
952 866 1046 932 lovis.

281 983 376 1050 Voles
398 983 497 1050 modo
522 982 594 1050 altis
615 983 746 1050 desilire
770 984 926 1062 turribuS,
1198 986 1241 1050 70

280 1105 376 1172 Modo
398 1125 478 1172 ense
498 1115 613 1193 pectus
632 1107 750 1172 Norico
774 1105 958 1183 recludere,

282 1229 480 1312 Frustraque
501 1224 607 1292 vincla
630 1227 748 1314 gutturi
772 1235 884 1294 nectes
907 1236 980 1302 tuo,

281 1345 460 1413 Fastidiose
484 1345 583 1412 tristis
608 1345 815 1433 aegrimonia.

283 1465 442 1534 vectabor
462 1463 608 1532 humeris
631 1476 708 1534 tunc
733 1487 795 1554 ego
818 1467 954 1536 inimicis
977 1487 1099 1556 corice,

190 1647 192 1651 .
282 1589 440 1675 lleaeque
463 1597 549 1654 terra
574 1587 669 1654 cedet
696 1586 895 1654 insolentiae.
1201 1590 1242 1655 75

219 1793 261 1844 67.
279 1791 339 1844 stite
357 1793 392 1851 B,
418 1793 486 1843 Pott.
514 1805 572 1844 sex.
600 1821 628 1830 —-
663 1795 704 1843 76.
726 1795 835 1846 immotas
854 1795 907 1854 BT,
934 1792 1044 1845 Bentleii
1069 1792 1207 1860 plerique,

187 1864 305 1916 Oberlini
321 1866 356 1927 B,
375 1868 502 1930 quattuor
518 1865 643 1917 Pottlerii.
663 1868 703 1929 (ut
718 1880 782 1928 nos,
801 1867 846 1930 bc,
864 1863 916 1931 βξ,
935 1869 1177 1932 Frauequeranus.)

186 2042 219 2092 66
229 2066 245 2079 -
256 2040 297 2092 67.
327 2038 410 2105 infidi]
429 2039 522 2092 catull.
548 2040 595 2103 64,
614 2040 680 2093 346ε
718 2041 811 2094 llelius
827 2043 866 2094 sio
883 2054 964 2106 quam
981 2043 1088 2094 innectas
1104 2043 1185 2096 scribi
1197 2043 1244 2097 de·

148 2117 250 2180 perior·
263 2115 372 2178 Pelopis,
391 2115 453 2179 qnla
475 2117 503 2166 in
514 2129 590 2167 mare
601 2128 682 2181 prae·
717 2117 868 2166 monstrare
894 2118 1003 2166 conatus
1026 2119 1068 2167 est
1089 2115 1240 2180 Bandeius,

153 2190 273 2256 cipitavit
288 2189 423 2253 Myrtilum
440 2190 575 2254 aurigam,
604 2191 680 2241 cuins
717 2191 859 2255 propterea
883 2189 955 2254 quod
977 2191 1052 2241 recta
1078 2190 1182 2243 dicatur
1197 2206 1244 2243 no·

154 2277 208 2330 ope
229 2262 350 2315 aemulos
368 2264 471 2314 vicerat
496 2267 524 2314 et
544 2263 680 2329 Hippoda-
715 2267 782 2314 ctera
797 2263 900 2314 mucida
919 2265 1017 2328 palmi
1051 2264 1124 2329 (Epp.
1148 2267 1178 2326 4,
1198 2266 1240 2327 ta,

153 2340 251 2399 mium,
278 2339 406 2388 Oenomai
423 2338 521 2399 liliam,
543 2339 571 2388 in
587 2339 681 2388 matri·
717 2337 784 2400 34),
823 2350 877 2388 non
909 2339 973 2390 item
1000 2339 1123 2390 lonmtm
1138 2339 1242 2390 macula

154 2413 276 2464 monium
292 2414 445 2476 acceperat.
478 2410 597 2464 Alteram
618 2412 678 2464 lect.
715 2411 822 2475 padari.
858 2412 912 2462 Etsi
937 2411 1000 2463 illud
1033 2413 1143 2474 retinui,
1179 2414 1241 2478 quia

153 2487 245 2550 infidia
265 2485 398 2550 explicant
420 2489 482 2550 «qni
505 2486 620 2537 deornm
636 2500 681 2537 ar·
716 2484 799 2536 altera
816 2484 895 2536 lectio
916 2484 1038 2538 facillime
1062 2501 1094 2538 ex
1112 2488 1243 2552 scriptura

154 2573 221 2611 cana
239 2558 347 2612 consilia
365 2559 527 2624 evolgavit,·
553 2562 584 2610 ut
602 2560 678 2611 ovid.
717 2560 843 2610 continua
861 2572 1063 2612 currumnacrss
1081 2562 1143 2611 oriri
1165 2563 1243 2626 pote·

154 2635 213 2684 Am.
233 2633 262 2694 3,
282 2634 327 2695 li,
346 2634 394 2684 30:
424 2635 541 2685 Proditor
555 2635 583 2683 ia
598 2635 681 2685 madio
716 2635 771 2694 rat,
790 2634 879 2696 gravis
896 2637 987 2684 tamen
999 2635 1143 2686 auctoritas
1155 2632 1241 2685 Codd.

157 2708 276 2758 Toutotm
301 2721 375 2758 amna
398 2709 466 2769 attit3
493 2707 543 2759 sed
559 2711 621 2760 nata
638 2713 681 2760 est
716 2720 840 2758 meorum
863 2708 905 2758 BT
931 2709 958 2758 et
974 2707 1091 2758 Pottierii
1113 2707 1146 2769 3,
1165 2706 1196 2769 4,
1215 2708 1241 2769 8,

157 2794 191 2830 ex
216 2781 466 2832 accommodatione
498 2781 533 2832 ad
562 2795 680 2856 sequens
716 2783 758 2833 33.
777 2784 830 2834 stat
845 2796 895 2848 pro
906 2780 990 2834 altera
1000 2780 1129 2842 lectione,
1148 2782 1242 2846 sicque

154 2867 217 2904 voc.
235 2854 317 2919 (infidi
333 2855 400 2906 Cod.
413 2857 524 2920 Franeq.
542 2871 609 2921 apr.
625 2870 678 2917 m.,
717 2858 839 2908 Lucanus
856 2858 886 2919 2,
904 2857 967 2908 oto:
987 2857 1053 2907 Turio
1067 2856 1165 2920 placata
1181 2868 1241 2906 cae·

155 2941 246 2980 asec.
273 2929 380 2993 infidam
419 2929 538 2994 itemque
562 2932 680 2983 Pottierii
715 2931 750 2979 ais
766 2931 1002 2981 innectereoiuoalo
1012 2931 1096 2992 abis,
1115 2930 1243 2980 citrens-

154 3000 216 3052 let
233 3003 293 3061 43.;
313 3004 408 3065 ceteri,
426 3005 457 3053 ut
472 3005 540 3067 uos.)
560 3033 587 3042 -
610 3005 681 3055 bani-
715 3001 768 3054 lats
786 3004 856 3067 Virg.
875 3004 941 3055 Aen.
961 3005 989 3064 6,
1009 3005 1075 3056 609:
1107 3005 1180 3068 froas
1201 3004 1244 3053 in-

155 3077 339 3141 pane-dapis]
358 3079 512 3142 «copiosae,
536 3079 678 3140 affluentis,
715 3091 786 3128 acco
801 3077 892 3126 cibati.
908 3104 936 3113 —-
957 3077 1084 3142 Vectobor]
1103 3077 1244 3128 «insidebo

155 3164 306 3215 quaecum
324 3165 433 3218 semper
448 3152 612 3215 circumdat,
630 3151 680 3204 sed
716 3150 836 3201 humeris
854 3151 921 3211 tuis,
948 3149 996 3200 libi
1015 3147 1171 3202 insultans.»
1200 3152 1243 3200 Sic

156 3225 280 3276 lrnstra.»
300 3255 329 3263 —
346 3227 471 3291 oblipctaa
487 3227 555 3289 oliti]
578 3227 681 3278 «obno-
716 3223 843 3275 translate
887 3220 1122 3288 καθιππάζεσθαι
1154 3239 1241 3286 τινος.

154 3300 215 3350 xins
232 3298 337 3364 aquilae
353 3301 457 3363 ultrici,
480 3301 557 3351 cuius
573 3315 680 3353 morsus
718 3299 772 3350 Clr.
783 3297 866 3349 Plaut.
878 3301 951 3350 Asin.
963 3300 987 3362 3,
1000 3300 1025 3362 3,
1039 3300 1101 3350 409:
1117 3299 1242 3363 Veberpol

154 3387 172 3423 a
197 3385 227 3424 se
253 3387 347 3425 arcera
372 3388 426 3427 non
450 3377 566 3440 potest.»
600 3377 681 3437 Quasi
715 3375 787 3424 lodie
802 3374 960 3433 ἠομ-840
985 3373 1241 3437 semperstantes

154 3450 241 3499 esset:
260 3450 311 3499 «ita
329 3448 449 3513 alligatus
466 3449 501 3501 ad
519 3451 678 3511 Caucasum,
716 3448 870 3498 subdentem.
901 3450 970 3512 Lege
988 3449 1105 3512 bottiger
1120 3449 1154 3500 lsi.
1167 3448 1239 3498 Scir.

154 3523 184 3571 nt
208 3526 340 3588 perpetuo
363 3524 499 3589 expositus
524 3525 560 3575 sit
575 3522 679 3588 aquilae
716 3525 735 3572 i.
750 3535 776 3586 p.
790 3522 847 3574 373.
862 3549 890 3560 -·
909 3528 980 3573 terro
990 3523 1065 3588 cedet]
1080 3523 1160 3574 «mihi
1176 3523 1243 3573 tarn

154 3596 320 3660 morsibus»,
339 3599 477 3662 accepisse
494 3597 680 3650 videtur-Voss
717 3608 799 3660 mam
811 3597 892 3656 deae;
905 3594 1034 3662 repellam
1043 3597 1181 3648 humum.»
1196 3595 1243 3648 Dis

152 3672 279 3720 vemens:
297 3677 511 3736 aasumensi
527 3673 594 3723 dom
609 3672 681 3722 Ade-
716 3671 859 3735 vestigium
875 3670 1033 3722 iacientibus
1058 3671 1130 3722 terra
1156 3668 1242 3731 cedit,

154 3743 215 3804 ler3
243 3757 339 3795 verum
356 3746 479 3810 obtipatas
494 3748 581 3812 prima
598 3747 679 3809 signi·
716 3746 804 3810 impar
820 3746 963 3797 divinitatis
980 3745 1101 3810 ponderi.
1124 3744 1198 3796 Ouid.
1211 3745 1241 3795 Α.

154 3817 279 3869 ficatione
310 3833 364 3872 non
392 3823 450 3870 est:
489 3834 539 3871 «ex
565 3820 680 3872 adverso
716 3820 861 3880 Α.4,669;
882 3819 1018 3884 (Bacchus)
1037 3819 1244 3871 eam-ne

154 3889 280 3954 ligatos»,
299 3893 348 3944 sed
367 3892 550 3946 «obvolutus».
716 3893 781 3944 silit:
798 3895 913 3956 inposito
930 3894 1001 3944 cased
1012 3893 1167 3957 omcpeai.
1186 3891 1243 3942 iloc

185 3966 295 4017 74-76.
315 3968 570 4033 ctae-Noricam.
590 3969 618 4028 4,
638 3969 678 4031 46,
717 3968 780 4018 dicit
804 3968 867 4019 liet.
894 3968 923 4030 2,
948 3968 1010 4019 786:
1040 3968 1115 4032 Fugit
1139 3971 1163 4017 at
1192 3967 1243 4016 in·

154 4041 179 4090 9.
201 4067 228 4076 -
246 4041 381 4104 recludere]
400 4043 551 4107 «aperire»,
565 4042 678 4104 utVirg.
715 4054 804 4104 pressa
812 4041 925 4092 tellam
932 4042 1041 4105 reppulit
1050 4041 1124 4091 licata
1136 4039 1242 4102 (Miner-

153 4117 219 4165 Aen.
234 4115 280 4177 to,
294 4115 356 4167 tot:
377 4117 438 4167 Turn
454 4115 564 4168 latebras
579 4116 682 4167 caiam
716 4116 769 4178 va).
788 4115 923 4166 Sententia
935 4117 989 4167 est:
1004 4117 1099 4179 utaque
1111 4116 1150 4166 sic
1162 4113 1243 4178 (quod

150 4193 236 4250 poclm
259 4203 379 4242 macram
393 4191 507 4243 rectam
538 4219 565 4228 -
592 4191 680 4255 axla]
716 4203 797 4241 nemo
826 4190 946 4256 proiecto
975 4189 1150 4256 exspectarat)
1179 4200 1242 4252 per-

1029 4284 1044 4317 4
