2934 4884
460 370 518 421 ua.
538 370 579 421 111.
615 371 644 419 C.
663 368 705 420 iu.
1092 367 1156 432 m

89 531 191 592 graviore
216 530 364 580 sententiaa
390 540 421 577 ae
446 528 524 579 metri
550 528 708 579 detrimento
733 527 845 578 deuteri
866 540 920 578 aon
940 529 1045 593 posset,
1072 524 1156 578 iibere

88 609 218 663 fateamur?
247 610 449 676 (Negligeutiam
470 611 579 675 quidam
601 612 786 677 vituperatum
808 612 889 662 etiam
912 612 940 661 iu
955 609 1096 675 virgiliano
1113 610 1156 661 iilo
1251 682 1258 689 .

88 701 141 747 ion.
158 697 185 759 i,
204 697 264 748 iiii:
284 696 333 759 Qui
348 696 409 745 miii
424 696 514 747 addat
530 708 596 746 aum
611 694 651 745 oet
666 708 698 746 eo
712 708 753 745 ore
769 695 849 745 soluat
864 694 1010 745 morsm?

141 782 236 831 Verum
253 780 393 831 audiamus
411 780 491 830 otiam
503 779 643 839 Naeuium,
662 779 825 829 acerrimum
835 780 915 830 buius
925 778 1052 843 strophae
1063 778 1158 829 adver-

89 866 184 915 sarium:
204 865 394 915 «Occasionem
410 861 518 913 ludendi
535 864 564 912 et
579 860 680 927 puan'le
697 861 832 925 ingenium
849 862 993 913 exercendi
1009 864 1066 927 ipse
1077 875 1157 927 proo-

89 948 171 998 buerat
185 948 322 1009 Horatius,
346 948 421 997 ouius
438 946 562 1011 stropha,
586 958 654 1009 quae
675 946 828 1010 praeeedit,
852 958 915 997 eum
930 946 972 997 bis
989 958 1032 996 vv.
1051 945 1158 997 tiniatm

90 1034 189 1081 amomo
212 1034 307 1082 ianitor
331 1031 418 1089 amaa,
446 1028 543 1092 quibus
560 1028 649 1081 verbis
666 1027 750 1079 latere
766 1032 859 1094 posset
880 1029 1034 1081 hebetiores
1051 1028 1155 1091 oculos,

91 1118 138 1178 quis
161 1118 230 1167 assat
253 1116 362 1175 turbor,
389 1114 452 1178 quid
477 1111 620 1178 proclivius
645 1116 703 1165 eret
727 1127 810 1177 quam
834 1113 924 1165 addita
939 1114 1050 1178 stropha
1072 1113 1155 1173 bano,

92 1212 147 1261 quae
162 1196 299 1249 videbatur
316 1210 389 1260 esse,
414 1196 607 1249 obscuritatem
623 1196 729 1260 tollere,
754 1196 866 1248 Cerberi
881 1211 980 1249 nomen
995 1210 1111 1263 ponere,
1129 1200 1158 1249 et

92 1282 203 1333 notissimi
219 1282 333 1333 monstri
349 1281 502 1332 foeditatam
518 1280 662 1333 luminibus
673 1283 784 1346 poeticis
795 1279 963 1332 illustraret»
979 1281 1156 1334 imitationem

91 1370 165 1416 autem
181 1368 291 1415 tractam
308 1368 383 1431 putat
400 1379 433 1415 ex
450 1366 496 1416 Od.
515 1366 544 1427 i,
565 1366 608 1427 43,
628 1364 668 1415 33,
688 1368 715 1415 et
731 1367 761 1425 2,
781 1365 825 1427 ⁴9,
843 1366 883 1415 29.

169 4338 253 4385 iioaar.
271 4352 326 4386 voa.
344 4341 358 4385 1.
390 4352 428 4386 ro.
446 4352 521 4386 aaaron
537 4339 571 4384 ili.
