2934 4884
466 421 525 470 tiu.
546 421 586 470 iii.
623 423 651 470 C.
671 421 758 470 XXIV.

187 577 327 641 Haerere
351 574 509 661 ingenuus
532 597 615 662 puer

225 696 406 783 venarique
429 697 532 770 timet,
557 696 670 763 ludere
694 698 833 772 doctior,

184 855 249 918 Seu
272 853 396 920 Graeco
419 854 531 921 iubeas
554 857 665 922 trocho

226 979 290 1044 Seu
314 975 405 1043 malis
427 979 525 1045 vetita
547 976 672 1064 iegibus
696 977 781 1053 4404,

185 1099 264 1164 Cum
285 1099 418 1184 periura
440 1099 541 1185 patris
563 1097 645 1164 fides

224 1220 412 1286 Consortem
434 1219 558 1286 socium
580 1218 665 1284 441444
687 1229 718 1284 44
741 1220 900 1306 hospitem

184 1377 383 1464 indignoque
405 1377 575 1463 pecuniam

223 1497 342 1564 Heredi
364 1507 526 1584 properet.
572 1497 701 1564 Scilicet
724 1497 891 1586 improbae

163 1669 202 1716 49.
225 1668 319 1730 peinrc
339 1667 367 1715 T.
388 1692 415 1702 -
435 1665 475 1716 60.
496 1667 638 1716 0004044404
658 1672 681 1716 44
700 1669 794 1718 socium
818 1667 935 1718 malebat
952 1669 1094 1720 4440414404,
1122 1700 1149 1706 -

133 1743 232 1804 hospites
243 1741 270 1803 Τ,
290 1753 385 1792 ornnes
396 1739 527 1801 Blandin.‚
540 1739 589 1806 βγι
601 1753 679 1790 «cum
690 1739 780 1791 multis
792 1742 875 1792 aliis.»
889 1744 997 1807 Recepit
1007 1744 1150 1796 Bentleius.

103 1897 162 1950 sent,
181 1893 247 1953 qnod
263 1891 367 1941 4044444
383 1893 409 1940 s'n
426 1905 454 1940 eo
471 1903 547 1940 senec
559 1903 621 1952 pos·
658 1902 711 1953 que
738 1889 838 1941 iraudis
860 1904 959 1953 genere
976 1895 1085 1942 utantur
1103 1895 1183 1944 etiam

102 1970 145 2026 nt,
162 1967 287 2015 0444444044
298 1966 443 2015 solebamus.
469 1965 543 2015 Ovid.
557 1967 618 2014 Met.
657 1964 788 2015 adversus
799 1966 922 2029 proprios
934 1968 1049 2015 socios.»
1073 1995 1099 2002 -
1122 1981 1185 2028 per-

102 2038 129 2099 i,
154 2040 200 2090 tt:
227 2041 315 2102 pondo
340 2055 390 2089 non
414 2039 513 2102 fortiter
537 2039 622 2088 404444
656 2039 717 2088 44440
731 2039 804 2102 tides]
835 2039 1057 2101 «postumiane,
1088 2041 1184 2091 crebro

101 2115 177 2164 nnn.
197 2114 251 2164 Cir.
265 2113 449 2177 Diiienburger
459 2127 486 2179 p.
500 2113 541 2163 33,
657 2113 775 2177 periurio
786 2110 911 2171 violata»,
929 2114 959 2160 ut
970 2111 1018 2161 0d.
1033 2113 1063 2173 4,
1078 2114 1122 2174 48,
1136 2115 1181 2164 re:

129 2189 168 2238 57,
194 2189 235 2238 48.
266 2189 473 2255 Sen--trccttoJ
504 2188 620 2238 «Contra
657 2186 799 2247 4440004004
822 2187 883 2249 fides
907 2186 1025 2249 prodigo.
1069 2187 1183 2249 [Dictum

100 2264 193 2327 optime
211 2265 335 2313 versatus
358 2263 441 2313 estin
459 2265 560 2312 Graeco
577 2261 620 2311 4110
658 2263 699 2311 444
715 2263 807 2311 autem
824 2255 899 2309 κατὰ
916 2257 1078 2331 πρόληψιν·
1102 2275 1184 2312 «cum

100 2337 179 2387 trochi
195 2335 287 2386 ludo.»
323 2338 445 2406 Trochus,
463 2337 620 2386 4044444444
657 2335 725 2386 tides
742 2337 817 2399 prius
835 2336 939 2386 sincera
961 2336 1068 2400 periura
1089 2338 1183 2400 postea

99 2411 157 2462 cum
181 2411 268 2462 anulis
294 2411 499 2477 crepitantibus,
539 2423 620 2474 quam
657 2410 822 2473 foeterent»)

99 2487 169 2536 radio
195 2499 218 2536 s.
245 2488 319 2549 uirga
345 2487 431 2536 terrea
453 2486 621 2548 circumage·
690 2485 730 2535 64),
763 2486 905 2536 consortem
928 2485 1034 2548 socian
1069 2484 1097 2534 id
1126 2487 1181 2546 est,

100 2561 166 2610 bant.
204 2560 314 2611 Martini.
335 2559 379 2622 tt,
401 2561 465 2610 tes:
495 2560 622 2610 canum
658 2560 753 2610 «sortis
765 2561 881 2621 socium,
898 2559 1184 2609 mammonam

98 2636 121 2684 in
145 2635 207 2684 4440
232 2648 279 2683 cur
301 2635 393 2686 00444444
415 2635 474 2684 orbe
488 2633 621 2698 vagetur?
656 2635 861 2698 innpscops'tcts.»
895 2632 964 2683 sithi
988 2645 1054 2684 sane
1081 2645 1182 2683 consors

98 2709 169 2758 Cedet
184 2710 323 2771 ntarpntts
340 2709 413 2758 obvio
429 2707 504 2758 turba
520 2709 618 2759 4400444.
658 2708 827 2771 distinguitur
843 2721 860 2757 4
876 2709 950 2757 socio.
981 2707 1035 2758 Cic.
1054 2708 1127 2757 Brut.
1150 2707 1179 2756 t:

99 2810 122 2817 -
144 2783 243 2832 Graeco
268 2784 359 2833 autern
385 2783 559 2846 contemptim
585 2782 619 2832 de
657 2784 752 2832 4044404
772 2788 796 2832 et
811 2788 949 2833 consortem
965 2782 1068 2846 plorimi
1089 2781 1183 2832 4040444

96 2869 167 2906 04040
186 2857 336 2921 peregrino.
367 2855 621 2927 Κρικηλασιαννο-
657 2857 801 2906 amisermn.
837 2857 890 2907 Sed
914 2857 965 2907 4444
989 2856 1016 2906 h.
1039 2854 1056 2905 Ι.
1082 2868 1182 2918 genera

95 2930 191 2979 cabant
200 2931 302 2991 Graeci,
317 2931 393 2981 euius
405 2931 548 2994 imaginem
557 2930 618 2979 vide
657 2933 789 2991 statuere,
807 2937 959 2992 consortem,
971 2931 1132 2995 participem
1143 2933 1182 2980 to-

95 3005 118 3053 40
131 3003 290 3054 Winekelm.
304 3006 373 3054 dien.
391 3005 455 3054 444444.
476 3003 500 3054 i.
518 3017 545 3068 p.
559 3005 616 3053 ati.
657 3006 708 3055 tius
731 3006 883 3068 patrimonii
902 3019 955 3054 non
976 3006 1045 3055 iuter
1064 3003 1181 3068 singulos

95 3079 212 3142 iuppiter
232 3081 260 3128 et
276 3079 447 3142 Ganymedes
465 3079 558 3128 trocho
576 3076 618 3127 10-
657 3078 724 3128 tilios
742 3077 840 3128 aliosve
853 3078 1003 3128 coheredes
1022 3079 1112 3139 divisi,
1132 3079 1182 3128 sed

95 3151 188 3202 dentes
214 3152 242 3200 in
267 3153 352 3202 Mense
370 3151 475 3216 Gregor.
503 3153 531 3202 T.
551 3152 615 3201 iiiv.
656 3154 682 3202 in
714 3164 858 3201 commune
889 3151 1063 3201 administrati
1101 3152 1180 3214 (unde

96 3226 391 3290 -oetttatepitmateaJ
409 3227 539 3277 Licinium
550 3227 620 3277 Den·
655 3237 757 3276 contcrs
787 3225 868 3274 etiam
892 3237 942 3289 pro
967 3224 1047 3273 tratre
1073 3226 1181 3288 ponitur

94 3299 200 3350 ticulum
226 3298 299 3363 lege,
331 3315 399 3364 quae
427 3303 467 3351 est
489 3301 522 3350 de
541 3300 616 3363 alea,
655 3299 712 3350 Tib.
742 3299 771 3357 4,
801 3301 831 3359 t,
860 3297 908 3348 ui:
945 3299 1048 3347 4404440
1073 3300 1182 3347 coruunt

92 3376 303 3426 condemnatum
326 3380 458 3427 memorat
481 3377 535 3426 Cic.
556 3378 619 3427 Phi·
656 3371 775 3438 (Romuli)
793 3387 843 3421 non
859 3371 997 3421 habitanda
1012 3372 1119 3435 444440),
1137 3385 1180 3421 40-

92 3449 152 3516 lipp.
166 3452 198 3509 4,
213 3451 255 3510 43,
274 3451 313 3500 56.
333 3451 407 3500 Ovid.
421 3452 498 3500 Trist.
511 3452 539 3512 4,
553 3450 616 3502 itt:
654 3450 721 3498 044404
744 3448 770 3497 40
791 3446 976 3509 negotiationis
994 3445 1132 3496 dumtaxat
1153 3450 1181 3497 et

91 3527 154 3574 Sunt
175 3524 235 3573 cts'is
250 3525 375 3586 scriptae,
400 3525 488 3586 quibos
504 3525 561 3574 0440
578 3525 618 3574 tu—
653 3523 729 3573 10040
747 3524 775 3572 44
791 3522 906 3579 damno,
925 3520 1034 3570 tertium
1049 3521 1176 3582 4404044444,

91 3601 172 3660 duur,
187 3603 270 3647 artes:
286 3599 353 3648 Haeo
364 3603 400 3648 est
416 3600 450 3648 04
460 3603 618 3648 nostrosnon
654 3599 742 3648 minus
759 3597 893 3662 poeticum
910 3596 1024 3645 videtur.

89 3674 140 3723 leve
162 3673 259 3722 crimen
278 3685 347 3722 0004.
382 3671 412 3721 V.
432 3673 529 3722 0440404
550 3673 618 3723 40444
686 3672 779 3722 6464.
789 3670 1048 3735 4044040004]οφ044
1057 3667 1176 3719 aleatori.

90 3749 208 3798 maxima
226 3750 284 3797 erat
294 3745 447 3811 opprobria.
473 3748 527 3798 Cic.
542 3745 614 3798 Catil.
655 3774 683 3783 -
693 3746 986 3810 pamniam-properet]
1001 3757 1098 3810 »quam
1110 3744 1179 3794 citis·

89 3825 117 3882 4,
140 3822 194 3883 40,
220 3820 265 3870 434
295 3821 325 3870 In
345 3821 383 3870 itis
402 3821 519 3884 prepibns
535 3833 618 3870 onmes
653 3821 720 3872 sime
730 3823 863 3884 corrodat,
874 3820 1180 3880 coacervetis-impro-

90 3897 228 3956 044040444,
247 3896 461 3958 onmesodntteri,
478 3896 617 3946 044044404-
653 3897 706 3962 bne]
725 3899 838 3948 «nimiae
856 3898 936 3960 atque
949 3895 1037 3946 studio
1054 3893 1176 3955 ineprobo,

85 3971 149 4032 pori
166 3971 335 4032 inmodiciqnc
350 3977 492 4020 uersentur.
653 3971 794 4022 insatiabili
806 3970 1003 4028 etevidissimo,
1017 3970 1108 4032 partae
1121 3980 1178 4018 cre·

120 4045 163 4094 59.
195 4044 257 4094 Cnnr
270 4044 388 4108 0444040]
419 4047 495 4095 «Nec
517 4045 615 4095 mirum
653 4047 777 4097 scantin
801 4046 993 4101 immensum»;
1022 4041 1177 4104 neutiquam

88 4131 153 4170 cum
179 4121 269 4181 patres
295 4120 344 4182 ipsi
369 4118 502 4169 bonarum
519 4120 616 4170 artium
651 4133 730 4170 vero:
752 4117 869 4169 «sceiere
888 4117 1025 4180 quaesitae
1042 4116 1124 4178 atque
1142 4116 1176 4165 ad

87 4195 216 4256 expertes
237 4195 405 4243 mercaturae
426 4195 503 4244 unice
520 4198 618 4245 vacent
652 4193 740 4245 scelus
757 4194 954 4255 instigaturae.»
973 4189 1046 4240 Conf.
1061 4201 1130 4253 qnae
1142 4190 1176 4239 de

87 4272 116 4318 et
135 4269 264 4331 quaestus
285 4281 367 4319 causa
388 4269 510 4333 peterent
533 4269 617 4319 onmi-
651 4269 703 4318 hoc
713 4267 956 4317 udiadnotavimus
965 4264 998 4314 ad
1008 4263 1055 4315 0<L
1066 4264 1090 4324 3,
1102 4264 1174 4324 4444.

178 4358 270 4403 440044.
287 4371 341 4403 vot.
358 4360 375 4403 4.
407 4373 444 4404 ru.
462 4371 539 4406 444404
557 4359 591 4404 iii.
950 4359 973 4401 34
