2934 4884
466 367 525 416 un.
546 367 575 416 u.
611 366 747 418 crvur.
1119 369 1182 434 347

262 522 392 587 Herum.
438 519 524 600 Quid
546 477 626 586 ultre
653 520 785 587 tendis?
806 524 919 610 Aequa
941 523 1035 590 tellus

222 677 358 764 Pauperi
382 675 562 742 recluditur

264 800 453 885 [legumque
474 797 602 884 pueriS,
626 817 687 864 neo
711 797 841 864 satelles
863 799 941 866 Orci

222 917 380 986 Callidum
402 919 595 984 Promethea

263 1039 396 1106 iteverit
417 1059 497 1104 auro
520 1047 643 1126 eaptue
689 1039 749 1106 llio
770 1039 948 1127 superbum

153 1227 194 1276 32.
213 1227 294 1276 Enim
310 1226 359 1275 BT.
379 1253 407 1262 -
425 1225 468 1275 36.
487 1225 603 1275 Rurinrit
620 1227 653 1276 So
671 1230 699 1276 et
715 1240 757 1290 pr.
769 1225 798 1287 b,
815 1227 1079 1294 lteeiaeiteuperecr.
1097 1231 1146 1282 tte-

120 1303 189 1350 eere't
205 1301 232 1351 d.
252 1303 292 1364 [Ut
309 1313 372 1360 nos,
390 1301 431 1350 BT
448 1301 476 1350 et
492 1313 562 1350 corr.
581 1300 619 1362 b.)

86 1467 136 1526 flue
161 1467 220 1516 oret
251 1468 363 1529 rapacis.
412 1468 509 1518 Relicto
535 1467 614 1530 igitur
650 1467 720 1529 regie
738 1465 808 1517 tilius
823 1468 880 1518 aive
897 1471 993 1532 potene
1007 1469 1178 1534 sepeliendus

88 1543 207 1590 ceteras:
229 1541 252 1602 t)
270 1541 347 1590 Nutto
358 1541 515 1591 antemonet
526 1542 614 1592 lenem
651 1554 680 1590 es
706 1540 810 1604 aequati
835 1543 924 1592 terrae
955 1557 1082 1596 meneura
1112 1557 1176 1596 oum

88 1616 187 1664 αίυὶιααι
210 1615 306 1663 certior
328 1615 378 1676 fine
402 1616 526 1664 destinata
551 1614 614 1678 (ate
650 1627 787 1678 paupere»
807 1616 863 1679 (etr.
882 1617 917 1666 ad
934 1618 982 1667 0d.
1000 1620 1030 1679 2,
1051 1619 1175 1682 tt‚et.t;

88 1691 142 1737 dns
169 1689 288 1737 vertier
315 1688 488 1738 bestimmte
514 1689 613 1753 enee)
651 1699 703 1750 qua
720 1689 910 1751 significatione
930 1691 1083 1756 usurpando
1101 1697 1178 1744 eraut

89 1763 146 1811 Orci
160 1763 274 1824 rnpocie.
301 1762 328 1823 ἱ)
344 1763 422 1812 Natta
438 1764 530 1813 certior
548 1764 614 1826 (cer-
650 1775 693 1810 vv.
720 1764 770 1825 teet
793 1768 879 1826 terra,
913 1768 1059 1816 mntmdem
1091 1774 1177 1817 terroe

89 1837 615 1898 tiusldeatimteoulomonetlemmdivi-
649 1834 747 1884 Mbere.
783 1837 830 1886 Eet
850 1839 987 1889 Menandri
1011 1838 1074 1890 illud
1096 1843 1174 1892 lleiu.

89 1909 538 1974 temptiwtquamliuislortiropecir.
548 1913 616 1961 ueti-
651 1921 708 1972 peg.
725 1911 789 1959 tte:
808 1908 916 1960 Κοινόν
932 1909 985 1962 τὸν
1001 1907 1075 1981 ᾅδην
1085 1909 1177 1975 ἔσχον

89 1986 178 2035 cienda
190 1986 274 2035 etiem
285 1983 395 2034 Bentleii
412 1987 611 2049 interpretatio:
651 1983 682 2032 oi
697 1980 802 2046 πάντας
817 1983 929 2054 βροτοί.

89 2061 170 2108 mute
186 2059 296 2118 certior,
315 2058 367 2108 hoc
385 2061 434 2118 est,
452 2073 502 2109 non
521 2061 614 2110 emtor
683 2057 724 2109 tt.
743 2060 841 2108 saeuo
852 2059 918 2122 ere]
937 2059 1053 2119 Charon,
1066 2064 1177 2125 propter

88 2133 154 2192 (ride
175 2133 300 2182 Servium
323 2131 357 2182 od
379 2135 472 2195 Georg.
497 2133 526 2194 l,
547 2134 612 2196 tet.)
650 2145 676 2181 v.
690 2132 731 2181 36.
751 2133 865 2192 fleverit,
885 2145 938 2182 uon
950 2134 1037 2194 tlors,
1056 2137 1086 2182 ut
1101 2133 1177 2184 vole·

88 2208 147 2256 oute
172 2211 262 2256 manet
290 2207 390 2256 utrium
418 2207 505 2256 terum
531 2221 614 2270 quam
650 2205 697 2256 bat
714 2207 856 2269 Cruqutue.
896 2205 1021 2257 Similiter
1046 2209 1177 2260 Leonidas

88 2293 233 2344 pauperem
242 2277 393 2329 clientem.»
412 2281 530 2331 Primum
542 2283 613 2332 enim
650 2281 676 2330 in
694 2278 799 2329 Anthoi.
818 2277 871 2330 Pal.
885 2281 905 2329 1.
923 2293 984 2343 pag.
998 2281 1063 2330 325:
1079 2275 1175 2331 ’Ataeo

88 2356 175 2405 Latine
211 2357 394 2418 opponeretur
432 2353 520 2405 clienti
560 2369 613 2406 non
650 2353 760 2425 λυπηρὲ
776 2350 908 2418 trinorc,
926 2351 1001 2405 τοῦτ’
1011 2349 1175 2425 Ἀχέροντος

86 2429 173 2490 leue,
193 2428 244 2479 aed
258 2433 401 2490 petronam
428 2429 525 2478 deiude
542 2427 612 2479 nulla
644 2421 731 2499 ’Ῥδωρ
749 2423 783 2491 ὃς
800 2425 904 2491 κλαίεις
915 2427 1052 2499 πορθμίδι
1066 2431 1175 2501 κυανέῃ

88 2505 193 2553 omnino
221 2503 265 2552 tric
291 2504 333 2552 est
357 2504 521 2567 comparatio
544 2504 613 2553 inter
649 2501 708 2552 καλ.
737 2503 885 2565 (Charoutie
903 2504 991 2566 imago
1008 2506 1050 2554 eet
1066 2506 1092 2553 iu
1112 2506 1176 2554 Ger·

87 2581 228 2640 patronum
253 2580 282 2626 et
307 2575 443 2637 clientem,
470 2577 520 2628 sed
544 2579 614 2628 iuter
649 2577 717 2627 hard
734 2578 788 2640 Ges.
804 2591 832 2626 α.
853 2577 976 2626 Tmoli-rel.
996 2579 1025 2627 T.
1044 2577 1084 2639 ll.)

87 2653 170 2701 eutem
207 2649 407 2714 (qualecunque
449 2651 611 2702 domicilium
682 2649 1174 2714 35.CotttdienPrometlieo]lloantiov‚

88 2726 204 2790 amplum
233 2727 262 2776 et
289 2725 459 2788 magnificum
487 2739 502 2775 a
532 2725 611 2775 divite
649 2721 874 2790 ποικιλομήτην,
892 2718 1099 2791 ἀγκυλομήτην
1112 2738 1175 2776 eum

88 2799 265 2861 exstructum)
291 2801 319 2848 et
338 2798 424 2848 aulam
448 2798 518 2850 illem
539 2801 613 2850 tene·
648 2802 746 2848 vocent
763 2801 863 2849 Graeci.
900 2799 953 2850 Ctr.
971 2800 1069 2850 Aesch.
1082 2801 1172 2849 Prom.
1254 2837 1260 2844 .

87 2873 220 2924 bricosam
249 2873 328 2932 Orci,
366 2873 392 2922 in
421 2885 503 2936 quam
531 2873 611 2923 etiam
649 2873 705 2923 ³08.
722 2874 799 2922 -De
810 2875 970 2923 Prometheo
983 2873 1010 2922 iu
1021 2875 1120 2924 Orcum
1128 2873 1176 2922 de-

87 2947 158 2998 dives
169 2947 282 2997 tandem
298 2947 422 2997 deveniat
435 2959 548 2998 necesse
561 2950 610 2997 est.
648 2949 723 2997 truso
739 2947 786 2996 etr.
799 2945 847 2996 Od.
861 2948 892 3007 Ξ,
911 2947 956 3008 43,
975 2946 1016 2997 37.
1035 2947 1082 2997 ilie
1094 2949 1173 3011 poeta

88 3023 208 3085 Denique
220 3021 329 3081 nemini,
343 3023 373 3070 ut
382 3021 489 3084 opinor,
503 3035 612 3084 magno-
649 3025 778 3072 Graeeam
792 3020 909 3084 aliquem
927 3021 1056 3082 sabinam,
1076 3036 1108 3072 ex
1120 3035 1173 3086 qua

86 3107 148 3157 pere
164 3093 286 3158 placebit
308 3095 439 3145 distinctio
457 3109 472 3144 a
490 3095 611 3145 Doeder-
649 3095 824 3144 Prometheus
860 3107 925 3144 euro
959 3093 1048 3145 oblato
1077 3095 1172 3146 truetra

87 3166 162 3218 leiuio
188 3170 221 3218 ll.
240 3168 345 3218 Serere.
371 3181 398 3232 p.
423 3167 480 3220 Μ.
509 3170 612 3232 excogi-
649 3167 791 3230 aliquando
809 3180 824 3216 a
841 3167 974 3217 Charonte
991 3168 1111 3230 petierit,
1143 3171 1174 3217 ut

88 3245 154 3291 tata:
183 3242 265 3292 Nullo
288 3242 381 3292 certior
404 3247 488 3292 umen
505 3244 613 3305 napaeis
649 3244 737 3307 ipsum
753 3240 789 3290 ad
805 3252 917 3303 superos
929 3241 1079 3300 reveheret,
1097 3241 1174 3290 vide-

88 3316 142 3366 θνα·
164 3319 224 3380 fine.
266 3317 398 3366 Datiano
420 3316 487 3367 Aeto
511 3319 612 3366 divitem
648 3320 692 3366 tur
716 3315 876 3378 respexisse.
906 3339 934 3348 -
963 3313 1079 3375 terent]
1108 3314 1173 3364 Tres

87 3395 166 3440 meet
187 3391 303 3448 Heriem
335 3391 395 3452 quid
419 3391 489 3440 etna
512 3389 612 3440 mete?
648 3389 783 3440 vanderb.
797 3387 882 3438 codd.
895 3389 1005 3450 tresque
1023 3387 1076 3437 mei
1091 3388 1175 3436 revie-

87 3465 244 3526 praesertim
262 3467 425 3528 cumprime
447 3467 609 3516 enuntiatio:
647 3465 703 3524 me,
722 3461 796 3526 quod
813 3463 922 3512 secutus
940 3463 982 3510 eet
997 3461 1074 3510 vose.
1120 3460 1174 3511 Sed

87 3540 238 3603 Natta-flue
268 3540 347 3590 nimis
374 3539 408 3589 eit
437 3539 550 3603 abrupte
585 3541 612 3588 et
648 3537 720 3602 apud
736 3534 873 3598 Virgilium
894 3537 921 3584 et
937 3535 1104 3597 Propertium
1122 3534 1173 3585 hoc

88 3613 201 3664 ambitus
222 3614 302 3663 unius
319 3614 467 3664 sententiae
486 3626 518 3662 ex
535 3611 611 3662 solita
648 3627 673 3662 v.
693 3610 824 3673 significat
841 3610 934 3658 narcte
952 3607 1070 3671 ligoree;
1099 3607 1174 3660 «eol-

88 3689 186 3737 ratione
205 3685 310 3750 amplus
327 3699 359 3737 ae
376 3685 470 3751 plenus
482 3687 610 3736 divisione
648 3698 735 3736 vere»
763 3683 875 3734 demum
901 3683 973 3747 apud
999 3681 1174 3734 Columellam

89 3758 127 3809 illa
151 3762 178 3810 tn
209 3759 277 3810 duee
307 3760 478 3811 sententiolae
511 3758 611 3810 similes
649 3763 677 3820 4,
696 3759 724 3819 8,
745 3759 785 3807 46.

90 3835 163 3886 nimie
180 3835 347 3884 extenuetur.
681 3833 721 3882 36.
749 3846 815 3882 oraro
831 3832 927 3896 ceptae]
946 3832 1079 3896 Cinitpp.
1100 3832 1171 3891 Μ,

119 3909 158 3958 33.
186 3907 337 3972 recluditur]
360 3905 476 3967 «Tellus,
496 3907 610 3971 quaein
649 3907 710 3956 ⁴78:
737 3906 921 3956 orere-mon
941 3905 1076 3955 mauro
1096 3917 1171 3952 nero.

91 3994 180 4032 omues
192 3981 289 4031 iisdem
299 3979 403 4043 legibue
414 3982 509 4042 utitur,
525 3981 611 4044 aperit
650 4007 678 4018 -·
707 3979 765 4043 Hic]
795 3981 935 4038 «Orcus»,
964 3991 1018 4028 non
1048 3973 1173 4026 «eatelee

91 4067 118 4104 ee
134 4054 168 4104 ad
190 4053 358 4118 recipiendas
381 4054 408 4104 in
425 4054 523 4104 Orcum
541 4066 613 4104 mor·
648 4053 860 4114 onomaton,
869 4051 905 4101 ed
913 4064 996 4115 quem
1005 4048 1090 4100 ultiuti
1099 4053 1173 4101 certe

92 4131 194 4179 tuorum
210 4128 347 4180 umbras.»
389 4129 550 4190 Neutiquam
568 4139 612 4176 ex·
647 4139 743 4178 versus
764 4124 834 4176 nullo
854 4127 933 4189 paeto
950 4124 1044 4174 reterri
1061 4126 1171 4185 queunt.

91 4201 239 4264 plicandum
256 4215 319 4254 cum
337 4200 423 4252 Schol.
438 4203 539 4264 crum:
558 4201 612 4250 «Tu
648 4201 715 4250 Nam
736 4198 787 4249 elio
810 4213 854 4250 res
873 4201 927 4258 eet,
946 4199 969 4249 ei
985 4198 1076 4261 Eur-ip.
1094 4195 1174 4248 Alce-
