2934 4884
665 353 794 403 iioaaTii
812 353 981 406 CililleUll

496 512 538 574 Te
561 528 674 575 rursus
696 507 729 572 in
752 506 873 575 bellum
894 508 1069 575 resorbens

535 627 626 697 Unda
647 628 736 694 iretis
758 628 828 695 tulit
848 629 1018 697 aestuosis,

453 788 538 873 Ergo
561 785 733 873 obligatam
755 785 856 851 redde
879 786 945 851 lovi
968 785 1084 872 dapem

453 908 628 993 Longaque
649 907 771 972 sessum
793 905 904 972 militia
925 904 1008 971 latus

493 1029 628 1115 Depone
650 1026 712 1093 sub
734 1026 828 1093 lauru
851 1046 924 1091 mea
947 1046 1007 1093 nec

537 1149 638 1213 Parce
660 1146 750 1213 cadis
774 1146 829 1212 tibi
852 1145 1028 1213 destinatis.
1329 1150 1374 1213 20

350 1350 390 1399 ta.
409 1346 519 1400 Ultimus
536 1346 615 1396 huius
632 1356 715 1394 carm.
735 1358 759 1392 v.
779 1344 806 1392 in
824 1344 851 1393 B.

284 1526 410 1575 abactam
428 1522 571 1586 significan
592 1519 808 1582 necquidquam
845 1520 915 1581 visu,
934 1518 1066 1582 obligatus
1085 1520 1144 1571 ideo
1162 1522 1195 1571 ad
1213 1525 1306 1573 votum
1317 1524 1373 1573 hoc

284 1600 354 1648 inest
380 1598 488 1654 comici,
522 1598 553 1645 ut
584 1605 671 1657 nuper
698 1593 809 1655 quidam
844 1594 1009 1653 reddendam,
1028 1594 1199 1655 solvendum,
1222 1595 1304 1645 veluti
1321 1597 1374 1646 de-

284 1672 408 1736 opinatus
430 1672 481 1719 est.
516 1670 597 1719 Recta
618 1670 740 1718 ceterum
759 1666 810 1716 erit
845 1667 958 1717 bitum.»
976 1668 1374 1733 ct.1²r0pert.a,ta‚ta:rea-

284 1739 431 1805 ἀντίθεσις
466 1743 497 1791 Tc
523 1742 661 1791 fortiorem
694 1742 746 1791 cet.
778 1766 807 1776 -
845 1744 903 1792 dare
916 1744 980 1803 pina
1001 1744 1115 1804 Corano,
1143 1753 1206 1793 cum
1225 1743 1375 1794 llertzber-

175 1832 181 1844 ‘
284 1820 348 1868 Post
363 1815 469 1868 cladem
486 1814 557 1865 illam
575 1815 713 1872 Horatius,
738 1814 809 1864 bles-
845 1817 879 1878 gii
906 1817 1009 1865 Corum.
1044 1844 1071 1852 -
1100 1816 1198 1879 dupern]
1225 1816 1259 1867 de
1285 1816 1374 1881 epulis

285 1891 357 1941 salae
382 1891 500 1950 Corvini,
529 1886 614 1939 Bibuli
641 1886 808 1949 aliorumque
846 1902 905 1939 rem
922 1889 1039 1941 divinam
1052 1890 1254 1955 excipientibus.
1282 1892 1374 1941 Livius

284 1964 438 2029 exemplum
454 1966 581 2023 imitatus,
600 1963 627 2012 in
644 1960 747 2011 ltaliam
763 1974 809 2011 re·
845 1963 1013 2014 Andronicus
1030 1966 1056 2015 in
1074 1966 1161 2028 primo
1178 1963 1282 2016 Ulixeae
1298 1964 1375 2029 apud

285 2040 340 2090 dilt.
358 2038 421 2089 Aliis
439 2036 614 2087 avictoribus
625 2037 745 2099 ignotum
757 2038 807 2095 esc
845 2038 927 2087 Prisc.
946 2039 975 2097 7,
994 2038 1024 2099 8,
1043 2038 1084 2089 tt.
1102 2051 1130 2101 p.
1145 2038 1205 2088 3l8:
1226 2040 1295 2099 Quae
1311 2040 1375 2089 baec

284 2113 327 2164 alii
345 2115 433 2163 semet
448 2113 498 2176 ipsi
513 2111 685 2170 interlacere;
703 2109 760 2171 alii,
779 2110 810 2157 ut
845 2113 907 2173 depr
924 2117 972 2172 cst,
991 2112 1124 2174 calfactus
1141 2112 1209 2162 dias?
1234 2114 1323 2161 Livius
1341 2114 1372 2172 4,

285 2188 428 2251 Pompeius
455 2188 554 2246 Varus,
588 2181 655 2235 τότε
681 2183 728 2235 ἐπὶ
754 2179 808 2248 τὴν
845 2187 872 2235 7:
892 2187 984 2246 euenit,
1001 2191 1080 2235 --ut
1095 2186 1192 2235 Pinarii
1208 2186 1273 2237 eatis
1290 2187 1375 2235 adesir

284 2259 438 2312 θάλασσαν
470 2257 620 2325 διέφυγον,
654 2258 704 2308 καὶ
734 2252 808 2322 μετὰ
845 2263 1004 2311 adcolarum
1018 2261 1131 2310 cenirmt
1148 2262 1245 2321 iopam

284 2334 373 2387 τοῦιο
389 2331 427 2401 τῷ
439 2330 534 2401 Σέξτῳ
546 2333 732 2403 προσέθεντο.
759 2333 807 2384 Dio
879 2336 918 2385 l8.
945 2336 1033 2398 Lonqa
1047 2334 1198 2399 --militioJ
1216 2334 1374 2396 quindecim

285 2414 360 2462 Cass.
380 2409 436 2459 Lib.
456 2408 497 2459 ll.
517 2411 583 2458 extr.
845 2409 958 2459 tortasse
976 2421 1120 2469 annorum,
1139 2409 1277 2460 ilo-iil.

319 2486 358 2534 45.
378 2485 418 2533 tii.
442 2483 583 2546 inbeiima]
604 2484 683 2544 iunge
701 2484 808 2531 etcum
879 2484 918 2533 lii.
961 2482 1075 2547 Depone]
1103 2484 1264 2546 «resupina,
1291 2483 1375 2533 recli-

255 2592 262 2597 -
285 2573 310 2608 v.
328 2558 456 2607 resorbens
473 2558 500 2606 et
516 2570 579 2607 cum
595 2570 621 2606 v.
639 2557 704 2605 tulit.
719 2583 747 2591 -
765 2568 808 2604 rc·
845 2571 906 2607 na.»
924 2559 1016 2607 Senon.
1038 2583 1065 2593 -
1084 2558 1161 2607 lauru
1176 2557 1245 2620 meo]
1271 2558 1373 2617 Quodsi

284 2633 384 2682 sorbais
402 2630 480 2693 Unda]
504 2632 594 2693 imago
611 2630 691 2680 ducta
707 2643 722 2678 a
740 2641 809 2680 nau·
846 2632 898 2682 hoc
916 2644 1025 2682 carmen
1048 2644 1079 2682 ro
1095 2644 1160 2681 vera
1181 2632 1313 2695 scriptum
1332 2635 1375 2683 est

285 2706 371 2768 trago,
393 2704 452 2767 qui,
473 2716 535 2753 com
557 2702 622 2753 inibi
639 2706 682 2752 est
698 2706 728 2751 ut
748 2701 808 2753 litus
846 2707 952 2756 circiter
972 2720 997 2754 a.
1016 2704 1084 2765 iat,
1107 2706 1161 2755 iam
1181 2706 1269 2769 potuit
1288 2706 1373 2768 signi-

283 2780 408 2841 attingat,
420 2776 455 2826 ab
467 2774 555 2839 aliquo
566 2777 649 2827 lluctu
658 2777 808 2827 decumano
846 2782 927 2831 ficare
939 2779 1066 2829 Sabinum
1077 2792 1166 2829 suum.
1187 2778 1239 2828 Sed
1251 2780 1290 2829 sio
1303 2792 1374 2841 quo-

284 2866 379 2903 rursus
388 2852 531 2914 corripitur
540 2852 623 2913 atque
633 2852 661 2900 in
672 2850 809 2901 turbidum
846 2868 898 2917 que
916 2851 993 2903 simul
1008 2852 1115 2902 videtur
1125 2850 1279 2915 symbolum
1290 2852 1373 2903 studii

285 2940 360 2978 mare
387 2926 516 2975 reiicitur.
562 2925 688 2977 Miscetur
717 2928 808 2975 autem
845 2928 956 2993 poetici,
975 2927 1018 2977 cui
1035 2927 1088 2975 iarn
1105 2926 1292 2976 unicevacare
1306 2940 1373 2976 con-

284 2997 319 3051 ui
335 2996 437 3069 κύριον
453 3001 481 3049 ia
497 3000 664 3049 cananeum
675 3002 753 3063 tropo
764 2998 808 3050 illo
846 3000 1108 3061 stitueratlloralius,
1121 3000 1247 3061 idemque
1257 3002 1287 3047 ut
1297 3001 1372 3050 iuvet

285 3075 475 3138 (syracusa,
502 3075 546 3123 22:
575 3070 656 3137 κῦμα
675 3069 807 3139 μάχης.),
846 3076 963 3125 amicum
986 3075 1104 3124 suaviter
1126 3076 1209 3137 optat.
1252 3074 1291 3123 Da
1318 3087 1371 3124 una

284 3150 312 3198 in
337 3160 392 3210 quo
417 3149 439 3198 si
463 3160 640 3212 perseverare
664 3146 807 3210 voluisset,
845 3150 922 3200 lauru
939 3150 966 3199 in
982 3147 1109 3212 impluvio
1127 3150 1184 3199 sata
1201 3146 1283 3197 nolim
1302 3150 1374 3211 cogi-

286 3225 444 3286 usurposset
459 3236 485 3274 v.
498 3221 606 3285 aliquod
621 3223 809 3273 almaniiho-
845 3227 916 3283 tare;
943 3224 1030 3285 imago
1053 3222 1195 3286 desumpta
1218 3222 1309 3285 potios
1332 3223 1374 3273 est

284 3309 452 3359 monymum.
467 3295 532 3347 Vell.
545 3298 574 3356 2,
587 3298 632 3346 72:
650 3298 809 3347 AdS.Pom·
844 3298 1010 3348 aviridario.
1047 3297 1152 3361 (iliram
1174 3296 1324 3366 εἰρωνείαν
1347 3297 1372 3345 in

280 3371 366 3432 pawn
387 3376 412 3421 at
433 3384 447 3420 e
467 3371 598 3420 Brutianis
618 3371 709 3419 castris
730 3375 754 3420 et
774 3384 808 3421 ac
844 3374 886 3424 his
919 3385 962 3423 vv.
992 3370 1120 3421 odoratus
1147 3372 1190 3420 est
1218 3369 1371 3433 Gargallus.

257 3445 359 3497 ‚ltalia
390 3445 495 3506 ciii-ique
521 3450 649 3494 marum
674 3444 806 3506 partibus,
845 3448 921 3510 quasi
963 3445 1056 3495 leativa
1099 3446 1202 3495 iocatus
1247 3444 1373 3495 Horatius

283 3532 345 3579 quoa
356 3520 484 3581 mussanti
497 3519 611 3580 periculo
626 3520 731 3581 fortuna
748 3518 808 3570 aab·
844 3521 953 3571 dixerit:
978 3519 1203 3583 «aequiescamus
1221 3531 1271 3569 nos
1288 3518 1372 3569 ambo

283 3593 408 3652 marat,
431 3594 569 3655 proscripti
589 3592 754 3656 confluebant.
777 3620 805 3629 -
845 3596 952 3658 fugitivi,
965 3594 1046 3643 ambo
1058 3593 1155 3643 devicti
1167 3590 1303 3657 Philippis,
1320 3592 1371 3643 sub

282 3665 353 3726 [retu
364 3666 490 3730 amimae]
502 3669 579 3716 sexto
590 3680 668 3727 casu,
687 3670 717 3717 ut
728 3668 808 3727 Quin·
843 3670 968 3727 victrice.
982 3669 1004 3717 si
1017 3668 1066 3719 diis
1078 3666 1180 3731 piacet.
1193 3680 1254 3717 mea
1266 3666 1371 3717 lauru.»

283 3736 321 3788 til.
335 3740 363 3799 6,
375 3740 404 3799 2,
417 3740 446 3790 6:
465 3740 634 3802 catuserias.
658 3739 706 3792 Alii
718 3743 806 3791 minus
876 3744 917 3794 il.
931 3742 1061 3805 Obliuioso]
1072 3740 1296 3792 «sollicitudinum
1307 3740 1373 3791 obli-

283 3816 358 3863 recte
375 3826 441 3865 casu
458 3816 549 3876 tertio,
567 3817 598 3864 ut
613 3816 660 3865 eit:
680 3818 721 3866 «in
739 3816 806 3866 treta
844 3818 950 3867 vionem
968 3816 1123 3867 afferente.»
1152 3814 1268 3866 Alcaeus
1284 3816 1371 3879 Bergk

282 3891 443 3949 scabrosa»,
462 3890 536 3952 quod
552 3888 643 3942 locum
660 3891 807 3942 nonhabet
844 3903 870 3956 p.
891 3892 953 3941 tat:
981 3887 1068 3941 Oinoa
1092 3885 1148 3960 γὰρ
1170 3888 1298 3953 Σεμέλας
1322 3892 1372 3940 καὶ

283 3966 394 4028 propter
410 3978 453 4015 vv.
472 3966 500 4014 in
515 3964 612 4015 balium
844 3962 913 4027 Διὸς
925 3959 988 4027 οἷος
999 3963 1156 4017 λαθικαδέα
1163 3957 1373 4033 Ἀνθρώποισιν

316 4038 355 4088 Π,
383 4039 465 4104 Erpa]
489 4040 630 4102 «quoniam
652 4038 694 4089 dis
714 4042 807 4103 patriis
843 4034 932 4090 ἔδωκ’·
955 4034 1037 4105 ἔγχεε
1053 4040 1162 4109 κέρναις
1180 4030 1232 4087 ἕνα
1248 4034 1373 4089 καὶδύο

284 4111 429 4163 redonatus
446 4127 502 4165 es.»
526 4140 553 4150 -
571 4114 720 4177 stimuum]
739 4116 807 4163 «Sa-
843 4113 962 4177 Πλείαις
978 4130 1035 4165 aaa
1052 4110 1197 4175 κεφάλας,
1215 4106 1235 4161 ἀ
1252 4106 1276 4163 t’
1289 4112 1374 4183 ἑτέρα

284 4198 361 4236 crum
386 4186 427 4237 lac
450 4202 512 4239 cum
535 4186 633 4253 epulis,
661 4188 735 4249 quod
758 4201 822 4237 uo-¹
844 4184 897 4238 τάν
914 4188 1013 4259 ἑτέραν
1034 4184 1115 4252 κύλιξ
1130 4183 1255 4252 illirico·
1278 4214 1305 4223 ·-
1325 4202 1375 4239 ea-
