2934 4884
534 309 635 360 ussa.
672 313 770 362 CARM.
790 313 820 360 V.

352 463 479 531 Tellure
500 477 651 551 porrecta
674 487 790 554 super,

308 587 414 665 Quam
436 605 501 651 non
523 607 635 652 aruore
657 588 704 654 sie
725 609 799 654 niso
823 587 940 676 llagres
962 591 1005 654 uti

349 708 497 772 Bitumen
520 707 597 773 atris
620 708 758 794 ignibus.
783 747 825 758 -

309 827 376 892 Sub
397 827 480 894 haec
502 849 586 916 puer
608 829 672 894 iam
694 850 760 895 non
782 841 817 895 ut
839 841 913 898 ante
936 831 1084 899 mollibus

349 949 466 1015 Lenire
489 949 599 1014 verbis
622 951 757 1037 impias,

306 1069 372 1134 Sed
394 1068 514 1135 dubius
536 1070 624 1136 unde
647 1080 814 1158 rumperet
836 1073 998 1139 silentium
1184 1079 1225 1140 85

348 1189 432 1256 Misit
455 1189 632 1279 Thyesteas
654 1212 786 1279 preces:

307 1313 438 1378 Venena
458 1331 609 1398 magnum
631 1313 679 1379 las
701 1313 857 1400 nefasque
881 1334 945 1380 non
967 1315 1074 1381 valent

199 1483 242 1531 st.
261 1483 310 1531 ruet
328 1483 400 1544 (cum
416 1480 554 1543 Glareano)
572 1480 715 1542 Bentleius.
736 1509 765 1520 -
794 1483 835 1534 87.
858 1485 973 1534 Venena!
999 1498 1121 1548 mupnum
1136 1488 1189 1549 sos,

165 1555 301 1618 nefasque,
328 1570 380 1604 oon
397 1557 423 1606 Ρ.
442 1555 554 1618 (Venena
568 1557 671 1619 moulon
687 1557 728 1619 sos
744 1559 863 1621 nefasque
878 1573 930 1609 nou
945 1559 1043 1621 valent,
1061 1561 1118 1612 Non
1137 1575 1193 1610 osr-

167 1635 222 1680 tore
238 1632 377 1681 hunorum
392 1632 471 1682 oleon
486 1630 605 1682 malebat
613 1631 766 1694 Bentleius.)

130 1787 222 1838 Geth:
241 1793 269 1838 ut
280 1790 376 1838 Marm'
394 1789 511 1838 colubras
521 1789 663 1850 penante
699 1786 775 1849 hius,
795 1789 866 1839 unde
878 1788 1004 1853 loquendi
1022 1791 1161 1842 exordium
1178 1805 1225 1842 su·

131 1863 222 1911 cantu.
258 1862 335 1912 Silius
360 1864 388 1922 8,
414 1863 475 1914 495:
503 1868 532 1913 ot
555 1864 660 1925 (novit)
700 1864 813 1912 meret.»
848 1865 885 1913 lta
911 1865 1013 1914 Drusus
1036 1879 1134 1928 exspes
1154 1867 1224 1916 vitae

131 1938 250 1986 Marsico
270 1937 349 1998 putres
371 1939 404 1987 Et
428 1937 521 1987 bettore
539 1951 619 1986 morsu
640 1943 663 1986 et
699 1935 841 1986 meditatas
859 1939 1076 2001 compositasque
1094 1938 1165 1988 diras
1176 1941 1225 1988 im·

132 2012 260 2072 chelydris
275 2016 380 2061 cantaro
395 2026 509 2074 soporem
522 2013 663 2074 thrrmrrt-
698 2013 824 2073 precatur
844 2011 949 2060 Tiberio
967 2012 1039 2075 apud
1055 2014 1137 2062 Tacit.
1154 2015 1222 2063 Anu.

129 2100 180 2147 que
196 2085 279 2134 herbis
296 2085 409 2136 hebetare
424 2091 449 2136 et
470 2089 582 2136 camnine
600 2088 661 2136 den-
698 2085 727 2143 6,
747 2083 787 2134 al.
810 2111 837 2122 -
858 2086 986 2146 vipereas
998 2087 1093 2150 preces]
1112 2100 1224 2150 «proru-

129 2167 189 2209 tem.
210 2158 273 2209 Gell.
288 2161 335 2220 46,
349 2161 395 2208 ll:
414 2161 508 2210 Marsis
523 2160 662 2210 immolem
697 2158 779 2221 pitin
796 2158 881 2219 diros,
901 2157 993 2222 quales
1011 2161 1143 2222 Thyestae
1165 2160 1224 2210 iue-

127 2260 144 2272 -
160 2261 177 2270 -
198 2235 225 2282 oi
242 2235 354 2295 quadum
375 2235 479 2298 prostati
498 2235 586 2283 dotum
607 2240 658 2296 est,
697 2233 758 2281 rant
775 2234 800 2280 in
819 2233 985 2282 exsecrando
1002 2235 1096 2292 Atreo,
1116 2233 1224 2297 quilra·

128 2314 159 2358 ut
180 2309 333 2370 serpentium
353 2311 537 2358 utmtentorum
552 2311 659 2359 domito-
696 2307 729 2355 tri
748 2304 815 2356 illios
833 2305 979 2356 trucidatos
996 2307 1023 2355 iu
1039 2307 1122 2356 frusta
1139 2307 1223 2358 disse·

128 2385 233 2434 rerstnt
247 2389 271 2432 st
286 2385 466 2433 incentionibus
476 2385 660 2445 herbarumque
696 2383 754 2430 ctos
780 2383 807 2430 et
830 2383 921 2430 coctos
944 2383 1130 2444 apposueratn
1166 2383 1220 2433 Cic.

128 2459 198 2507 suots
217 2458 316 2520 furiunt
344 2457 498 2507 medelarum
520 2459 656 2507 miraeus.
695 2455 773 2504 Tusc.
794 2455 820 2513 l,
844 2453 889 2504 lt:
917 2455 1074 2504 exsecrator
1095 2455 1224 2506 luoohntts

162 2532 253 2581 77-82.
272 2531 412 2594 tosrmdom]
428 2532 482 2580 Clo.
494 2530 605 2595 Philipp.
616 2534 656 2592 lt,
695 2541 755 2577 sone
771 2529 885 2578 uersibus
901 2530 969 2590 opud
979 2529 1089 2578 Ennium
1102 2529 1220 2590 thyestes,

128 2607 154 2656 6.
174 2605 210 2656 de
227 2605 355 2655 Domitio:
373 2606 405 2654 Ar
419 2606 459 2654 hir
474 2618 555 2667 nuper
565 2609 660 2655 sororis
691 2603 806 2664 primum
823 2608 850 2652 ut
866 2603 1004 2668 naufropr'o
1017 2609 1107 2664 pereat
1122 2605 1220 2653 Atreus.

125 2682 183 2746 fltto
199 2679 440 2742 tnfrrdr‘toeoeoum,
464 2693 515 2728 noo
532 2679 606 2729 dedtt.
628 2709 656 2718 a
694 2703 735 2715 --
752 2677 864 2728 deinde:
883 2678 1140 2740 lpsesuunnissorts
1154 2680 1223 2741 fleus

128 2753 286 2816 Fastidimti]
304 2766 368 2802 «me
385 2754 572 2816 aspernanti»,
590 2767 656 2816 non,
694 2753 801 2814 asperis,
820 2753 982 2813 evisceratus,
1000 2753 1089 2802 Latere
1102 2753 1220 2814 pendens,

127 2831 160 2878 ut
177 2826 221 2877 elii
242 2826 345 2877 volunt:
372 2824 443 2890 oqui
463 2830 575 2891 propter
590 2841 658 2877 nau·
694 2840 763 2876 rocoa
782 2840 903 2889 spurpeos
925 2827 999 2888 tubo,
1022 2826 1094 2876 sonte
1115 2831 1139 2876 et
1161 2839 1221 2877 san-

129 2913 207 2953 seem
230 2901 319 2965 priora
342 2899 437 2964 philtra
455 2913 508 2950 nou
529 2904 656 2965 potavit.»
693 2901 769 2962 potue
780 2906 846 2950 atro.
867 2901 928 2963 (Cir.
944 2903 998 2953 Cio.
1012 2903 1039 2952 iu
1050 2903 1100 2952 Pis.
1116 2902 1159 2962 rs,
1178 2899 1219 2952 ld.

136 3004 159 3012 -
184 2975 282 3025 coelum
301 2975 371 3039 ridet]
395 2975 538 3038 «priusque
562 2977 656 3025 cuncta
695 2973 786 3034 Horu.)
820 2975 907 3024 Preces
931 2979 1022 3026 autem
1048 2976 1074 3024 in
1102 2975 1222 3038 pedestri

129 3063 224 3100 rerum
251 3051 346 3098 natura
375 3049 536 3109 invertetur,
567 3049 601 3100 ltu
628 3051 658 3099 ut
694 3058 802 3109 quoque
820 3047 940 3097 oratioue
961 3062 1011 3111 pro
1029 3047 1221 3099 exsecrationi-

128 3122 237 3174 eaelum
259 3123 328 3172 mari
350 3122 472 3172 subsidat
496 3123 568 3172 terra
589 3124 657 3172 mari
694 3119 754 3170 bus.
785 3120 885 3169 Caesar
900 3122 929 3169 B.
950 3123 979 3170 G.
999 3123 1029 3182 6,
1048 3121 1089 3170 34.

128 3197 308 3263 superiecta.»
328 3221 356 3232 —
374 3198 496 3261 Bitumen]
514 3197 658 3260 adaugeri·
726 3194 815 3244 87·90.
842 3194 947 3257 Venena]
969 3194 1038 3244 Vera
1057 3198 1220 3248 constructio

128 3273 193 3323 dam
221 3272 277 3320 vim
304 3270 430 3321 flammae
459 3272 592 3333 magicae,
627 3275 659 3320 ut
693 3270 761 3318 haec
778 3271 830 3318 est:
850 3269 974 3332 Mopsum
989 3269 1030 3331 fos
1045 3269 1221 3332 assasontha-

127 3348 200 3410 Virg.
224 3343 279 3395 Ecl.
297 3344 328 3405 8,
352 3344 398 3394 82:
426 3346 532 3408 fragiles
556 3347 657 3396 incende
692 3357 798 3392 monum
813 3343 892 3392 virore
907 3357 958 3392 nort
972 3343 1057 3393 vdent
1077 3349 1219 3396 convertere

127 3421 249 3470 homnine
264 3420 362 3469 laurus.
385 3447 412 3456 -
435 3421 509 3482 atris]
533 3421 658 3470 Bitumeu
691 3431 804 3476 oromo3
837 3417 865 3466 id
890 3419 947 3478 est,
976 3417 1071 3481 «leges
1097 3419 1218 3481 divinae,

127 3497 218 3559 ipsum
239 3494 343 3556 sriptum
364 3493 447 3556 (virg.
466 3496 512 3544 Ge.
531 3495 562 3554 3,
584 3494 655 3557 itt.)
693 3491 791 3555 quibus
817 3491 986 3555 distinguitur
1010 3491 1050 3542 las
1076 3495 1103 3542 et
1125 3492 1217 3556 netas,

128 3571 228 3620 ardens
257 3569 374 3632 spissum
405 3569 508 3619 fumum
541 3569 654 3620 exhalat.
693 3578 769 3616 more
784 3565 918 3630 modoque
936 3567 1074 3617 hominum
1087 3567 1220 3629 (numanis

127 3647 186 3695 Non
203 3642 322 3707 loquitur
342 3642 385 3692 hic
402 3643 436 3694 do
453 3642 559 3706 ignibus
576 3656 657 3706 rogo·
692 3640 825 3703 sensibus)
844 3655 897 3692 non
914 3640 1003 3692 valent
1023 3647 1166 3693 uouemere
1185 3643 1219 3706 (in

128 3731 205 3777 rum,
225 3719 255 3767 ut
271 3717 320 3767 011.
339 3716 368 3778 l,
388 3719 433 3778 ⁴2,
452 3717 492 3767 26.
692 3717 869 3773 eontrarium.
888 3717 916 3767 id
933 3720 974 3766 est
991 3717 1017 3766 h.
1031 3716 1048 3767 l.
1069 3715 1217 3779 meliorem,

160 3792 268 3844 83-86.
295 3792 346 3841 Sub
363 3791 432 3854 hoec}
457 3793 565 3843 «Statim
581 3793 656 3856 post-
692 3791 916 3854 partemllectere
929 3805 960 3840 ao
972 3789 1063 3855 lenire)
1079 3791 1217 3853 veneficia,

127 3879 212 3930 quam
238 3867 347 3916 Canidia
370 3865 438 3916 haee
459 3866 544 3916 rerba
567 3867 655 3916 lecit.»
693 3863 779 3928 qualia
791 3879 840 3915 ros
857 3865 966 3915 immuni
979 3866 1060 3916 ruodo
1072 3867 1217 3916 exercetis:

130 3969 158 3977 —
171 3939 258 4003 lenire}
278 3954 347 3990 «nou
365 3940 419 3990 iam
435 3939 518 3991 lenire
535 3939 657 3990 tentabat
694 3952 758 4002 ergo
777 3939 858 3990 meris
874 3940 998 3990 sensibus
1016 3941 1139 3990 humanis
1155 3938 1221 3991 mol-

128 4027 222 4077 sages,
251 4015 349 4079 quippe
372 4015 414 4063 eui
437 4015 589 4078 desperatio
607 4015 656 4064 ad·
693 4012 816 4076 libusque
840 4013 965 4076 precibus
982 4013 1094 4075 relictis,
1122 4013 1219 4079 quihus

128 4089 208 4139 deret
229 4089 337 4139 dicendi
358 4087 536 4139 libertatem.»
557 4117 583 4124 -
608 4090 656 4138 du-
693 4101 742 4139 vos
760 4087 881 4150 mitigare
899 4089 951 4137 iam
970 4089 1098 4152 despero,
1123 4089 1157 4139 ad
1175 4104 1219 4139 re-

128 4163 191 4226 tius]
211 4163 262 4213 «ob
279 4165 420 4214 horrorem
431 4177 463 4214 ae
475 4162 593 4214 turonem
606 4163 657 4212 du·
693 4161 803 4225 ligiones
819 4175 957 4213 recurram
970 4162 1087 4227 dirisque
1098 4177 1147 4214 vos
1161 4177 1220 4214 exa-
