2934 4884
708 337 836 386 acciri}
856 337 984 388 EPODON

651 785 1053 853 cmun-

430 957 496 1022 iam
519 956 582 1022 iarn
604 953 726 1020 efficaci
749 954 793 1020 do
816 977 929 1021 manus
951 957 1122 1034 scientiae,

430 1075 572 1164 Supplex
594 1085 627 1141 ct
648 1095 706 1140 oro
729 1096 829 1161 regna
853 1097 911 1162 por
932 1079 1161 1165 Proserpinae.

427 1201 490 1266 Per
512 1209 545 1264 ct
565 1197 688 1262 Dianae
710 1215 774 1261 non
797 1195 957 1262 movenda
978 1199 1127 1274 numina,

429 1321 491 1386 Per
513 1329 610 1406 atque
634 1315 734 1383 libros
756 1316 935 1382 carminum
958 1316 1131 1385 valentium

365 1506 441 1558 xvii.
467 1474 550 1557 lusor.
569 1503 638 1566 rolg.
664 1504 703 1554 Ad
719 1504 859 1554 Gonnum.
889 1525 917 1538 —
947 1504 1031 1568 Flnpit
1054 1517 1081 1554 ae
1097 1505 1219 1556 conidim
1234 1509 1351 1571 emendis

333 1586 489 1705 mm.
501 1579 655 1713 {morsos
671 1579 821 1640 deprecatu
839 1582 867 1626 ul
883 1576 929 1626 n'oi
940 1583 1034 1639 percat
1051 1579 1095 1627 Bc.
1117 1605 1143 1616 -
1164 1580 1221 1628 0m.
1241 1581 1269 1631 T.
1300 1582 1348 1642 p'r.

332 1821 409 1870 XVll.
439 1822 538 1870 Rursus
563 1817 708 1869 salsissime
732 1819 826 1869 irridet
860 1818 941 1868 mutu
957 1823 1060 1879 conon,
1086 1820 1120 1868 cd
1141 1825 1283 1871 wirnitum
1302 1825 1377 1870 cneii

300 1893 437 1944 Canidiam
455 1892 615 1956 (Gratidiam)
633 1905 726 1954 sagam
744 1895 823 1954 atque
860 1905 952 1940 omniu
979 1893 1079 1942 dedisse.
1112 1921 1140 1929 -
1169 1908 1220 1943 non
1246 1895 1375 1955 moomdo]

298 1971 386 2018 semet
408 1969 496 2030 ipsum
518 1966 620 2016 artibus
638 1967 696 2016 eius
714 1966 824 2028 magicis
862 1979 936 2014 «non
960 1963 1091 2016 laedenda
1116 1980 1205 2031 neque
1234 1969 1374 2027 irritanda·¹

298 2043 412 2106 potitum
428 2043 456 2090 et
472 2041 558 2092 saevis
571 2037 823 2090 cruciatibusabea
860 2033 1000 2102 ἀκίνητα,
1027 2039 1196 2092 translatione
1224 2042 1259 2092 ab
1283 2044 1312 2092 iis
1333 2042 1376 2091 de-

299 2117 425 2166 atleotum
450 2115 567 2178 lingens,
594 2117 624 2163 ut
640 2113 691 2163 sibi
708 2115 762 2162 iarn
780 2125 824 2162 sa-
861 2115 980 2176 sumpta,
1007 2114 1053 2174 qui
1070 2113 1181 2176 prolano
1203 2115 1284 2166 modo
1301 2117 1375 2166 simu·

298 2190 332 2238 tis
348 2189 498 2252 perdomito
515 2188 625 2238 tandem
636 2189 743 2251 percat,
762 2198 824 2248 sup
861 2185 931 2235 lacre
949 2185 1061 2236 deorum
1079 2186 1138 2238 loco
1156 2201 1206 2238 suo
1225 2193 1328 2239 movent
1339 2187 1374 2237 iel

297 2261 359 2326 plen
387 2263 521 2312 inimicam
548 2264 607 2311 orat
635 2263 662 2310 ct
688 2259 821 2310 obsecrat.
860 2261 941 2310 etiam
950 2259 1086 2310 deliciunt.
1101 2260 1268 2322 (Schol.l²lat.
1276 2263 1372 2313 Thesei.

298 2336 407 2400 Reliqua
420 2337 544 2387 carminis
556 2348 638 2386 scena
650 2348 699 2399 per
710 2347 740 2384 se
753 2332 822 2383 clara
859 2347 919 2398 pag.
941 2333 990 2383 900
1010 2332 1043 2392 b,
1066 2332 1111 2383 ll:
1139 2327 1185 2384 ὅτι
1207 2332 1251 2400 μὴ
1270 2335 1313 2386 δεῖ
1330 2330 1373 2400 ἔδῃ

298 2413 348 2460 est.
383 2413 464 2461 Recte
479 2413 570 2460 eutem
581 2409 738 2471 Doeringins
751 2408 822 2456 relu-
858 2405 932 2472 μηδὲ
947 2402 1068 2472 βωμοὺς
1084 2403 1211 2474 uratur}
1233 2404 1375 2473 τάφουςῆ

297 2488 363 2535 tavit
379 2482 628 2543 llitscherlichium,
656 2484 702 2545 qui
723 2483 822 2530 Varum
859 2473 968 2551 ὅρους.)
981 2505 1009 2516 -
1024 2483 1181 2546 Proserpina
1193 2485 1221 2534 et
1233 2484 1312 2534 Diana
1324 2485 1374 2546 ille

299 2558 391 2622 (Epod.
411 2559 447 2620 5.)
471 2558 514 2608 hic
538 2557 611 2620 loqui
636 2558 759 2620 opinatus
782 2555 824 2604 est
859 2555 926 2618 cate)
939 2555 1107 2619 potissimum
1119 2559 1374 2620 memorantur,quia

297 2645 383 2695 usquo
406 2633 441 2681 ad
463 2647 489 2682 v.
507 2633 548 2682 52.
579 2633 702 2690 «Nam»,
722 2629 820 2692 inquit,
859 2631 921 2678 sunt
941 2629 1050 2678 numina
1071 2627 1220 2680 interorum
1245 2644 1277 2680 ac
1293 2645 1374 2694 maga·

298 2709 344 2755 «ut
368 2704 430 2755 nihil
456 2705 489 2755 de
509 2719 535 2753 v.
557 2705 604 2755 39:
634 2705 685 2753 sius
707 2703 823 2752 murdaci
859 2715 933 2762 rum,
954 2701 1025 2752 unde
1044 2705 1187 2766 praeerant
1203 2706 1287 2755 sacris
1302 2706 1374 2768 magi-

296 2779 355 2839 ipra
374 2779 442 2828 Voles
457 2778 544 2827 sumai
560 2778 660 2836 dicam,
686 2775 822 2838 quomodo
860 2776 905 2824 cis.
942 2775 995 2826 Cir.
1014 2776 1096 2825 etiarn
1113 2779 1142 2826 Α.
1157 2779 1184 2826 P.
1198 2777 1256 2828 iot.
1275 2781 1375 2838 -Quo

296 2849 423 2901 ridiculus
435 2849 477 2900 ille
490 2863 573 2899 senex
584 2851 720 2899 Varusvv.
731 2848 819 2900 li-li.
859 2848 940 2900 modo
956 2850 1066 2900 Bothius
1084 2851 1110 2899 in
1128 2852 1174 2900 Per
1184 2857 1262 2914 utque
1272 2854 1373 2904 haerere

296 2937 326 2973 se
343 2935 406 2972 cum
422 2922 574 2973 stesichoro
596 2935 752 2986 comparare
772 2935 822 2986 po·
859 2925 887 2974 et
910 2925 957 2974 Per
981 2929 1052 2984 leque
1076 2936 1228 2988 proponere
1254 2927 1371 2990 potuerit.

296 2997 381 3046 tuin»
393 2997 445 3044 cet.
460 2997 599 3045 «Omnium
611 2996 760 3060 epodorum
773 3011 822 3047 no-
859 2999 903 3046 vix
920 2995 1079 3060 intelligitur.
1095 3023 1122 3032 —
1136 2999 1289 3061 carminum]
1306 2999 1370 3049 ovid.

295 3069 420 3119 rissimns
437 3069 501 3118 mihi
524 3069 629 3119 videtur
651 3083 725 3130 esse,
753 3071 821 3120 scri·
858 3073 917 3120 Am.
931 3072 961 3132 2,
982 3072 1009 3130 i,
1028 3071 1073 3119 23:
1093 3070 1215 3120 &mnino
1231 3073 1372 3136 smpsimus

295 3146 357 3207 ptus
368 3157 392 3192 a.
411 3143 517 3193 circiter
533 3143 607 3193 ici.»
626 3144 733 3192 anre.
753 3145 820 3194 ltem
858 3145 982 3194 deducum
998 3155 1095 3192 coinon
1114 3145 1201 3194 Lance
1215 3145 1250 3194 Et
1266 3152 1371 3195 recocunt

295 3216 472 3269 Walclienaer
498 3220 518 3268 l.
547 3232 574 3282 p.
601 3218 666 3267 ⁴68:
697 3217 819 3268 demicte.
857 3219 941 3267 niveos
957 3217 1022 3267 Solts
1037 3217 1117 3266 amic
1133 3215 1216 3278 equos.
1239 3247 1266 3254 -
1285 3221 1370 3284 Retro]

296 3293 365 3344 Sane
391 3295 464 3356 prius
485 3292 649 3354 compositus
669 3293 711 3342 est
735 3292 818 3355 Epod.
858 3293 923 3341 Sunt
952 3291 1029 3353 quasi
1052 3289 1119 3339 fixae
1142 3291 1168 3340 in
1197 3289 1274 3341 caelo
1290 3292 1370 3342 stellae

296 3368 320 3416 5.
340 3370 368 3416 et
386 3368 482 3426 Sati,
500 3366 525 3415 8.
546 3364 820 3426 (GrotolendetWal-
858 3363 1061 3427 (clinicus,
1080 3363 1109 3413 8:
1137 3364 1241 3426 Sidera,
1261 3368 1370 3428 punen-

296 3441 413 3490 okenaer
429 3441 535 3500 alit„
555 3439 685 3489 ilirchner
705 3453 728 3489 a.
748 3441 817 3502 iis„
853 3440 911 3502 toa
931 3439 1042 3486 dicimur
1059 3437 1195 3502 mundo.);
1225 3439 1369 3490 devocando

296 3513 432 3563 Weichert
454 3525 478 3561 a.
497 3513 554 3561 729.
589 3513 706 3577 Tempus
730 3513 819 3577 ipsum
855 3513 1098 3576 igiturrstlpuntnr,
1117 3511 1369 3576 efficiuntsagae‚ut

295 3587 387 3649 utique
403 3587 534 3636 incertum
553 3587 612 3647 est.)
856 3585 982 3636 decidant
1004 3585 1038 3634 de
1062 3584 1145 3636 caelo.
1175 3587 1246 3648 virg.
1265 3591 1326 3638 Aen.
1341 3591 1366 3646 5,

328 3661 383 3709 4-5.
401 3661 433 3708 do
448 3659 546 3723 monta]
564 3661 635 3709 Dant
651 3672 746 3710 manus
758 3673 820 3723 pro-
855 3661 917 3711 osi:
944 3660 1013 3710 caelo
1035 3673 1080 3710 osu
1095 3673 1169 3724 scapo
1183 3664 1268 3724 ration
1289 3663 1368 3712 Tross-

294 3734 365 3798 prie,
383 3735 429 3796 qui
446 3746 613 3784 manuascae
629 3733 723 3783 victori
739 3745 819 3798 prse—
854 3741 960 3786 comunt
985 3735 1127 3797 olimque
1156 3735 1270 3784 udentia
1296 3737 1367 3786 odon

295 3805 361 3856 beat
376 3806 545 3864 vinciendum
565 3808 627 3857 hinc
643 3809 687 3858 est
703 3807 818 3858 «cedere
856 3812 957 3860 ducunt.
984 3810 1152 3859 Deteriorem
1174 3807 1313 3859 lectionem
1331 3811 1367 3859 de-

295 3885 322 3929 et
338 3880 415 3930 interi
431 3893 461 3930 se
479 3882 630 3933 interiorem
645 3895 732 3933 esses»
764 3881 817 3932 Cir.
854 3885 909 3946 flac
925 3883 970 3946 qui
988 3881 1157 3946 praeierunt,
1175 3883 1367 3945 interpretantur

295 3953 400 4003 Lucret.
413 3955 441 4013 2,
462 3954 540 4004 loll:
565 3957 633 4005 Dedo
647 3968 756 4013 mervius,¹
774 3960 819 4004 cast
856 3953 896 4004 vel
916 3955 1008 4006 «affixa
1030 3953 1137 4015 caelo.»
1155 3952 1195 4004 vel
1216 3951 1364 4020 ιδεδεμένα,

294 4027 417 4087 nsulsum
424 4033 468 4087 eat,
481 4028 717 4090 occtnperocontrn.
732 4028 817 4077 Etiam
857 4029 1060 4080 incantamentis
1077 4027 1181 4091 ligate.»

294 4101 321 4148 in
342 4101 458 4163 pedestri
479 4101 607 4150 oratione.
639 4101 693 4150 Cic.
713 4101 748 4149 ad
765 4102 816 4151 Att.
889 4103 912 4152 6.
926 4104 950 4152 7.
969 4103 1190 4167 uocibus-sociis]
1204 4102 1364 4154 «carminibus

295 4175 323 4233 Ξ,
342 4175 386 4222 ti:
406 4173 487 4224 metat
511 4174 583 4223 illins
594 4174 680 4236 primo
695 4186 757 4224 sone
776 4175 819 4224 din
856 4177 1362 4242 magieis.»-ciiunqmretrosoloe]·iu
