2934 4884
288 339 350 403 378
671 342 799 391 uonuru
818 342 986 393 ciinuiuuu

503 498 681 583 Portasque
705 517 768 561 non
791 495 919 563 cieuses
942 509 1072 567 eterra

543 618 642 684 Marte
665 617 726 685 coli
751 617 902 705 populata
925 629 1045 685 nostro.

456 799 542 861 Auro
565 814 725 881 repensus
747 793 870 861 scilicet
894 796 1000 861 acrior

456 915 546 981 Miles
567 914 694 981 redibit.
718 952 761 964 -
783 914 915 1003 Flagitio
938 914 1058 980 additis

498 1038 675 1103 Damnum:
701 1057 810 1124 neque
832 1037 970 1102 amissos
991 1036 1118 1103 colores

542 1160 629 1224 Lena
650 1158 749 1224 refert
770 1157 929 1225 medicata
953 1158 1041 1233 fuco,

456 1336 522 1400 Nec
544 1354 621 1399 vera
643 1335 762 1410 virtus,
787 1355 862 1401 cum
883 1334 984 1401 semei
1007 1335 1141 1406 excidit.

457 1457 554 1523 Curat
575 1456 689 1541 reponi
716 1455 943 1523 deterioribus.
1336 1461 1374 1522 30

352 1682 392 1731 23.
412 1682 494 1731 cliuus
510 1683 543 1739 s,
563 1680 627 1730 Cod.
646 1678 738 1730 Biund.
760 1706 787 1716 -
816 1681 857 1730 25.
876 1693 994 1742 repetem
1009 1692 1143 1743 superscr.
1164 1681 1222 1731 «vei
1240 1684 1340 1733 redem—

317 1762 390 1819 ptus»
409 1756 435 1806 d.
457 1782 484 1791 -
504 1756 545 1805 Ἦ.
564 1768 608 1805 occ
625 1756 652 1805 T.
674 1755 771 1817 (Ceteri
788 1756 841 1804 mei
857 1755 958 1817 nepte.)
977 1781 1004 1791 -
1022 1756 1063 1804 29.
1082 1756 1171 1805 occidit
1181 1757 1203 1805 T
1214 1756 1299 1806 sotus.

287 1971 336 2022 Od.
350 1970 381 2032 t,
395 1971 439 2031 tt,
453 1970 477 2019 i.
493 1996 520 2006 -
540 1968 650 2033 Retorud
669 1970 735 2033 Epp.
747 1970 773 2027 2,
787 1970 811 2030 i,
850 1980 910 2031 gem
929 1968 1065 2031 cupientes
1082 1967 1124 2017 vei
1141 1970 1240 2019 iterum
1257 1972 1377 2021 secede-

288 2047 348 2095 tut:
377 2046 440 2095 iiiuc
462 2044 573 2093 trahitur
588 2044 704 2093 omuibus
724 2056 815 2107 repunt
849 2042 945 2092 dentes
962 2042 1066 2092 ciudem
1083 2042 1196 2091 aderent
1212 2044 1315 2107 populo
1329 2047 1377 2095 iio·

287 2121 393 2183 fortune
408 2120 516 2169 retortis.
536 2118 610 2169 Ovid.
624 2118 682 2169 Am.
697 2120 720 2179 i,
734 2119 811 2179 ²23⁴·
849 2130 956 2167 meno·
976 2142 1004 2153 -
1025 2130 1105 2179 utque
1119 2118 1236 2181 murcos]
1258 2121 1307 2170 «Ut
1322 2121 1376 2183 pri-

287 2196 313 2245 in
342 2196 446 2245 Amoris
472 2194 618 2257 triumpho:
655 2195 725 2242 Meu
748 2194 814 2243 bono
850 2205 924 2243 mum
940 2191 1059 2242 colorem
1074 2190 1220 2242 naturalem
1238 2206 1376 2257 nunquam

288 2270 393 2319 ducetur
409 2268 525 2319 manibus
537 2273 594 2330 posi
610 2272 682 2330 torpa
703 2270 811 2318 retortis.
849 2268 944 2331 recipit
967 2266 1027 2317 iane
1051 2266 1136 2316 semei
1158 2265 1210 2316 elio
1226 2266 1319 2317 coiorc
1336 2270 1377 2317 in-

319 2343 360 2394 23.
376 2342 417 2393 ut.
436 2342 579 2405 Furiaeque]
592 2342 767 2404 Karthaginis.
783 2368 811 2378 —
850 2342 931 2402 iectu,
958 2342 993 2390 ite
1010 2342 1080 2391 cet.»
1115 2340 1220 2400 Quintil.
1242 2344 1270 2398 t.
1294 2344 1324 2402 t,
1343 2345 1375 2391 t:

286 2432 336 2467 uon
353 2418 465 2482 clausas]
493 2417 518 2466 id
540 2416 611 2481 quod
633 2417 747 2467 menime
768 2430 813 2466 se·
848 2415 1146 2475 Nectcuonmcoiores‚
1165 2415 1375 2477 potuemus

287 2494 406 2543 curitatis
424 2494 527 2555 signum
546 2494 611 2541 eret.
651 2494 681 2541 A.
699 2493 727 2541 P.
746 2493 810 2542 tos:
848 2490 1116 2539 iiiecoudormutotru
1132 2494 1179 2550 est,
1197 2489 1374 2551 stupentur.

287 2567 383 2629 apertis
393 2567 445 2615 otia
454 2568 544 2628 portis.
556 2594 584 2603 -
595 2566 748 2631 Martecet.]
762 2564 812 2616 «ab
851 2590 878 2599 -
896 2563 1029 2627 medicata]
1047 2563 1081 2613 de
1094 2561 1245 2623 coloribus,
1263 2568 1294 2613 ut
1305 2578 1378 2633 φαρ·

287 2642 406 2689 exercitu
423 2644 514 2689 nostro
531 2640 668 2691 devastata
684 2639 735 2691 coti
752 2654 813 2690 rur·
848 2634 985 2703 μάσσειν,
1000 2636 1145 2687 εἰωὴιιια.»
1163 2638 1257 2687 Cicero
1269 2638 1296 2687 in
1309 2638 1377 2687 tior·

287 2724 333 2762 sus
351 2726 365 2760 u
384 2714 505 2763 Poenis.»
526 2713 598 2765 Falsa
611 2716 682 2763 enirn
695 2716 739 2764 est
749 2715 818 2763 voe
849 2712 935 2762 tensio
962 2713 1002 2761 Fr.
1028 2712 1053 2761 8.
1071 2724 1099 2774 p.
1118 2710 1175 2761 trs.
1201 2724 1280 2761 mene
1307 2710 1375 2760 Ed:

287 2786 320 2835 sii
338 2785 436 2849 duplex
458 2789 595 2837 iunctura:
628 2802 705 2837 «erun
729 2790 812 2838 Marte
851 2788 881 2835 Ut
896 2787 989 2848 ii,qui
1005 2786 1112 2835 cornuti
1122 2798 1269 2847 piepurom
1278 2785 1376 2845 volunt,

288 2865 379 2910 nostro
391 2859 516 2924 popuiete
529 2861 578 2911 coli
591 2864 672 2912 Morte
686 2865 778 2913 nostro
788 2878 811 2920 ς»
848 2862 975 2925 afficient
991 2862 1067 2923 prinu
1088 2860 1176 2909 tom
1191 2860 1378 2909 uouemus

288 2934 337 2995 (iet
354 2935 400 2983 sub
416 2960 430 2970 -
448 2961 462 2971 -
484 2936 604 2985 Fetdvou
621 2951 722 2986 uuserrn
738 2938 813 2987 Κάσ-
850 2936 997 2999 quibusdem
1020 2938 1072 2985 cet.
1113 2935 1188 2983 Ovid.
1212 2935 1288 3006 item.
1313 2938 1374 2983 Aru.

288 3022 335 3072 per
350 3008 453 3071 pebaut,
480 3010 526 3059 dus
544 3024 572 3059 er
585 3013 673 3074 jiinpst
691 3012 813 3075 cudda.)
849 3011 915 3060 707:
951 3009 1090 3070 Amwtueis
1121 3010 1273 3081 meducbtm
1298 3008 1378 3057 odius

288 3084 382 3146 captivi
407 3085 478 3133 enim
501 3086 555 3135 iem
571 3088 644 3137 Mers
659 3092 744 3137 noster
763 3100 813 3136 vo·
849 3085 941 3135 mono.
969 3082 1057 3147 virgil.
1076 3085 1122 3133 Ge.
1132 3074 1166 3142 ’4,
1186 3082 1249 3131 493:
1272 3084 1378 3133 &mino

288 3158 343 3205 ceri
369 3156 439 3208 nullo
462 3163 540 3221 pecto
563 3162 703 3223 poterunt;
733 3163 811 3210 etue
847 3160 900 3209 uidi
915 3158 1274 3220 equiderumuttosmodicare
1289 3170 1377 3207 sereo—

287 3234 410 3283 Lucnnus
435 3233 545 3297 quidem
570 3234 611 3283 vei
638 3236 735 3285 Statius
760 3236 812 3285 hoc
848 3240 895 3295 tot,
923 3234 957 3282 Et
979 3234 1047 3282 uitro
1067 3233 1142 3294 prius
1165 3238 1189 3282 et
1212 3232 1291 3295 uipra
1313 3245 1376 3293 per·

286 3305 337 3355 sibi
355 3306 515 3358 indulsisset.
536 3308 586 3370 (Sic
599 3310 725 3370 populare
740 3309 809 3371 Virg.
847 3307 952 3369 sundere
967 3320 1085 3370 Μαῖρα.
1113 3330 1141 3341 -
1162 3306 1232 3370 fuco]
1256 3304 1322 3355 Ptin.
1343 3306 1374 3354 u.

285 3382 374 3441 Get,
395 3382 450 3431 485.
480 3384 547 3433 bon.
567 3384 594 3443 i,
614 3383 680 3446 527.)
849 3384 879 3433 N.
898 3382 940 3442 26,
959 3382 998 3431 40.
1022 3383 1108 3431 Fucus
1127 3382 1263 3439 murinus,
1290 3379 1377 3429 iectu·

317 3455 358 3504 27.
386 3456 426 3505 28.
452 3457 595 3520 Damnum]
623 3458 725 3506 Rhesus
744 3457 809 3505 tou:
849 3469 897 3507 cee
921 3454 1026 3517 similis,
1049 3454 1196 3517 conchyliis
1217 3453 1377 3503 substerne·

286 3523 413 3599 Aivtedv
438 3526 494 3599 γὰρ
516 3525 587 3595 ἡμῖν
611 3532 660 3580 καὶ
677 3524 749 3601 πρὸς
765 3531 812 3579 at·
848 3530 941 3589 betur,
968 3530 995 3579 id
1018 3530 1074 3589 est,
1100 3527 1161 3579 iuna
1184 3526 1286 3577 berbee
1308 3525 1376 3576 iliius

285 3600 379 3673 σχύνῃ
391 3600 492 3653 κακόν.
521 3608 578 3655 Non
597 3606 630 3655 dc
647 3606 746 3655 iactura
763 3619 812 3670 pe·
848 3618 914 3655 suco
931 3605 1006 3667 prius
1027 3602 1212 3662 imbuebatur,
1231 3614 1287 3665 quo
1310 3601 1376 3651 ieci·

285 3678 392 3736 cuniee‚
420 3690 502 3739 quem
520 3682 702 3743 consumpturi
721 3684 812 3730 essent
848 3678 898 3728 iius
921 3690 1057 3743 purpurae
1079 3676 1198 3727 colorem
1221 3674 1374 3725 imbiberet.

286 3752 311 3800 in
323 3752 497 3813 rependendis,
517 3752 542 3801 id
559 3756 615 3814 est,
636 3754 809 3811 redimendis¹
848 3754 915 3803 Tum
938 3755 1084 3815 usurpetur
1104 3764 1154 3815 pro
1177 3751 1273 3813 quouis
1299 3760 1374 3800 suco.

285 3826 537 3891 captivisioquitur,
556 3828 619 3877 sed:
641 3827 732 3890 donge
752 3842 812 3879 ma·
849 3828 894 3890 qui
925 3826 1051 3890 tingendo
1079 3826 1205 3885 inservit,
1234 3826 1260 3873 in
1283 3824 1376 3887 primis

286 3902 340 3961 ius,
358 3902 457 3965 inquit,
476 3901 605 3953 damnum
622 3904 717 3966 partim
734 3904 813 3953 inerit
848 3915 898 3966 pro
922 3914 1050 3965 purpure.
1091 3901 1129 3950 ite
1152 3900 1267 3960 coacturi
1290 3900 1378 3962 lim

284 3977 309 4024 in
331 3978 400 4040 turpi
417 3974 540 4041 exemplo
558 3976 591 4026 ud
607 3980 729 4042 posteros
747 3991 811 4042 pro-
849 3978 914 4027 dixit
931 3974 1048 4027 Cetuiius
1064 3974 1111 4033 ot,
1130 3973 1170 4037 iti.

285 4049 351 4109 dito,
371 4053 467 4114 purtim
486 4053 511 4101 in
531 4052 660 4115 eoquod
679 4052 810 4115 redempti
881 4052 921 4101 29.
940 4051 980 4101 30.
1006 4050 1057 4099 Nee
1073 4050 1144 4113 vera]
1166 4048 1285 4106 «Virtus,
1307 4060 1377 4110 quac

285 4123 326 4172 isti
339 4124 447 4187 reliquis
458 4126 584 4177 militibus
602 4126 739 4189 permixti,
758 4126 810 4173 iem
849 4124 958 4189 quidem
981 4137 1045 4174 vere
1069 4124 1121 4173 hoc
1146 4135 1245 4172 nomen
1269 4134 1377 4172 meree·

285 4198 434 4259 ignaviores
446 4212 526 4263 quem
539 4204 630 4261 epten,
651 4198 758 4251 foedum
770 4199 810 4249 iu·
849 4201 891 4249 tur
903 4236 909 4258 ‚
928 4211 981 4248 non
993 4200 1083 4263 potest
1095 4198 1197 4260 moui,
1209 4197 1316 4247 restitui
1327 4198 1375 4255 eis,
