2934 4884
224 333 285 398 732
623 337 754 388 iioiisiii
772 337 899 388 anonon

264 489 358 555 Mella
379 510 458 556 cava
479 501 672 558 manenter
694 490 782 568 ilice,
807 491 969 557 montibus
991 491 1062 557 altis

306 610 402 675 Levis
424 622 578 697 erepante
600 611 731 699 lympha
754 611 862 678 desilit
883 611 978 699 pede.

265 730 332 797 lllic
354 730 497 798 iniussae
519 732 651 797 veniunt
672 732 714 799 ad
736 731 871 800 mulctra
893 731 1057 820 capellae,

307 851 479 940 Refertqne
501 861 588 918 tenta
609 875 688 940 grex
709 855 833 918 amicus
855 852 974 931 ubera;

264 976 330 1041 Nec
352 975 557 1062 vespertinus
579 973 803 1060 circumgemit
823 994 920 1038 ursus
943 973 1041 1048 ovile,

286 1217 327 1269 l8.
346 1218 456 1282 lampio]
477 1217 576 1268 «codd.
596 1216 696 1281 aliquot
707 1216 796 1280 (etiam
812 1215 839 1276 Τ)
850 1216 992 1278 Neronia.»
1004 1217 1096 1267 Basra.
1110 1246 1137 1254 —
1161 1219 1203 1269 54.
1222 1222 1279 1271 ovili

256 1292 314 1354 T,l·'.
335 1293 431 1354 (Ceteri
448 1293 515 1352 mei,
534 1293 615 1342 etiam
631 1293 667 1352 B,
686 1289 769 1353 ovile.)

219 1524 290 1576 quae
313 1516 408 1576 sponte
431 1517 458 1562 et
478 1515 536 1564 sine
559 1514 681 1564 insitione
701 1517 748 1562 aut
781 1518 862 1574 prata
877 1513 1013 1563 Nocturnis
1023 1514 1123 1564 enkata
1137 1516 1209 1578 feris.
1224 1541 1252 1552 -
1264 1517 1309 1566 eir-

220 1587 323 1638 cultura
339 1591 500 1649 naseuntur,
522 1589 605 1639 durae
623 1603 684 1640 esse
700 1603 746 1640 so-
783 1587 928 1651 camqemit]
956 1601 1086 1638 «rancum
1112 1603 1194 1640 suum
1217 1604 1308 1640 sonum

220 1663 274 1712 lent
299 1665 327 1712 et
352 1663 439 1712 lntuae
465 1677 497 1712 ao
523 1665 575 1712 cito
600 1663 744 1724 decidere;
784 1662 839 1712 edit
855 1662 1056 1725 circumvagans
1074 1662 1178 1713 ovilia.»
1214 1665 1257 1714 Sic
1281 1667 1305 1715 el

219 1736 270 1797 ibi,
288 1736 388 1798 inquit,
402 1735 468 1786 tales
481 1739 542 1799 (non
553 1738 682 1799 insitivae)
696 1752 745 1788 nn·
783 1735 826 1786 leo
836 1749 934 1800 qensere
945 1736 1042 1786 dicitnr
1052 1751 1067 1784 a
1078 1736 1164 1787 Valer.
1177 1737 1271 1789 linceo
1281 1739 1304 1798 3,

219 1813 342 1868 muniar,
373 1813 403 1858 nt
430 1811 510 1860 etiem
536 1809 624 1874 pullae
649 1815 747 1862 ornent
783 1809 840 1858 737.
868 1809 920 1858 Cir.
940 1809 1021 1860 etiam
1037 1811 1108 1873 virg.
1128 1813 1193 1861 Aen.
1215 1813 1243 1871 7,
1263 1813 1304 1861 li:

222 1896 299 1933 sunm
316 1883 442 1934 arborem
460 1885 655 1948 neodecidant,
674 1889 748 1937 nnw
783 1883 889 1946 neniam
912 1884 1016 1945 iraeque
1037 1884 1142 1934 boemo.
1174 1886 1214 1936 De
1234 1898 1310 1934 urso·

222 1970 304 2020 qnam
321 1958 374 2008 sint
391 1961 538 2010 maturae.»
567 1961 651 2010 Corin.
666 1962 745 2018 Ceno.
783 1970 843 2008 rum
861 1971 927 2006 vnce
945 1958 1014 2021 virg.
1034 1959 1098 2008 A'en.
1118 1960 1147 2018 7,
1168 1959 1208 2009 48,
1232 1971 1308 2010 usur-

223 2059 251 2068 -
260 2032 341 2093 palo]
361 2032 516 2096 simpliciter
526 2034 658 2096 signifieat
675 2047 747 2084 uma·
783 2032 856 2094 pavit
872 2045 896 2081 v.
912 2033 1020 2093 saevire,
1040 2032 1177 2084 Clandinn.
1191 2033 1225 2082 de
1235 2033 1309 2084 ilallii

220 2109 334 2156 turam.»
363 2105 511 2157 Philostrat.
529 2109 628 2171 lmagg.
651 2109 678 2167 4,
697 2108 744 2158 3⁴:
784 2106 863 2156 Coos
883 2107 940 2156 298.
958 2107 1063 2166 radere,
1088 2105 1209 2170 volgatus
1227 2110 1307 2158 inter-

218 2177 296 2230 σῦκα
302 2179 436 2245 μέλανα
447 2174 509 2249 ὀπῷ
519 2179 682 2247 λαβόμενα.
691 2183 744 2233 Cir.
783 2191 846 2242 pres
858 2179 940 2229 lsniae
952 2180 999 2240 59,
1019 2182 1058 2230 44.
1076 2182 1177 2244 moire3
1196 2181 1309 2231 verbum

220 2255 255 2304 de
271 2255 371 2305 ficuum
388 2257 510 2306 insitione
527 2259 592 2308 Cato
609 2260 638 2308 ii.
655 2259 685 2308 ii.
702 2257 743 2308 ti.
785 2254 924 2316 proprium
942 2267 1038 2303 necare
1053 2254 1095 2304 vel
1112 2269 1213 2318 sonare
1231 2255 1308 2305 luisse

222 2327 326 2378 Colum.
340 2331 369 2389 5,
384 2331 410 2380 44
423 2369 429 2390 ,
442 2333 466 2380 7,
482 2359 509 2367 -
528 2332 613 2396 Meua]
631 2335 693 2383 om
705 2332 746 2382 est
783 2325 875 2376 dicuni
886 2325 1073 2392 Glossograplri
1085 2328 1118 2378 de
1131 2329 1243 2379 vocibus
1254 2329 1310 2378 ani-

219 2402 334 2453 labulaa
351 2402 430 2454 melle
442 2407 743 2469 npumnemorensium.
783 2398 902 2450 melium·
924 2429 951 2436 -
970 2402 1042 2466 avie]
1066 2403 1138 2452 llaec
1161 2401 1241 2452 lectio
1265 2401 1309 2451 iir-

220 2476 323 2527 Colum.
337 2477 362 2538 9,
374 2479 399 2527 Ξ.
412 2507 439 2514 -
453 2480 594 2542 ιουίεοοι]
614 2482 744 2530 :maxima
783 2475 872 2523 matur
889 2487 904 2523 a
922 2477 1019 2526 nostris
1043 2475 1126 2526 Codd.
1150 2479 1257 2539 praeter
1278 2477 1305 2524 T.

220 2563 282 2600 cum
290 2550 426 2601 eeleritate
436 2551 571 2603 delinitae
580 2555 743 2605 montibus.»
782 2547 872 2597 verna
889 2561 951 2598 cum
970 2561 1063 2612 prosp.
1083 2550 1179 2598 orcum
1197 2561 1307 2612 comno-

222 2649 250 2659 -
266 2624 343 2688 pede]
369 2627 513 2689 Propterea
538 2627 609 2690 qnod
639 2633 746 2677 canani
782 2623 831 2672 sita
844 2621 1002 2686 pierumque
1011 2626 1106 2686 regunt
1114 2624 1302 2676 accusatirnm.

218 2710 319 2760 aquae,
342 2699 418 2759 pedes
442 2701 472 2749 iis
498 2699 618 2750 tribuunt
638 2706 742 2764 poetae.
783 2696 858 2761 (Ovili
875 2696 975 2746 dictum
993 2700 1078 2756 esset,
1099 2701 1129 2747 ut
1147 2698 1221 2748 Ovid.
1244 2697 1302 2748 ieet.

220 2775 325 2822 Lucret.
343 2774 372 2833 e,
389 2773 445 2821 iia.
468 2786 614 2836 marsusque
632 2777 661 2836 6,
680 2777 742 2825 637:
782 2769 883 2830 i,3eo:
904 2772 1235 2835 iuveni-eironmfmsditor.
1249 2771 1301 2821 Lis.

219 2847 305 2910 (aqua)
333 2859 409 2907 saper
440 2851 522 2895 terras
556 2849 620 2897 redit
644 2851 744 2913 nornine
783 2845 807 2906 9,
826 2845 878 2896 ie:
895 2846 1234 2909 nedifieio--cirmrmieote
1250 2859 1305 2894 ma-

216 2919 295 2979 dulei,
322 2918 443 2978 (inania
466 2921 624 2970 mctasemel
649 2923 743 2983 liquido
781 2919 825 2968 ris.
862 2919 899 2968 ld.
918 2920 963 2980 37,
982 2920 1027 2971 ei:
1057 2933 1155 2982 qaae-
1174 2921 1306 2970 mreumia·

214 2993 276 3054 pede
296 2991 383 3040 detulit
397 2992 487 3041 undas.
520 2993 590 3056 Virg.
614 2995 669 3046 Cnl.
696 2999 741 3047 li:
782 2999 837 3044 ceni
853 2995 993 3058 Europae.)

218 3065 393 3126 Castaliaeque
409 3080 501 3118 sonam
516 3067 610 3130 liquido
623 3072 687 3132 pede
702 3072 743 3121 ta·
814 3070 855 3118 52.
885 3069 947 3130 alto]
974 3070 1042 3120 Cum
1067 3071 1122 3120 otta
1150 3067 1305 3133 (protunda)

217 3143 284 3192 bitur
310 3142 387 3191 unda.
432 3142 578 3206 comparat
608 3145 742 3198 Menenius
781 3141 943 3204 silbarum,
969 3143 1068 3194 absunt
1084 3145 1165 3193 etiam
1182 3143 1303 3206 viperae,

217 3218 279 3280 lleg.
294 3216 377 3278 3,l8,
395 3215 441 3267 it:
464 3212 549 3281 φωνὴ
571 3215 630 3267 τῶν
646 3218 743 3270 ποδῶν
781 3229 851 3278 quae
877 3219 969 3266 amant
993 3217 1050 3268 loca
1076 3230 1186 3278 saxosa,
1217 3215 1302 3274 arida¹

216 3288 268 3342 τοῦ
281 3285 376 3341 ὑετοῦ.
396 3319 424 3326 -
443 3289 599 3352 «Eleganter
610 3293 668 3354 ipso
680 3307 743 3344 ver·
781 3303 937 3341 cavernosa.
955 3289 1103 3342 Altasimul
1121 3289 1306 3353 significatae·

216 3379 249 3416 su
265 3377 406 3417 susurrum
423 3377 509 3427 equae
527 3363 672 3417 desilientis
686 3369 744 3418 imi-
780 3365 836 3416 lum
848 3377 909 3415 esse
925 3364 1125 3416 fertilissimum.
1148 3365 1225 3414 llam.
1238 3362 1266 3413 ll.
1278 3377 1305 3418 σ,

216 3441 287 3488 tatus
304 3441 370 3488 est.»
394 3439 478 3488 Conni.
499 3440 577 3496 Ceno.
780 3439 841 3490 550:
866 3439 984 3502 τέμενος
999 3435 1176 3504 βαθυλήϊον.
1210 3437 1304 3487 nosch.

249 3513 290 3560 50.
311 3514 353 3560 st.
383 3513 464 3573 unta]
494 3511 584 3561 «laete
613 3513 741 3576 turgide.»
779 3507 1306 3572 4440111454.Βίιιά.οκ.;βαι9ὑνΛει-

219 3585 339 3648 Cl.Virg.
353 3585 407 3636 Ecl.
420 3585 450 3646 i,
463 3587 505 3635 ii.
521 3613 548 3622 —
560 3600 627 3650 area
637 3590 741 3651 molens]
778 3583 871 3652 μῶνα.
891 3588 962 3650 Sept.
982 3587 1042 3636 adv.
1056 3586 1103 3636 Th.
1121 3587 1183 3637 306:
1209 3581 1303 3644 βαθύ-

217 3658 346 3708 amenter
368 3662 507 3722 pastorum
530 3662 680 3712 commodis
701 3664 743 3712 in-
779 3659 862 3720 xiiov'
879 3657 957 3710 alas.
985 3661 1075 3724 Eurip.
1093 3659 1222 3710 Androm.
1241 3659 1303 3709 636:

215 3734 338 3782 serviens
363 3733 447 3796 iisque
472 3736 616 3797 propterea
636 3748 741 3786 carus.»
780 3731 918 3798 πολλάκις
945 3732 977 3784 δέ
1001 3749 1046 3784 τοι
1072 3729 1156 3804 Ξηρὰ
1184 3733 1307 3794 βαθεῖαν

219 3832 246 3842 -
259 3807 421 3871 vespertinam]
434 3808 594 3859 adiectivnm
613 3811 742 3873 temporis
779 3807 833 3874 γῆν
850 3807 965 3875 ἐνίκησε
977 3805 1081 3880 σπορά.
1103 3808 1151 3859 lilii
1169 3809 1225 3858 alto
1238 3805 1306 3858 male

216 3894 265 3944 pro
291 3881 427 3932 adverbio.
464 3884 518 3933 Cio.
544 3896 594 3946 pro
618 3883 670 3935 llil.
691 3885 740 3935 ⁴3:
780 3882 1060 3947 explicantsexoelsa,
1074 3886 1240 3933 montuosa.»
1259 3883 1306 3932 llo

215 3958 345 4006 amramis
355 3956 466 4006 caeam.
485 3957 557 4019 virg.
570 3960 618 4007 Ge.
630 3957 658 4017 3,
673 3959 740 4008 537:
780 3960 864 4013 stram
875 3959 920 4021 qui
936 3958 1181 4022 interpretationem
1195 3957 1302 4016 reilolet‚

214 4029 272 4078 Noe
296 4031 369 4091 tropas
393 4030 497 4081 insidias
522 4033 641 4094 eapmrat
664 4034 742 4082 osuio
781 4032 888 4082 lorsitan
905 4032 1058 4094 acquiescat
1075 4033 1102 4081 in
1119 4031 1258 4090 lanuinus,
1277 4031 1304 4078 ut

214 4103 311 4152 coeam
329 4105 381 4154 Neo
402 4106 519 4170 monilia
537 4112 675 4157 emisenae
696 4107 741 4156 oo-
778 4120 804 4155 v.
824 4107 879 4156 olto
900 4107 1032 4157 artissime
1056 4106 1179 4168 iungatur
1202 4117 1264 4155 enm
1280 4117 1304 4152 v.

213 4176 333 4228 maniat.
361 4179 537 4232 Nemesianus
556 4183 656 4246 Cyneg.
672 4181 738 4233 eit:
779 4181 918 4232 internoscit
928 4181 1016 4246 sitque
1029 4180 1098 4232 adeo
1116 4193 1166 4244 pro
1178 4176 1306 4230 adverbio
