2934 4884
488 374 545 422 litt.
566 375 583 422 Ι.
617 375 646 422 C.
666 375 705 424 tlt.

469 843 806 904 cmxl·

97 1051 141 1114 Tu
161 1069 203 1115 ne
225 1048 425 1136 quaesieris,
450 1047 660 1124 salmasius,
683 1069 781 1136 quern
803 1047 899 1126 mihi,
924 1070 1022 1137 quam
1043 1052 1098 1118 tibi

97 1173 206 1237 Finem
228 1169 263 1236 di
286 1168 451 1244 dederint,
474 1169 661 1245 Leuconoe,
686 1189 746 1235 nea
766 1169 961 1259 Babylonios

157 1369 199 1418 xi.
235 1368 319 1417 lnscr.
346 1364 415 1429 vulg.
450 1367 488 1416 Ad
511 1368 663 1416 Leucoroea.
691 1394 717 1401 -
740 1366 778 1416 Ad
802 1367 829 1418 1..
856 1369 962 1418 suadeor
986 1371 1146 1420 ontumdam

125 1443 318 1492 mamaeam
335 1443 360 1491 S.
380 1442 437 1491 0m.
450 1442 478 1490 T.
500 1469 527 1477 -
547 1442 570 1490 4.
590 1443 724 1503 quaram
740 1444 816 1504 44444,
835 1445 904 1506 nefas
920 1445 1005 1495 LCtll.
1023 1447 1085 1495 —2
1105 1447 1145 1496 de-

126 1513 296 1568 denrntdet
312 1530 352 1580 pr.
371 1533 398 1565 κ.

124 1695 167 1744 ill.
204 1691 392 1752 444444444441,
412 1693 557 1757 lamhee]
575 1706 622 1742 no-
656 1694 727 1757 eesas
742 1695 842 1744 4444444.
866 1695 954 1759 (neser,
976 1697 1087 1748 vetihrm
1104 1711 1118 1748 a
1137 1698 1177 1749 dis

94 1783 157 1819 men
174 1769 352 1830 lictum·grati
364 1769 430 1818 soni.
455 1767 622 1818 Obversaba-
657 1771 685 1818 et
701 1783 716 1818 a
735 1771 845 1832 natura.)
864 1771 1004 1832 Quaesieris
1020 1775 1110 1822 autem
1128 1772 1178 1822 ab·

93 1847 137 1892 tur
152 1847 252 1907 poetae
269 1844 357 1904 imago
374 1841 478 1906 puellae
495 1842 622 1905 supersti-
657 1841 756 1904 solute,
779 1847 808 1894 ut
824 1844 871 1894 0d.
891 1847 915 1907 4,
935 1847 959 1906 9,
982 1846 1020 1896 43.
1057 1849 1175 1911 Proper-t.

93 1920 195 1972 liosae.
222 1931 304 1980 saepe
327 1917 530 1966 mathematicos
555 1928 621 1964 eon·
656 1919 681 1978 2,
700 1920 741 1980 et,
762 1920 789 1968 t:
807 1921 838 1970 At
854 1933 897 1970 voa
908 1921 1038 1980 incertam,
1049 1922 1176 1982 4444444444,

92 1991 220 2049 sarientis,
239 2004 319 2054 aqua
331 1989 438 2039 stultitia
451 2003 511 2039 eam
523 1987 622 2039 444144-
655 1993 750 2056 suanis
770 1993 859 2044 4444444
884 1995 1018 2056 (4444444444,
1041 1999 1063 2044 44
1080 2009 1132 2056 qaia
1147 1999 1178 2044 444

93 2071 149 2115 tum
167 2066 240 2114 vitae
253 2077 333 2115 usum
343 2066 446 2114 avocat.
472 2065 545 2114 l'uuc
556 2076 622 2113 nou-
655 2081 723 2117 mors
739 2069 843 2116 4444444444
860 2069 904 2116 vio
921 2069 1046 2129 (4444444444
1062 2071 1085 2117 44
1106 2069 1176 2118 coela

95 2141 161 2190 dum
180 2139 254 2202 leges
271 2138 341 2188 latae
358 2141 447 2196 erant.
465 2137 562 2202 qubus
580 2152 622 2188 se-
654 2143 802 2193 Piraeum
825 2144 927 2192 inventa
950 2155 1036 2192 444444
1057 2144 1127 2204 Quae
1147 2144 1179 2191 sit

93 2215 237 2264 serissime
254 2213 423 2263 interdictum
441 2215 498 2262 erat
509 2211 621 2262 astrolo-
656 2217 727 2266 stella
742 2217 836 2265 4444444
847 2217 976 2266 conmodis
987 2229 1099 2276 meaeque
1108 2216 1178 2266 mala

93 2292 146 2351 ρἐ,
167 2303 204 2338 ne
215 2292 287 2338 artes
299 2301 362 2338 suas
373 2288 541 2346 exercereut3
561 2287 621 2350 qui-
657 2293 709 2339 oet.
721 2318 748 2326 -
760 2291 807 2338 Vv.
821 2302 953 2350 quaerere,
972 2289 1090 2350 midai,
1109 2303 1177 2338 στο-

93 2364 145 2414 bus
174 2363 279 2424 legibus
310 2361 449 2424 aliquoties
482 2375 516 2412 ex
547 2361 620 2412 ltalia
656 2361 812 2426 χάζεσθαι,
841 2364 947 2426 propria
974 2360 1175 2426 astrologorum,

93 2437 199 2503 expulsi
215 2439 285 2488 suut.
316 2437 388 2486 Suet.
407 2435 486 2499 Vesp.
506 2436 546 2486 44.
573 2436 621 2486 'ia-
655 2452 723 2503 quos
741 2437 911 2488 Philostratus
929 2438 958 2486 V.
978 2437 1057 2500 Soph.
1076 2450 1102 2501 p.
1119 2435 1175 2488 ist.

94 2516 137 2562 444.
158 2513 225 2562 llist.
245 2513 269 2570 4,
287 2512 333 2561 22:
352 2524 429 2573 penta
444 2511 620 2560 444444ωηὶ4-
655 2513 769 2578 appellat
785 2515 900 2583 μυρίοις
920 2507 1049 2584 ἀστέρων
1068 2527 1177 2573 στοχα-

90 2589 182 2650 4444444,
203 2585 360 2648 madibus
377 2585 479 2648 saliua,
506 2587 572 2647 quod
592 2585 620 2634 ier
655 2590 793 2653 ζομένους
810 2587 860 2638 τοῦ
881 2583 975 2651 deneg.

92 2665 196 2712 44444444
211 2667 300 2710 eostre
315 2666 339 2710 44
353 2661 478 2710 4444444444
492 2674 587 2722 semper
597 2666 621 2710 et
676 2665 700 2713 2.
712 2664 736 2712 3.
755 2665 848 2728 Finem]
858 2665 927 2714 vitae
937 2663 1080 2714 decursum
1090 2677 1175 2727 usque

92 2737 250 2787 retinebitur.
290 2735 406 2799 Tempus
431 2737 555 2786 eamriuis
578 2736 619 2785 in·
655 2738 689 2786 ad
705 2737 816 2788 obitum.
838 2765 865 2774 -
886 2740 951 2788 «Nec
967 2739 1083 2802 positum
1100 2738 1175 2788 vides

93 2816 200 2862 eertum
225 2813 280 2864 eelz
307 2809 425 2860 nonnulli
450 2810 568 2860 referunt
584 2809 618 2859 ad
654 2812 832 2875 praecedente
850 2815 917 2876 part.
936 2825 979 2873 ae,
998 2812 1045 2862 ubi
1061 2825 1111 2861 4444
1127 2825 1176 2862 ex-

93 2901 116 2936 a.
135 2901 165 2936 u.
185 2899 209 2935 c.
228 2885 286 2934 448.
654 2889 787 2949 spectes.»
813 2887 905 2936 Reuru.
947 2887 1086 2950 Reperitur
1110 2899 1175 2936 sane

123 2964 149 3011 4.
171 2962 240 3021 «Tu,
258 2963 315 3010 tam
333 2973 394 3008 cara
411 2959 475 3008 mibi
493 2958 529 3020 (id
546 2957 618 3020 quod
654 2961 778 3012 omuibus
800 2961 825 3010 in
848 2960 921 3012 libris
943 2959 1013 3025 apud
1035 2959 1175 3011 Aemilium

92 3037 163 3086 inest
180 3037 207 3085 iu
224 3049 267 3083 w.
287 3048 360 3095 queo
374 3035 443 3093 mihi,
465 3047 537 3094 quen
553 3032 617 3095 tibi),
654 3036 770 3087 Probum
788 3038 898 3086 Pausan.
918 3034 941 3096 4,
961 3035 988 3084 6:
1012 3048 1042 3085 44
1058 3036 1175 3084 444444444-

93 3115 148 3160 lam
190 3110 292 3159 florens
332 3106 529 3158 adolescentula
566 3106 617 3157 noli
653 3116 691 3160 ret
707 3125 751 3159 4444
767 3113 924 3171 seprodaret.
944 3109 1094 3160 H.l.aecli.
1110 3109 1172 3158 m.

93 3187 221 3235 scrutari»
234 3185 298 3237 cet..
311 3196 380 3246 quae
392 3183 543 3246 superstitio
554 3184 618 3231 tuno
654 3188 695 3235 est
716 3187 792 3248 quasi
814 3184 968 3248 epexegesis
989 3197 1031 3232 vv.
1050 3196 1080 3233 44
1097 3197 1175 3244 qaae-

93 3259 207 3322 vigebat.
250 3259 292 3307 Sic
317 3258 398 3306 Tacit,
425 3260 491 3306 hou.
519 3255 543 3316 3,
570 3257 615 3305 22:
652 3261 731 3321 444444,
751 3259 823 3322 quod
841 3258 917 3308 aliter
933 3258 990 3307 lieri
1008 3259 1176 3320 nonpoteral

93 3336 233 3396 4444444444
249 3347 298 3395 per
319 3333 454 3382 Chaldaeos
474 3332 501 3379 in
518 3332 618 3380 4444444444
654 3336 703 3384 nisi
720 3332 845 3384 consultis
863 3331 1111 3382 mathematicorum
1129 3341 1176 3378 uu-

94 3410 218 3460 Caesaris.
254 3406 307 3458 Cir.
327 3405 391 3456 ibid.
410 3407 451 3467 44,
470 3407 511 3455 52.
540 3405 618 3456 Sido·
652 3403 1175 3466 meris.-baoelontos-nmneros]ctral

94 3487 153 3533 aius
170 3481 327 3545 Apollinaris
346 3481 371 3538 8,
396 3481 439 3530 44;
474 3481 539 3530 illud
557 3495 618 3530 eane
653 3483 783 3534 daeorum
793 3478 1011 3543 (astrologorum),
1029 3477 1074 3540 qui
1086 3475 1175 3529 multis

94 3573 142 3607 roe
166 3558 247 3606 444444
274 3555 396 3617 culpabile
421 3557 448 3604 ie
472 3557 617 3618 Lampridio
654 3553 894 3620 computationibus
921 3553 995 3602 lactis
1022 3565 1054 3602 ex
1079 3551 1173 3606 tabulis

78 3621 140 3693 ’44444
155 3633 196 3681 sed
209 3631 407 3692 pereroptariem
424 3629 528 3691 (netas),
552 3632 618 3691 quod
653 3629 824 3695 genethliacis
852 3631 932 3691 atquo
958 3627 1174 3692 ephemeridibus

95 3706 280 3755 44444444ηωὶ444
296 3705 423 3766 quondam
435 3705 541 3754 4444444
557 3719 617 3754 arae
654 3707 687 3755 de
710 3705 829 3754 siderum
853 3705 922 3754 statu
948 3705 975 3752 et
999 3704 1172 3767 oppositione,

94 3783 142 3842 4444
157 3780 288 3829 4444444444.
310 3806 337 3813 —
356 3779 416 3842 ipsa
433 3791 527 3828 versus
551 3793 617 3829 con·
653 3781 790 3829 hominum
800 3779 844 3842 qui
854 3791 900 3829 eos
908 3775 1089 3838 consulebant,
1100 3779 1174 3844 yere-

95 3855 203 3904 structio
214 3852 289 3902 iubet
299 3867 348 3904 nos
359 3853 468 3915 iungere
479 3867 533 3902 uon
543 3868 619 3915 44444
652 3869 699 3904 σιν
716 3855 744 3904 et
754 3853 941 3917 horoscopum,
953 3854 1032 3916 atque
1043 3865 1092 3914 per
1102 3852 1174 3902 hune

95 3931 164 3978 444444
190 3929 268 3988 seire,
300 3927 350 3978 sed
377 3927 442 3976 44444
471 3928 558 3989 resur,
587 3931 618 3978 ut
651 3930 720 3978 vitae
762 3928 955 3978 vicissitudines
1000 3925 1171 3976 deliniebant.

95 4002 176 4066 Epod.
197 4003 237 4064 to,
258 4000 302 4052 tt:
320 4003 392 4064 nesae
406 4001 498 4051 eidere.
517 4003 614 4053 Luoau.
652 4004 748 4053 Lucan.
768 4004 792 4064 4,
811 4003 871 4052 63θ;
891 4001 924 4051 de
936 3999 1024 4064 figulo
1041 3999 1172 4063 astrologo

97 4078 119 4136 t,
146 4077 207 4126 tes:
234 4077 290 4138 ereis
314 4077 402 4125 44444444
425 4076 507 4125 induit
531 4089 614 4138 44444,
650 4076 775 4141 loquens:
822 4077 979 4136 uerarisque
1021 4074 1172 4124 mwentibur

97 4152 164 4200 Scire
179 4151 258 4214 miae.
292 4151 389 4201 Statius
406 4149 489 4199 Theb.
508 4150 532 4210 3,
550 4151 613 4201 562:
650 4156 729 4202 444444.
765 4153 818 4200 luv.
847 4151 871 4210 6,
895 4149 955 4200 4476ε
978 4149 1075 4200 umeri
1093 4149 1172 4198 lbra-

98 4225 154 4284 auid
172 4226 287 4274 44444444
305 4225 414 4276 aeirem
438 4229 521 4286 4444444,
546 4225 616 4275 seire
650 4225 718 4287 sulii,
747 4224 938 4282 mathematici3
965 4220 1098 4288 ψηφῖδας
1123 4237 1172 4273 νο-
