2934 4884
290 360 331 424 70
670 359 799 409 uomru
817 357 984 408 cunumuu

333 517 475 584 Tentaris
497 534 658 580 numeros.
702 512 742 580 Ut
762 510 894 588 melius,
918 511 1075 599 quidquid
1098 512 1173 587 erit,
1197 513 1278 598 patil

332 640 397 705 Seu
419 637 529 725 plures
550 634 674 700 hiemes
696 654 755 700 seu
777 632 887 700 tribuit
908 632 1051 721 luppiter
1070 631 1230 710 ultimam,

332 798 424 876 Quae
445 814 530 860 nunc
552 792 708 880 oppositis
731 790 875 858 debilitat
895 789 1077 880 pumicibus
1098 811 1188 874 mare
1349 793 1372 856 5

342 993 543 1119 lamiarum
567 991 649 1042 bSTo.
677 1019 703 1026 —
729 989 753 1041 i.
779 989 868 1040 tribuet
891 1003 906 1039 e
930 989 1012 1040 cudo.
1041 989 1067 1039 1³.
1090 1017 1116 1025 —
1141 991 1166 1039 b.
1186 990 1234 1052 Qui
1251 989 1334 1040 Codd.

322 1071 386 1120 Bao
406 1069 457 1118 'nii

289 1248 351 1296 cant
378 1245 484 1303 Graeci3
517 1243 628 1293 rationes
663 1241 812 1292 chaldaicos
847 1240 938 1292 uland.
970 1241 1019 1304 Qui
1036 1240 1167 1306 (Iuppiter)
1184 1239 1227 1291 vel
1238 1241 1298 1292 ideo
1311 1243 1375 1292 reii-

291 1321 345 1371 Cic.
364 1317 398 1369 de
415 1319 472 1368 Diu.
485 1318 511 1380 ἰ,
524 1316 564 1368 ii.
578 1344 605 1354 -
618 1315 730 1366 Τοιιιιινὶι
746 1314 813 1366 «sol-
848 1313 943 1364 cienda
965 1316 1018 1374 est,
1041 1316 1102 1378 quia
1124 1315 1202 1366 buius
1222 1317 1372 1368 sententiae

290 1394 361 1446 licite
373 1392 543 1457 exploratis.»
562 1391 615 1442 Cir.
629 1391 676 1441 0d.
691 1393 715 1452 i,
731 1391 773 1452 28,
786 1393 810 1440 s.
848 1387 918 1438 nullu
940 1389 1046 1439 omnino
1071 1389 1139 1440 ioret
1160 1389 1283 1440 iunctura
1307 1404 1374 1442 cum

292 1498 319 1506 —
347 1470 377 1518 Ut
396 1468 490 1531 meliro]
520 1467 646 1527 «Quanto
668 1466 751 1516 sotius
772 1466 813 1515 ost
848 1461 950 1525 reliquo
968 1463 1098 1523 carmine5
1121 1465 1192 1528 pingi
1210 1467 1301 1514 contra
1321 1463 1374 1515 de-

290 1545 371 1594 eliam
391 1541 462 1592 mala
483 1542 551 1606 poti,
579 1539 624 1590 ubi
646 1540 811 1600 advenerint,
849 1536 931 1586 behet
948 1535 1071 1588 terribilis
1083 1537 1161 1588 huius
1173 1537 1276 1599 hiemis,
1298 1539 1374 1590 eius-

290 1631 372 1680 quam
389 1616 420 1665 iis
436 1618 497 1664 ante
516 1613 683 1678 explorandis
704 1615 813 1665 maesti·
849 1613 911 1662 dem
929 1611 1040 1662 sonasse
1058 1611 1178 1674 ultimae,
1197 1614 1311 1677 impetus
1329 1616 1375 1663 at-

175 1683 180 1688 ’
289 1693 356 1742 tiam
371 1692 530 1754 perpetuam
552 1689 598 1738 tibi
617 1690 811 1753 praeparor-el·
849 1700 901 1750 que
926 1687 1037 1736 insania.
1071 1687 1190 1737 Debilitati
1214 1691 1303 1738 autem
1329 1691 1375 1738 est

291 1764 402 1815 salmas.
425 1764 460 1813 ad
477 1765 546 1814 Tert.
566 1763 600 1812 de
618 1761 697 1813 Pallio
713 1777 740 1827 p.
754 1763 810 1813 322.
850 1759 971 1821 «collidit,
988 1762 1140 1822 machelum
1158 1762 1223 1812 dum
1235 1761 1323 1812 undae
1335 1762 1374 1812 ad

291 1839 457 1902 comparavit
472 1832 513 1899 ὥς
529 1834 624 1904 πολλῷ
641 1831 770 1902 ἄμεινον.
848 1836 969 1898 pumices
990 1833 1047 1885 illos
1064 1849 1124 1886 sese
1141 1837 1295 1899 infringunt,
1318 1850 1374 1887 non

323 1912 349 1963 i.
368 1915 392 1962 ὅ.
412 1913 512 1976 Excipit
522 1913 653 1976 protosin:
672 1913 815 1975 Scriptores
851 1907 1023 1973 «banquillat
1037 1914 1170 1972 coercet»
1182 1913 1211 1961 ut
1219 1923 1304 1976 nuper
1314 1913 1375 1975 qui-

291 2013 306 2024 -
323 2013 337 2023 -
352 2000 425 2036 muro
443 1987 611 2049 momen,
630 1985 754 2052 epodosis
771 1999 814 2035 ac-
850 1982 912 2032 dam
930 1982 1076 2047 explicavit.

285 2062 353 2124 pius.
373 2061 469 2111 Contra
478 2059 599 2125 plerique
610 2064 709 2126 puncto
720 2060 815 2112 distin-
883 2057 907 2106 6.
925 2058 1018 2122 supina]
1042 2057 1157 2108 «Omitte
1176 2055 1247 2108 illam
1264 2057 1374 2110 stultam

290 2139 374 2200 guunt
389 2138 451 2186 ante
467 2149 493 2185 v.
505 2137 602 2199 septam
619 2140 650 2186 ut
660 2149 746 2201 nuper
758 2148 817 2185 rur·
850 2131 1052 2183 sollicitudinem
1069 2133 1105 2191 et,
1123 2135 1153 2182 nl
1163 2133 1311 2197 sapientem
1322 2135 1376 2184 de-

291 2225 339 2262 sus
363 2211 426 2262 iecit
449 2210 538 2274 Regcl.
574 2214 694 2272 «Nam»
719 2212 813 2276 inquit,
851 2209 902 2267 oet,
916 2207 1003 2257 fruere
1016 2209 1096 2256 vita.»
1125 2208 1275 2272 imperativi
1291 2209 1377 2260 habet

293 2300 350 2336 «vu.
369 2287 490 2349 quidquid
505 2287 553 2336 cil
569 2288 725 2337 accuratiori
737 2288 816 2351 egent
850 2283 917 2342 vim,
937 2293 986 2331 neo
1004 2281 1105 2332 dictum
1122 2285 1176 2343 est,
1198 2286 1229 2333 ut
1245 2281 1300 2333 volt
1315 2285 1377 2334 Pri-

293 2361 484 2424 explicatione‚
512 2373 581 2424 quae
606 2374 682 2424 seqq.
709 2362 817 2411 Soti-scu
851 2357 955 2407 selanus
976 2356 1004 2404 T.
1027 2357 1052 2406 2.
1074 2369 1102 2420 p.
1128 2356 1184 2408 lii.
1207 2359 1267 2420 lin,
1286 2371 1335 2422 pro
1352 2360 1376 2409 ιι·

293 2435 455 2486 morionum
497 2435 559 2485 ilibi
582 2448 648 2485 vero
672 2435 733 2484 huic
757 2435 815 2498 opi·
850 2431 947 2493 sapias,
969 2430 1011 2480 vel
1032 2432 1119 2495 potius
1142 2433 1169 2482 in
1192 2434 1309 2482 oratione
1331 2433 1376 2483 di-

292 2511 364 2560 nioni
389 2509 505 2558 maxime
530 2521 624 2558 versus
649 2509 674 2558 6.
703 2521 814 2558 caesura
850 2505 1041 2568 reclausapis,
1059 2507 1080 2555 si
1096 2508 1185 2569 mpies,
1204 2508 1371 2558 utestOvid.

293 2583 429 2634 adversari
449 2583 563 2632 videtur.
593 2609 620 2618 -
645 2582 743 2646 hictosa]
768 2597 816 2633 sn·
851 2585 909 2632 Am.
930 2582 954 2641 l,
973 2579 997 2641 i,
1015 2581 1061 2630 29:
1092 2583 1163 2643 Quod
1178 2582 1221 2630 tibi
1236 2583 1375 2644 meuserit,

293 2671 355 2715 nos;
381 2659 486 2708 servato
508 2659 599 2707 tomen
622 2658 753 2721 primitiva
779 2660 816 2709 si·
851 2657 948 2718 acptum
975 2655 1042 2705 bilai
1061 2657 1113 2719 ipro
1129 2655 1217 2706 sibam
1239 2683 1266 2692 -
1285 2656 1374 2721 liques]

292 2731 458 2796 gnificationc
475 2732 564 2783 statim
585 2733 734 2796 praesentis
754 2733 815 2784 anni
850 2734 901 2780 Per
917 2728 1005 2780 colum
1022 2731 1169 2790 nivarium,
1187 2729 1230 2781 vel
1246 2744 1295 2795 per
1311 2743 1375 2782 sao-

291 2809 398 2869 tompus
423 2805 566 2856 hibernum
588 2807 718 2870 depingit3
746 2821 814 2871 quae
852 2803 941 2853 culum
961 2803 1071 2855 linteum
1093 2803 1216 2854 colebant
1237 2806 1292 2854 sive
1312 2817 1376 2856 sac-

293 2881 380 2930 biems
395 2894 463 2930 ιιιιιιο
483 2881 594 2930 munt
608 2883 703 2942 undas,
724 2882 813 2944 effluit,
853 2878 949 2928 cabant
965 2881 1035 2940 vina,
1054 2892 1107 2942 quo
1129 2880 1237 2944 dempta
1256 2880 1329 2930 ieeoe
1348 2885 1377 2930 et

293 2956 323 3004 ut
340 2953 493 3017 tranguntur
509 2954 543 3004 ad
557 2956 677 3016 mesmes,
695 2969 749 3005 non
760 2959 816 3006 tam
853 2954 918 3003 ilors
936 2953 1073 3016 liquidiora
1085 2953 1188 3004 flerent.
1209 2954 1316 3004 Martini.
1332 2954 1374 3016 li,

292 3029 400 3094 proprie
416 3029 511 3090 dictos,
530 3042 620 3092 quam
640 3033 671 3080 ut
687 3034 729 3082 est
745 3031 816 3096 apud
854 3027 914 3077 ltili:
954 3029 1051 3077 Selinos
1081 3041 1168 3078 moneo
1201 3033 1287 3078 nostro
1318 3031 1378 3080 nitro

293 3102 404 3154 Plinium
418 3104 460 3164 36,
478 3103 524 3155 ic:
543 3107 703 3168 appollontm
719 3108 818 3168 quidem
851 3104 941 3166 [rocas
974 3104 1090 3161 tricesies,¹
1122 3105 1274 3166 Pauperiore
1305 3117 1377 3155 mero

293 3179 332 3228 ito
348 3178 484 3243 (pumices)
506 3186 530 3229 ct
550 3193 623 3230 eroso
641 3195 722 3240 summ
744 3181 815 3243 virg.
854 3179 950 3240 tio-pere
966 3177 1019 3226 boo
1032 3181 1109 3238 polos.

294 3256 360 3304 Aen.
380 3255 405 3316 5,
422 3255 484 3305 uti:
510 3256 637 3318 column,
665 3258 707 3306 cui
731 3258 818 3305 domm
886 3251 910 3300 6.
931 3251 1079 3314 «Reputans
1089 3255 1186 3312 tecum,
1199 3265 1280 3315 quam
1292 3251 1376 3304 breve

294 3334 318 3379 ot
342 3329 425 3377 dulces
447 3329 569 3380 lumbrcso
589 3332 615 3380 io
632 3333 731 3393 pumice
755 3331 817 3390 nidi,
853 3329 922 3378 vitae
935 3328 1102 3391 sitspatium‚
1116 3329 1376 3379 certumterminum

297 3405 456 3467 (iterumque
468 3406 508 3466 li,
521 3406 598 3468 587.)‚
610 3419 681 3456 osseo
691 3407 743 3455 sole
752 3419 820 3455 socca
854 3403 917 3453 siste
929 3402 1025 3453 nimiae
1037 3403 1093 3466 spei
1105 3403 1139 3452 de
1157 3401 1242 3452 futuro
1256 3405 1377 3466 tempore

292 3479 506 3540 perasalbucret.
521 3482 545 3540 l,
558 3480 626 3543 ³20.)
639 3484 818 3546 etpropteren
855 3477 915 3541 (spei
936 3477 1037 3540 leopos,
1062 3477 1090 3526 ut
1110 3476 1158 3525 Od.
1183 3478 1206 3536 l,
1229 3475 1254 3537 i,
1276 3479 1326 3539 ⁴5.)
1349 3480 1377 3526 el

295 3551 446 3614 pumicibus
474 3555 568 3604 nativis
599 3554 701 3605 similis.
743 3556 819 3605 Sido-
855 3555 913 3602 vive
931 3552 1131 3615 inpraesentia.
1168 3553 1221 3601 lum
1244 3551 1309 3601 dum
1327 3551 1378 3600 do-

296 3626 356 3674 nius
380 3625 463 3688 Apoll.
490 3630 530 3684 il.
554 3631 600 3680 26:
626 3632 747 3681 Exterior
770 3645 820 3679 oon
856 3628 967 3677 utrinam
985 3627 1054 3676 bano
1070 3625 1216 3686 tibitrado‚
1235 3626 1380 3688 lugitirre-

296 3703 395 3761 coopto
427 3701 510 3760 silem
544 3704 586 3749 sod
615 3708 739 3764 prominet
772 3707 821 3754 olto
854 3701 972 3766 parabile
990 3705 1104 3765 tempus,
1123 3699 1381 3764 quodlaetitiuede·

295 3775 373 3835 Asper
388 3773 421 3821 ab
437 3775 537 3823 moisem
553 3776 821 3837 lurnpiononosrbsro
856 3777 945 3826 dicare
961 3777 1166 3839 potuissemus.»
1189 3774 1380 3840 Neoptolemus

294 3861 414 3910 pumex.
438 3873 466 3883 —
488 3851 613 3913 oppositis]
636 3857 722 3903 «mari
744 3855 820 3905 obie-
856 3865 898 3915 ap.
921 3850 997 3901 Diod.
1025 3851 1074 3899 Sic.
1103 3851 1143 3912 46,
1166 3851 1210 3900 92:
1245 3844 1381 3912 ἄφαντος

298 3924 347 3972 ctis
374 3923 402 3971 in
430 3925 549 3973 extremo
576 3923 651 3974 litore
677 3929 820 3992 fluctifrago
856 3923 987 3998 προσέβα
1014 3921 1133 3995 Μακρὰς
1160 3919 1381 3996 ἀφαιρούμενος

300 3997 412 4057 (Lucret.
438 3996 461 4054 l,
480 3997 564 4060 2ssi.»
598 3999 654 4049 Noli
680 4013 742 4049 cum
765 4001 820 4051 aliis
856 3998 970 4062 ἐλπίδας
986 3997 1103 4067 θανάτῳ
1119 3993 1381 4065 ΠολύμοχθοςἍι-

300 4072 416 4132 cogitare
433 4069 468 4120 (le
486 4071 600 4122 molibus
621 4075 678 4123 arte
696 4073 771 4124 lactis
788 4087 821 4125 ex
856 4072 916 4137 δας.
952 4075 988 4124 Ex
1010 4075 1041 4124 iis
1059 4077 1100 4126 est
1118 4073 1182 4126 locis
1201 4075 1238 4138 (ut
1254 4075 1309 4124 lere
1328 4075 1378 4124 0d.

299 4143 406 4206 pumice
423 4147 451 4194 et
466 4145 576 4208 pulvere
593 4146 744 4199 Puteolano.
767 4149 821 4212 (vi-
858 4150 882 4210 4,
901 4150 925 4206 6,
944 4148 978 4212 l.)
996 4149 1042 4199 ubi
1059 4147 1188 4200 ablativus
1203 4146 1341 4200 absolutus
1353 4151 1382 4198 et

299 4218 369 4267 tnrv.
387 4219 413 4280 2,
431 4220 456 4270 6.
474 4222 502 4270 el
518 4223 543 4284 5,
561 4221 596 4283 6.)
630 4224 713 4274 Lecti.
733 4221 818 4273 Codd.
857 4222 1063 4275 instrumentalis
1074 4225 1225 4274 invicemss
1236 4224 1380 4288 penetrant
