2934 4884
669 340 798 392 uoaarn
817 337 984 390 canalium

647 827 882 894 cm
909 829 1003 888 ΣΧ.

454 1021 521 1088 Vile
543 1018 668 1108 potabis
690 1015 826 1084 modicis
848 1013 1001 1082 Sabinum

455 1141 637 1217 Cantharis,
661 1139 785 1206 Graeca
807 1135 895 1225 quod
917 1156 978 1224 ego
1001 1136 1071 1223 ipse
1093 1145 1173 1204 testa

252 1356 254 1361 ·
352 1343 404 1394 XX.
439 1341 522 1391 lnscr.
544 1338 613 1401 voig.
648 1337 686 1388 Aa
706 1336 883 1388 Mammam.
906 1361 932 1370 -
950 1335 1119 1384 Maecenatem
1141 1335 1277 1384 nocem
1294 1333 1335 1382 in-

317 1419 382 1468 uitat
397 1418 423 1466 S.
442 1415 498 1466 Om.
517 1416 545 1465 T.
566 1439 594 1450 -
612 1413 636 1461 4.
656 1410 715 1476 Vite]
732 1411 811 1461 Datne
827 1408 992 1462 Madcnbach
1009 1409 1132 1459 Wakkcr.

319 1595 373 1648 XX.
408 1592 591 1644 Maecenatem
601 1601 681 1639 snum
691 1585 726 1637 ad
743 1600 810 1638 con·
847 1588 982 1646 ansatum,
1005 1587 1044 1636 sio
1061 1587 1238 1644 nominatum,
1262 1588 1292 1636 ut
1312 1587 1366 1636 aie·

287 1669 388 1718 vivium
404 1667 513 1718 minime
534 1665 721 1728 sumptuosum
742 1661 810 1710 invi-
846 1660 928 1720 bant,
964 1673 979 1710 a
1014 1659 1092 1723 figulo
1125 1661 1270 1710 inventore.
1306 1659 1364 1721 ,Cir

288 1743 335 1792 tat.
364 1740 470 1791 Scilicet
486 1737 599 1789 testibus
610 1735 721 1788 scholiis
738 1735 808 1798 apud
846 1733 940 1783 Athon.
960 1733 999 1783 44.
1018 1747 1044 1798 p.
1064 1733 1112 1786 iii
1125 1735 1157 1784 d:
1181 1729 1226 1785 ὅτι
1243 1735 1292 1784 καὶ
1309 1728 1367 1783 ἀπὸ

288 1817 370 1878 Crnq.
383 1811 554 1865 etVandcrb.
573 1811 810 1862 Maecenasiturus
846 1803 1004 1877 Κανθάρου
1032 1809 1178 1878 κεραμέως
1205 1803 1366 1874 ὠνομάσθη

288 1893 316 1941 in
335 1888 458 1952 Apuliam
478 1886 636 1950 significavit
658 1884 767 1935 Horatio
786 1884 810 1932 ei
847 1877 881 1931 τὸ
896 1875 1018 1947 ἔκπωμά
1029 1898 1105 1948 φησι
1116 1882 1289 1954 Φιλέταιρος.
1310 1887 1367 1948 (Le-

288 1977 318 2014 se
348 1965 409 2013 antc
442 1962 636 2027 protectionem
669 1959 810 2010 convivam
846 1959 972 2008 normani
995 1957 1109 2008 lehem
1129 1959 1278 2010 Contionis.
1299 1963 1363 2010 Ann.

288 2050 350 2090 essa
375 2036 456 2088 velle:
486 2037 536 2086 nisi
559 2049 625 2086 vero
648 2034 701 2084 hoc
725 2036 810 2084 totum
846 2029 905 2081 dell·
926 2033 989 2081 inst.
1012 2031 1036 2082 4.
1063 2045 1089 2096 p.
1113 2033 1180 2096 344.)
1214 2035 1284 2098 virg.
1313 2033 1364 2085 Ecl.

288 2113 472 2164 commentum
488 2111 658 2172 antiquorum
675 2108 811 2161 estintcr-
847 2105 871 2165 6,
902 2106 944 2154 ⁴7:
974 2108 1064 2157 attrito
1085 2108 1208 2169 pendebat
1233 2110 1368 2160 canaonas

288 2190 404 2252 protum.
434 2186 498 2247 Quis
515 2187 585 2236 enim
598 2184 697 2234 Horatii
709 2194 811 2245 aequa-
847 2192 931 2229 ansa.
963 2181 1152 2232 Huiuscemodi
1164 2181 1266 2248 poculis
1283 2185 1367 2234 maio-

288 2261 354 2312 iium
369 2262 421 2312 hoc
437 2259 530 2312 litteris
541 2259 713 2310 mandasset?
731 2255 812 2307 Pleri-
847 2253 922 2304 ribus
933 2256 960 2306 in
970 2253 1046 2306 iactis
1058 2255 1245 2308 occasionibus
1257 2258 1367 2310 uteban-

288 2349 352 2400 que,
370 2334 521 2396 utWaick.‚
541 2335 594 2385 hoc
611 2345 721 2384 carmen
739 2343 812 2382 com-
847 2331 898 2378 tur.
917 2328 980 2379 Plin.
1001 2331 1031 2390 44,
1051 2331 1080 2380 N.
1100 2330 1140 2392 33,
1161 2331 1204 2381 tt:
1225 2333 1250 2383 C.
1269 2333 1367 2383 Marisa

287 2413 406 2476 positum
423 2423 484 2460 csse
505 2411 600 2472 putant
620 2422 645 2457 a.
662 2420 690 2456 u.
709 2420 733 2455 c.
752 2404 809 2454 4344.
843 2410 901 2466 post
915 2405 1048 2454 uictoriam
1069 2405 1197 2455 cantharis
1209 2412 1310 2470 potasse
1325 2408 1366 2457 ii-

289 2485 390 2536 Franko
416 2487 444 2534 et
464 2482 569 2533 Liibirer
588 2481 709 2532 reierunt
728 2479 764 2529 ad
784 2491 808 2528 a.
848 2479 899 2528 beri
917 2480 1001 2540 patris
1020 2481 1132 2542 asnapio
1156 2483 1274 2531 traditur.
1313 2483 1366 2531 iia-

288 2557 496 2617 mavelim..
521 2555 688 2633 probabilius
710 2552 811 2622 Weber
848 2553 922 2603 crab.
942 2555 994 2603 Sat.
1014 2555 1039 2614 5,
1057 2555 1100 2603 at:
1130 2555 1241 2618 Seppius
1256 2556 1367 2606 Horatiis

288 2633 374 2683 Horas
390 2645 417 2696 p.
436 2632 493 2682 264.
512 2631 546 2680 ad
563 2643 588 2680 a.
607 2630 656 2679 726
672 2626 715 2678 vel
731 2628 788 2678 727.
844 2629 1022 2691 peccamen,
1040 2630 1115 2679 itaut
1125 2631 1207 2680 Liberi
1214 2634 1366 2694 patriacen-

323 2707 347 2756 4.
368 2706 426 2772 Vite]
444 2706 564 2756 Modesto
581 2702 659 2754 simui
676 2704 704 2752 ct
719 2702 810 2752 iocose
846 2705 941 2753 tanna.
984 2705 1050 2755 Hinc
1078 2707 1234 2768 saepissime
1260 2709 1366 2771 conspi-

288 2781 405 2844 loquitur
436 2782 471 2830 dc
505 2779 602 2830 Sabino
639 2789 810 2840 nequaquam
847 2780 954 2828 ciuntur
978 2780 1004 2828 in
1029 2779 1100 2830 vasis
1124 2779 1270 2832 Bacchiois.
1314 2781 1363 2832 Cir.

288 2855 471 2920 comparando
488 2867 552 2906 oum
569 2851 695 2904 Caecubo
712 2855 764 2902 cet.
782 2865 808 2900 v.
847 2851 966 2902 Gerhard
980 2854 1099 2916 Vspantdo.
1110 2855 1164 2904 4.Τ.
1176 2855 1215 2905 47.
1229 2883 1256 2891 -
1270 2857 1365 2906 Graeca

288 2933 313 2982 9.
331 2932 395 2982 Erat
411 2933 502 2982 autem
519 2925 598 2991 οἶνος
615 2923 728 2978 πάντων
744 2941 811 2977 κου-
846 2928 960 2992 --tcstoJ
971 2928 1099 2992 amphora
1110 2930 1281 2980 vinoGraeco
1293 2933 1364 2995 prius

289 3000 422 3076 φότερος,
441 3008 509 3054 teste
527 3002 625 3054 Galeno
642 3003 714 3066 apud
731 3003 811 3052 Athe-
847 3001 958 3064 imbuta,
978 3017 1031 3066 quo
1048 3001 1190 3066 aliquando
1209 3004 1305 3056 meiius
1322 3005 1365 3055 fie-

289 3093 387 3130 naeum
400 3080 423 3139 4,
440 3093 468 3143 p.
480 3080 511 3129 27
523 3079 555 3128 b:
573 3071 633 3128 ἀπὸ
650 3074 721 3128 ἐτῶν
738 3071 810 3129 ἑπτὰ
846 3081 888 3128 ret
904 3077 1040 3128 Sabinum.
1075 3080 1194 3128 Otiosum
1210 3079 1317 3130 ridetur
1333 3079 1364 3128 dc

289 3150 450 3219 ἐπιτήδειος
466 3153 601 3204 πίνεσθαι
610 3153 696 3223 μέχρι
713 3167 809 3203 nme·
846 3165 910 3202 vasa
929 3153 1048 3202 Cumano
1069 3152 1111 3202 vei
1129 3154 1216 3202 Samio
1234 3155 1364 3218 interpre-

289 3227 417 3290 amona,
424 3229 539 3280 crudum
546 3231 737 3290 austerumque
744 3227 808 3277 Plin.
846 3229 905 3288 tari,
924 3228 1023 3290 quippo
1041 3226 1113 3290 quod
1130 3226 1193 3277 nihii
1211 3227 1244 3278 ad
1260 3241 1320 3278 rem
1331 3229 1365 3278 ia-

289 3307 320 3357 44.
339 3308 370 3356 N.
390 3305 429 3366 44,
447 3305 472 3354 2.
507 3303 576 3363 Hoc,
599 3302 633 3352 de
653 3313 707 3364 quo
723 3299 811 3365 loqui·
847 3304 906 3354 ciat.
922 3327 949 3336 -
962 3315 1006 3366 opo
1022 3302 1081 3366 ipse]
1101 3315 1169 3352 onon
1186 3315 1234 3366 per
1251 3315 1363 3367 puerum

289 3384 342 3443 tur,
360 3380 463 3430 bimum
480 3378 561 3430 tuisse
577 3377 764 3441 putatFrankc
782 3377 809 3426 F.
847 3377 963 3440 aliquem
984 3389 1088 3436 meum,
1110 3375 1160 3426 sed
1181 3389 1286 3426 summa
1304 3389 1363 3428 cum

289 3457 320 3507 44.
343 3470 369 3520 p.
393 3456 449 3506 ⁴62.
475 3481 502 3489 -
521 3451 632 3514 modieis]
657 3452 747 3514 parvis
774 3451 812 3514 (ut
847 3465 921 3513 cura,
940 3452 1001 3514 quia
1022 3450 1067 3500 tibi
1088 3450 1276 3501 destinaram.»
1311 3453 1363 3502 Hac

290 3531 343 3580 Sat.
363 3531 387 3591 4,
404 3531 429 3590 a,
447 3531 476 3580 2:
494 3528 598 3590 hospitio
613 3527 718 3576 modico.
742 3526 808 3590 Epp.
847 3527 978 3576 amicitiae
1003 3525 1228 3576 demonstratione
1256 3529 1364 3590 augetur

291 3603 315 3664 4,
338 3605 363 3664 a,
385 3605 410 3653 2.
431 3605 530 3653 modica
549 3601 666 3666 patella.)
690 3603 810 3666 «quippe
846 3602 962 3665 pretium
988 3599 1048 3649 doni
1069 3612 1119 3663 per
1139 3613 1168 3650 se
1190 3601 1285 3663 exigui.
1323 3601 1363 3648 Sic

290 3689 353 3728 cum
380 3675 415 3725 ab
442 3678 515 3726 tcnui
542 3690 602 3728 mea
630 3676 711 3726 domo
741 3675 811 3724 absit
847 3674 955 3725 Rufinus
980 3675 1007 3724 in
1030 3675 1108 3724 Anth.
1135 3673 1188 3724 Pal.
1210 3677 1229 3725 i.
1252 3689 1279 3740 p.
1303 3675 1360 3724 toi:

290 3750 376 3800 omnis
397 3749 546 3814 profusio.»
581 3743 733 3802 'satanae
755 3763 811 3799 ηιο-
846 3749 955 3814 Ilipam
973 3749 1032 3810 coi,
1041 3743 1212 3810 Ῥοδόκλεια,
1230 3747 1296 3800 τόδε
1306 3748 1363 3800 στέ-

290 3826 352 3875 dicia
377 3824 499 3876 consulto
525 3823 632 3875 udatur
664 3825 808 3885 delectum,
847 3839 921 3888 φος,
948 3815 1050 3874 ἄνθεσι
1074 3821 1174 3887 καλοῖς
1197 3817 1289 3888 Αὐτὸς
1315 3819 1361 3884 ὑφ’

290 3901 369 3964 quia,
404 3902 435 3950 nt
461 3899 590 3964 exemplis
618 3899 812 3951 demonstravit
846 3895 997 3971 ἡμετέραις
1014 3895 1188 3964 πλεξάμενος
1210 3896 1360 3965 παλάμαις.

291 3975 402 4026 iioiman
413 3975 582 4040 Peerlkamp,
595 3975 752 4035 cantharus,
765 3987 812 4038 po-
879 3976 902 4026 3.
916 3974 940 4027 4.
953 3975 1007 4037 terii]
1020 3972 1142 4024 Oblinerc
1154 3973 1276 4026 sotebant
1286 3975 1361 4024 corti-

291 4048 381 4101 culum
398 4053 519 4100 ansatum
540 4051 641 4110 maius,
663 4047 810 4099 multibibis
847 4064 908 4101 cem
926 4051 950 4099 in
969 4045 1036 4098 coilo
1052 4049 1242 4112 amphorarum
1261 4050 1320 4112 pico
1337 4047 1361 4095 et

290 4125 458 4188 potissimum
475 4123 606 4189 placebat.
847 4137 940 4188 gypso.
975 4122 1022 4173 Od.
1042 4122 1066 4183 3,
1085 4123 1110 4184 8,
1130 4123 1157 4172 9:
1187 4123 1233 4172 iiic
1254 4124 1332 4173 dios-
1348 4145 1360 4154 -

323 4198 347 4247 2.
377 4197 517 4261 Caiatiam]
543 4195 631 4260 poculi
651 4209 736 4261 genus
753 4199 811 4247 erat
846 4197 966 4250 Cartana
987 4198 1132 4270 adstrictum
1156 4198 1211 4260 pico
1237 4193 1361 4248 4444044444
