2934 4884
510 301 569 351 Lta.
589 301 630 351 lv.
666 300 695 351 C.
714 302 757 350 vt.

245 454 352 523 Rebus
375 458 503 523 Aeneae
526 454 651 540 potiore
673 452 788 520 duotos

329 576 412 641 Alite
434 594 555 640 muros.

189 784 193 790 .
245 736 365 799 Dootor
386 742 518 819 argutae
539 730 656 797 fidicen
683 730 827 805 Thaliae,

246 852 391 929 Phoebe,
415 853 471 939 qui
492 850 617 917 Xantho
639 849 719 917 lavis
741 872 835 918 amne
857 852 976 928 crines,

246 973 391 1040 Dauniae
412 972 551 1039 defende
573 971 675 1038 decus
697 970 873 1048 Camenae,

330 1093 425 1159 Levis
447 1092 581 1183 Agyieu.

184 1300 226 1349 25.
250 1300 347 1349 Ductor
368 1306 427 1361 κψ,
451 1301 505 1349 tres
523 1298 597 1347 Torr.
620 1322 646 1335 -·
677 1298 788 1360 Arpiooe
803 1300 834 1359 S,
854 1298 880 1347 in
896 1310 950 1363 mg.
968 1312 1092 1365 prover.
1111 1300 1172 1352 1002,

148 1370 197 1439 dr,
215 1373 243 1423 F.
264 1399 292 1409 —
310 1372 351 1423 28.
369 1371 464 1436 Appiae
480 1370 498 1421 b
516 1373 544 1421 et
561 1368 657 1430 aldus,
675 1371 764 1434 Apiten
780 1371 827 1431 Td,
845 1371 952 1435 Applteu
969 1374 997 1424 C.

118 1550 145 1598 in
167 1546 255 1597 Pison.
276 1547 338 1597 ⁴56:
368 1546 401 1597 nt
425 1550 448 1595 te
472 1544 587 1596 credibile
610 1548 645 1593 eat
682 1544 729 1595 Art
745 1546 955 1597 Hwozanbebt:
982 1547 1135 1611 Phoebus,
1153 1551 1207 1601 der

116 1620 342 1673 Paneiodidieisee
356 1620 487 1683 mopistro.
523 1618 645 1669 Pseudo·
682 1619 1207 1684 doimXeetbnafinaaedeioHaar

116 1696 165 1747 tib.
185 1694 214 1755 4,
242 1695 270 1754 4,
298 1694 362 1744 478ε
390 1694 443 1756 ipae
466 1694 527 1743 miii
550 1694 645 1743 noant
682 1692 802 1743 bedese.
839 1694 1206 1750 VieimebreeietdemGrie-

114 1768 275 1833 praescribat
291 1768 407 1817 ramim
422 1766 538 1817 Phoebas¹
555 1794 581 1803 -
601 1781 646 1817 or·
681 1767 742 1815 cieo
761 1765 859 1817 moti
877 1768 1023 1832 Rediit-saite
1038 1772 1104 1821 sebae
1120 1772 1207 1821 dene

115 1842 202 1908 poma]
215 1854 360 1900 «canorae,
373 1853 497 1900 sonorae,
511 1838 642 1907 λιγείας»,
680 1840 708 1889 ia
724 1840 813 1904 trpead
828 1841 897 1890 einer
912 1842 1050 1893 berriicieo
1066 1846 1127 1894 oder
1138 1846 1208 1895 aebd-

117 1915 193 1980 qnod
217 1912 351 1965 irrideres
373 1915 454 1965 nuato
475 1914 567 1964 tribuit
591 1916 644 1965 iem
681 1926 729 1963 oen
752 1915 805 1963 wad
829 1916 991 1979 mediaei
1006 1917 1133 1967 Situotioe
1156 1920 1207 1969 eicit

117 1988 229 2040 aionien
246 1990 349 2050 Fragm.
369 1990 392 2038 4.
412 1988 523 2038 ductum
541 2001 574 2038 ex
590 1988 645 2038 Ho-
680 2001 714 2036 eo
729 1990 1001 2051 nummatam..

117 2064 220 2113 morico
242 2060 285 2111 illo
305 2062 402 2125 Odyss.
426 2078 462 2123 ω,
487 2062 536 2111 62:
563 2067 644 2111 τοῖον
714 2061 755 2110 27.
774 2061 815 2110 28.
833 2062 965 2125 boemiae]
983 2064 1146 2125 «Latinae»,
1168 2064 1204 2114 eb

117 2133 174 2207 γὰρ
199 2131 332 2205 ὑπώρορε
353 2132 454 2199 μοῦσα
476 2128 583 2201 (ἀοιδὴ)
601 2134 644 2185 λί-
681 2134 791 2195 antiquo
807 2132 917 2197 Apuliae
934 2136 1051 2186 nomine.
1071 2138 1157 2198 «Fae,
1175 2140 1206 2188 nt

117 2225 191 2277 γεια.
217 2208 306 2260 Altera
323 2208 401 2259 tactio
412 2210 523 2273 Arpioee
538 2212 644 2260 inventa
682 2210 798 2259 Carmen
809 2220 901 2257 meum
917 2206 1039 2259 seculare
1057 2210 1151 2261 honori
1168 2213 1208 2261 at-

117 2285 224 2335 ridetur
248 2282 283 2333 ab
308 2284 352 2342 iia,
379 2284 425 2347 qui
450 2296 513 2333 anm
537 2288 645 2347 orpatcw
682 2295 735 2345 que
750 2282 908 2331 ornamento
926 2283 960 2331 sit
978 2284 1054 2345 poesi
1071 2285 1205 2335 Latinae.»

117 2359 152 2410 ad
176 2370 273 2407 vocem
298 2358 394 2407 reterri
414 2358 567 2420 ignorantes
591 2358 644 2407 hoe
684 2383 710 2392 -
729 2356 813 2415 Leuis]
832 2354 990 2416 aimberbis,
1014 2359 1145 2420 perpetuo
1163 2360 1205 2408 in-

116 2446 177 2484 voe.
201 2430 392 2495 significatione
414 2430 465 2481 sibi
483 2434 545 2481 nota
563 2430 645 2481 «sub-
680 2429 782 2480 venia.»
814 2427 915 2479 Gallim.
935 2430 1032 2492 Hymn.
1050 2429 1134 2495 Apoll.
1153 2431 1203 2482 36:

117 2507 184 2559 tiliae
203 2505 246 2556 vel
265 2504 385 2555 «vafrae»
404 2507 493 2556 minus
510 2505 643 2569 quadrare
681 2503 738 2553 Κα4
754 2496 866 2553 neaniai
883 2499 972 2565 καλὸς
995 2503 1044 2553 καὶ
1068 2498 1115 2554 ἀεὶ
1139 2506 1206 2568 νέος

115 2581 254 2641 viderent,
274 2579 570 2643 aptamoppoaitionem
587 2578 643 2629 iore
681 2571 719 2628 oei
749 2591 819 2627 ποτε
849 2575 958 2638 Φοίβου
984 2576 1119 2642 Θηλεὶαις
1144 2574 1204 2631 οὐδ’

116 2655 247 2706 rebantur
271 2653 352 2702 adv.
374 2654 494 2703 Dandae
510 2654 641 2705 Camenae.
681 2644 775 2701 donov
800 2651 846 2702 ἐπὶ
868 2648 958 2714 χνόος
974 2643 1046 2716 ἦλθε
1063 2656 1203 2723 παρειαῖς.

116 2730 171 2780 Sed
187 2730 256 2779 haec
277 2728 335 2790 ipsa
351 2719 498 2789 ἀντίθεσις
515 2728 541 2776 in
558 2727 644 2777 Hora-
681 2726 756 2777 Falso
782 2739 916 2776 nonnemo
941 2739 1028 2790 nuper
1043 2728 1206 2777 asseveravit

117 2806 153 2854 tio
169 2804 198 2852 b.
217 2800 234 2851 l.
254 2801 342 2851 minus
358 2800 458 2865 placet,
483 2802 533 2851 etsi
549 2799 597 2849 nd.
617 2801 641 2860 2,
680 2804 814 2851 neronem
832 2803 859 2850 et
875 2800 1086 2864 Porphyrionem
1107 2799 1204 2864 legisse

117 2879 164 2937 46,
190 2876 232 2925 38.
270 2875 395 2937 Spiritum
419 2875 515 2925 Graiae
547 2878 644 2923 teretem
680 2874 755 2935 anie,
782 2876 864 2937 atque
881 2875 1049 2937 aptissimum
1066 2875 1130 2925 dixit
1146 2877 1204 2941 epi-

117 2952 243 3002 coeaenae
267 2946 318 2999 sibi
343 2946 447 3008 tribuit,
476 2946 576 2997 collatis
594 2945 642 2996 Od.
682 2948 774 2996 theton
786 2946 812 2995 h.
825 2945 842 2995 4.
856 2948 965 2997 minime
977 2959 1042 2997 eane
1054 2961 1205 3011 congruens

116 3026 146 3085 3,
166 3024 209 3081 30,
230 3022 270 3073 43.
300 3022 347 3071 Od.
366 3022 396 3083 4,
416 3022 445 3082 3,
463 3022 504 3072 23.
532 3022 598 3085 Epp.
618 3022 642 3082 4,
680 3019 723 3070 vel
741 3021 851 3083 propter
868 3021 993 3070 carminis
1010 3022 1126 3081 initium
1155 3035 1205 3073 ve-

118 3100 162 3159 49,
175 3097 217 3148 ³2.
235 3096 345 3159 Arptoew
361 3097 412 3146 etsi
423 3094 557 3160 probabat
567 3096 645 3145 Beat-
680 3106 742 3144 rnm
758 3094 785 3143 tn
801 3094 941 3156 utriusque
953 3093 1002 3143 Ed.
1015 3095 1117 3145 Veneta
1129 3095 1202 3146 4484.

118 3170 201 3231 teins,
221 3172 311 3220 tamen
329 3169 411 3220 edera
426 3182 480 3219 non
495 3170 538 3219 est
552 3180 642 3219 ausus.
680 3169 756 3218 recte
779 3167 822 3217 eat
843 3166 919 3225 ieois;
947 3167 974 3216 in
990 3169 1095 3217 Acrone
1111 3170 1204 3232 utique

149 3244 192 3294 26.
217 3244 341 3293 Xantho·
353 3243 440 3306 amne]
458 3242 566 3293 Nande
583 3244 645 3291 Soa·
681 3242 728 3293 Ed.
747 3238 825 3291 Basii:
842 3240 914 3289 44480.
935 3242 992 3289 eat:
1015 3242 1088 3290 Lenis
1103 3242 1131 3289 to
1146 3256 1206 3291 oer-

117 3317 239 3377 mandro,
253 3316 363 3367 Troadis
372 3316 463 3377 tinnio,
473 3316 523 3367 sed
532 3316 566 3367 de
575 3316 645 3367 eiua-
681 3316 731 3377 bia,
745 3314 871 3376 corrupte
882 3325 931 3376 pro
942 3312 1022 3373 Levis,
1039 3310 1162 3363 imberbis.
1175 3343 1203 3351 -

117 3392 180 3442 dom
193 3391 644 3454 nominiatiuvioLyeiaeaccipien-
679 3387 789 3453 Appiae]
815 3385 932 3437 Macrob.
951 3388 1004 3435 Sat.
1024 3387 1053 3447 4,
1071 3387 1104 3435 9;
1132 3386 1206 3449 Apud

117 3466 183 3516 dum
194 3468 306 3529 propter
316 3467 452 3525 Pataram,
470 3465 548 3514 huius
559 3464 645 3527 regio-
681 3464 792 3513 Graecae
800 3460 888 3522 Apollo
904 3460 1008 3521 entitur,
1027 3460 1071 3521 qni
1083 3460 1205 3531 θυραῖος

118 3540 277 3591 niaorbem.
308 3541 471 3591 Memoratur
487 3538 529 3587 ille
547 3538 644 3602 Lyciae
680 3540 800 3597 vocetur,
828 3535 929 3596 deeque
956 3546 1018 3583 eras
1050 3540 1109 3584 aete
1139 3537 1207 3599 [mea

118 3616 144 3664 44.
163 3614 192 3665 ll.
209 3612 238 3673 β.
256 3614 312 3663 877.
332 3641 360 3649 -
381 3612 576 3674 iuoia-orioea]
594 3611 642 3662 od.
681 3624 742 3661 sona
757 3609 896 3671 ambram,
921 3609 1005 3670 ipsam
1024 3609 1108 3658 witae
1123 3614 1148 3658 et
1163 3610 1205 3658 ie-

117 3689 147 3749 3,
168 3688 200 3749 4,
217 3688 267 3738 et:
296 3687 345 3747 Oui
360 3698 420 3736 rore
433 3700 500 3748 paro
518 3686 645 3735 Caatntioa
682 3684 772 3735 troiae
782 3684 1124 3745 emmarenmpetentam
1140 3682 1206 3731 &en

117 3764 179 3812 tevit
195 3762 281 3811 cubes
296 3760 395 3811 solutae.
428 3761 545 3811 Fuerunt
563 3760 644 3827 scho-
680 3759 769 3821 Apoiio
793 3759 863 3820 epod
882 3758 937 3807 ittae
957 3764 981 3807 et
1001 3750 1117 3823 ἀγυιεῦς
1138 3768 1207 3805 aaa·

117 3836 200 3888 lastioi
221 3836 399 3898 interpretes,
426 3835 471 3898 qni
489 3834 557 3885 heae
575 3836 645 3884 tam-
681 3837 809 3895 aepatur,
835 3831 909 3893 quaa
923 3832 971 3880 aiis
983 3831 1144 3893 praepositus
1158 3842 1206 3879 ar-

117 3922 199 3972 duam
237 3920 438 3972 supervacanea
472 3921 504 3957 ao
532 3907 644 3957 molesta
682 3906 762 3957 boob.
797 3904 851 3955 Cir.
869 3903 957 3954 schol,
975 3903 1039 3954 Piat.
1057 3917 1084 3967 p.
1103 3900 1203 3953 94444.

116 3980 356 4047 reprehenderent.
376 3982 479 4045 Optime
497 3981 645 4044 respondet
682 3979 729 4031 Ed.
760 3980 877 4028 nostrae.
917 3976 1009 4041 Apollo
1037 3977 1153 4039 Agyieue
1179 3976 1207 4025 ia

118 4056 200 4107 Labra
216 4056 257 4105 dia
266 4056 350 4105 Horon
367 4066 393 4119 p.
408 4056 454 4104 tr:
475 4056 524 4104 «Ee
540 4055 571 4104 ist
587 4055 644 4105 kain
682 4054 800 4103 nummis
816 4051 1019 4102 ambraciorum
1036 4054 1078 4101 est
1093 4050 1120 4101 in
1139 4046 1207 4102 ttul-

117 4130 193 4179 ieeree
205 4128 290 4189 Wort,
307 4142 381 4179 weita
397 4130 463 4179 anet
474 4128 645 4180 Giieebiacier
683 4126 723 4178 ler
738 4127 844 4177 nenio.
863 4126 882 4175 1.
901 4126 931 4174 N.
949 4126 975 4174 Ξ.
