2934 4884
654 354 783 403 donarit
801 354 970 405 danninum

484 489 628 557 Paullum
650 512 785 559 severae
808 492 898 557 Musa
921 490 1106 577 tragoediae

481 613 572 679 Desit
593 612 741 679 theatris:
765 634 840 679 mox
861 612 916 679 ubi
940 612 1084 699 publicas

525 738 587 802 Res
610 735 784 810 ordinaris,
809 735 930 821 grande
953 756 1069 800 munus

567 856 724 943 Cecropio
748 866 876 943 repetes
899 855 1073 933 cothurno,

483 1017 610 1103 Insigne
633 1016 765 1081 maestis
788 1015 987 1102 praesidium
1011 1017 1076 1083 reis

271 1310 397 1361 debebat.
438 1308 520 1360 Simul
545 1312 636 1358 autem
662 1308 792 1367 ostendit,
830 1306 939 1355 violenta
972 1307 1104 1369 tragoedia
1133 1286 1249 1369 poem*
1264 1310 1357 1359 Fronte

271 1389 371 1449 quauta
387 1385 421 1435 de
438 1382 559 1435 Pollionis
579 1384 688 1434 historia
706 1394 795 1445 popu·
830 1392 917 1430 coenae
940 1386 1039 1441 torvae,
1062 1380 1136 1442 polio
1157 1382 1254 1431 iacebat
1275 1382 1354 1433 turoi.

269 1460 366 1511 larium
383 1462 418 1510 sit
434 1459 606 1523 exspectatio.
722 1462 730 1475 ‘
833 1483 860 1490 -
880 1454 960 1504 Multa
981 1467 1043 1504 cum
1063 1458 1120 1505 arta
1136 1454 1282 1507 Pollionem
1302 1470 1355 1507 non

304 1535 328 1583 9.
341 1534 456 1584 Pandion
465 1534 528 1597 cet]
537 1532 590 1583 cfr.
601 1532 708 1582 omnino
719 1529 795 1581 Wel·
831 1527 986 1579 solumesse
996 1529 1160 1589 historicum,
1170 1532 1356 1582 verumetiam

270 1609 383 1659 ekerum
402 1609 479 1670 Trog.
501 1608 533 1656 V.
556 1608 587 1656 11.
613 1607 641 1656 Τ.
665 1608 707 1655 111.
731 1618 791 1668 pag.
831 1604 961 1666 tragicum
979 1604 1105 1653 eximium
1120 1604 1161 1655 his
1173 1606 1299 1668 quattuor
1309 1620 1353 1657 vv.

271 1683 328 1734 tei.
355 1710 382 1718 -
404 1682 520 1732 muttum
544 1682 630 1731 rarius
655 1694 717 1744 pro:
742 1693 793 1741 po-
830 1678 907 1738 dicit,
932 1690 1014 1741 quam
1031 1681 1117 1727 artem
1137 1691 1190 1728 non
1207 1692 1357 1743 perspexe-

269 1769 381 1818 mmpm
400 1758 449 1818 aas
461 1755 603 1805 einaim
615 1755 705 1816 Weiie,
719 1754 795 1816 pool·
830 1755 904 1812 runt,
931 1752 976 1815 oui
999 1764 1046 1801 eos
1068 1750 1198 1803 delendos
1218 1766 1278 1803 esse
1296 1756 1355 1805 sine

268 1832 353 1892 timer,
371 1832 425 1880 eine
439 1830 520 1879 iiteine
537 1830 614 1879 Weite
629 1830 698 1893 ioep.
725 1830 794 1878 Doe-
830 1826 881 1877 ulla
899 1840 979 1877 causa
996 1827 1093 1890 opinati
1111 1829 1181 1877 sunt.

269 1902 370 1954 derlein
391 1905 485 1965 Senon.
507 1906 527 1953 1.
550 1905 575 1953 S.
600 1905 657 1953 titt.
686 1904 793 1953 «Donec
864 1903 951 1951 iO-ii.
964 1902 1034 1951 Desit
1044 1902 1155 1966 meat-id
1167 1915 1242 1953 reesa
1251 1902 1358 1953 subus-

269 1978 391 2030 absoluto
402 1980 437 2030 sit
446 1979 556 2030 historia
572 1981 630 2040 tua,
647 1977 791 2042 perbreve
830 1976 875 2026 hat
887 1990 993 2036 scenae,
1006 1980 1108 2027 remota
1121 1980 1251 2027 maneata
1263 1990 1355 2038 scena,

269 2056 376 2119 tempus
396 2056 488 2118 utique
510 2068 605 2105 vacare
625 2052 672 2103 tibi
688 2053 795 2118 placeat
829 2051 1072 2119 quoniamquidem
1080 2053 1187 2115 utrique
1195 2053 1357 2117 operisimul

269 2142 284 2177 a
313 2128 505 2192 componendis
534 2129 704 2192 tragoediis.»
738 2130 791 2177 Sat.
829 2140 924 2177 vacare
954 2140 1008 2177 non
1037 2127 1127 2190 quis.»
1165 2128 1358 2177 Demonstrunt

270 2204 297 2263 t,
318 2205 362 2263 to,
381 2203 426 2254 te:
444 2204 521 2253 Potito
536 2218 625 2267 repam
635 2204 714 2253 Facto
724 2204 794 2252 eonii
829 2202 896 2251 haec
909 2214 952 2249 vv.
966 2200 1074 2264 publice
1085 2204 1167 2261 aetas,
1186 2216 1239 2253 non
1251 2203 1356 2252 tantum

265 2280 330 2339 pede
344 2284 383 2328 ter
392 2292 520 2341 pmcsoeo.
538 2280 609 2342 virg.
627 2277 680 2328 Eoi.
698 2278 726 2337 3,
745 2278 790 2327 86:
830 2273 935 2325 lectioni
959 2274 1104 2325 destinatas
1127 2276 1209 2325 tuisse
1232 2273 1357 2325 Pollionis

268 2353 345 2402 Pollio
366 2355 463 2415 etipse
483 2355 546 2417 soeit
567 2367 634 2403 nooo
657 2353 790 2410 connium
829 2350 987 2413 tragoedias,
1007 2362 1069 2399 oum
1086 2348 1149 2399 iliud
1161 2364 1296 2400 nonnemo
1308 2363 1358 2401 ne-

269 2425 383 2490 inteilige
409 2429 471 2477 novi
498 2429 604 2490 generis
632 2426 790 2489 tragoedias.
829 2426 903 2488 gerit.
922 2450 949 2459 ·-
962 2438 1023 2475 moa
1037 2424 1079 2473 ubi
1088 2424 1150 2487 cet]
1164 2424 1231 2477 «Ubi
1239 2424 1357 2486 poottem

269 2500 323 2550 Eoi.
342 2501 371 2560 8,
390 2503 434 2551 ⁴0:
453 2502 514 2551 Soiu
530 2502 663 2563 Sophocleo
679 2506 724 2549 tuo
736 2514 794 2548 can
827 2514 877 2561 res,
887 2499 972 2559 idest,
983 2500 1355 2551 resintercivesetiusenatu

267 2575 339 2622 misto
347 2575 560 2638 dignaeottorno.
574 2578 689 2637 Utraque
700 2576 791 2623 autem
829 2578 856 2623 et
869 2575 896 2624 in
914 2572 971 2623 toro
986 2576 1013 2623 et
1027 2575 1053 2625 in
1068 2576 1126 2638 ipso
1142 2573 1213 2625 bello
1229 2575 1357 2625 intestino

268 2646 365 2709 Virgilii
376 2647 472 2713 Eelogu
484 2652 545 2699 ante
556 2650 722 2713 triumphum
733 2646 793 2697 Del·
828 2652 929 2711 gestes,
950 2661 982 2698 eo
994 2649 1104 2709 ordine,
1123 2663 1176 2712 quo
1188 2652 1279 2712 gestae
1294 2651 1359 2699 sunt

268 2723 395 2773 matteum
418 2724 564 2787 composita
587 2726 640 2781 est;
667 2722 744 2771 tertia
766 2734 789 2770 a.
829 2726 908 2786 utque
926 2724 1035 2773 interse
1048 2736 1183 2774 connexae
1196 2726 1287 2785 amnt,
1306 2736 1357 2773 ex-

268 2797 326 2857 7⁴2,
345 2802 440 2848 octava
457 2799 552 2847 u.7t5.
578 2799 650 2847 «Non
668 2796 794 2845 videntur
828 2799 976 2860 posueris.»
1016 2798 1149 2847 ordinaris
1173 2798 1214 2861 (ut
1230 2794 1357 2849 συντάτ-

267 2872 490 2935 posteaPoilionis
499 2873 652 2936 tragoediae
660 2872 792 2934 frequenti
829 2874 901 2935 recu)
927 2874 1019 2936 utique
1048 2873 1082 2923 da
1109 2873 1217 2923 historia
1243 2886 1358 2937 compo-

268 2943 383 3001 leetione
401 2948 477 2997 tritae
495 2947 589 3008 fuisse,
608 2947 636 2996 id
653 2945 726 3010 quod
743 2958 792 3008 ap·
830 2947 932 3008 nenda,
961 2951 990 2998 ut
1013 2949 1099 2997 Lucae
1121 2949 1149 3007 t,
1177 2947 1201 2997 t.
1231 2945 1355 3009 volgata:

254 3023 346 3083 'paret
369 3020 412 3071 vel
437 3036 470 3071 ex
495 3022 644 3081 Quintiliani
671 3019 790 3079 silenti0,
831 3024 955 3084 Quoniam
979 3023 1078 3083 quidone
1099 3022 1171 3071 metiti
1192 3023 1276 3072 conati
1298 3028 1358 3072 sunt

269 3108 332 3144 eum
357 3109 426 3148 unos
451 3098 555 3147 Tacitus
580 3099 608 3146 in
630 3096 733 3158 dialogo
757 3095 791 3145 de
830 3098 949 3147 ordinere
965 3099 1140 3147 sommiorum
1157 3100 1224 3156 cet..
1249 3112 1303 3148 non
1319 3098 1356 3147 de

269 3170 313 3221 0r.
333 3185 379 3222 ess
399 3175 558 3224 memoret.»
586 3174 736 3222 Tnoaescur
757 3170 792 3221 de
830 3173 935 3222 ennete
954 3172 1109 3222 ordinanda.
1145 3173 1183 3222 Ac
1197 3186 1308 3236 prorsus
1321 3174 1358 3223 si·

268 3248 312 3296 As.
331 3246 394 3298 ΡοΙΙ.
416 3249 470 3297 vita
490 3261 517 3311 p.
539 3248 596 3297 ⁴28.
620 3274 648 3282 -
671 3243 738 3295 Nihil
760 3258 792 3293 ex
830 3244 898 3297 milis
911 3248 1067 3297 estususv.
1080 3260 1234 3308 conmanere.
1252 3248 1355 3298 Seneca

269 3321 300 3371 iis
317 3334 460 3385 superesse
476 3322 583 3372 uidetur
598 3322 648 3371 nisi
665 3321 733 3369 haee
748 3333 791 3368 vv.
830 3322 913 3375 praet
933 3322 967 3371 ad
991 3322 1098 3382 Quaest.
1117 3324 1170 3371 nat.
1188 3322 1216 3371 L.
1236 3322 1265 3371 3:
1293 3336 1357 3371 eon-

269 3396 341 3461 apud
366 3398 516 3447 Charisinm
540 3399 559 3447 1.
583 3410 610 3460 p.
631 3396 672 3446 aa.
700 3394 790 3444 lind:
829 3397 1112 3459 neapeereseqoidum,
1126 3397 1361 3460 decoctorem

271 3472 370 3522 Veneris
386 3474 500 3522 autumo
515 3484 617 3534 copres,
636 3470 663 3521 id
680 3472 729 3530 est,
746 3466 793 3517 ho-
830 3478 993 3523 aetermam
1002 3475 1153 3531 cornponioit
1163 3483 1276 3531 quiaque
1285 3474 1358 3532 puni

268 3561 334 3607 nae,
356 3545 500 3611 benignam
528 3561 561 3596 ex
581 3545 681 3609 quibus
701 3547 792 3593 tamen
830 3548 936 3597 inoioern
952 3547 1056 3607 cunque
1072 3545 1238 3607 nott-popuii.
1267 3546 1358 3595 Nauti-

269 3622 334 3685 ipsis
351 3623 451 3685 antiqui
468 3622 600 3672 sermonis
612 3620 746 3684 quaedam
757 3618 794 3667 ai·
831 3634 913 3686 quarn
930 3622 1020 3671 autem
1031 3618 1170 3683 probanda
1181 3617 1263 3669 altera
1276 3621 1358 3670 inter-

270 3695 375 3745 tectatio
401 3696 496 3746 elucet.
536 3698 634 3746 Contra
660 3695 732 3758 quod
758 3694 792 3744 ad
830 3696 955 3760 pretatio:
977 3694 1135 3746 «Historiam
1151 3693 1185 3743 ud
1202 3694 1229 3743 id
1248 3698 1357 3759 tempus

270 3772 418 3829 argumenti
429 3772 614 3821 tractationem
626 3772 731 3828 attinet,
749 3784 794 3819 no-
830 3770 969 3835 perduxit,
993 3782 1047 3832 quo
1068 3770 1228 3819 Octavianus
1249 3782 1273 3818 a.
1295 3770 1354 3820 725.

268 3856 328 3889 vom
345 3844 495 3905 tmgoediae
506 3858 591 3908 genus
602 3848 720 3897 sectatus
731 3858 792 3896 esse
831 3859 926 3911 pacem
949 3847 976 3894 et
998 3845 1102 3893 rectum
1126 3858 1216 3895 rerum
1231 3844 1357 3895 ordinem

270 3915 384 3975 ridetur,
400 3917 487 3977 idest,
501 3921 651 3984 oppositum
663 3920 791 3980 Enniano,
831 3922 953 3979 restituit,
973 3931 1056 3981 quare
1074 3918 1131 3981 ipse
1147 3916 1228 3968 Pollio
1242 3918 1359 3980 poetices

270 3990 428 4050 Pacuviano,
447 3995 570 4055 acciano,
583 3994 794 4058 quodquedevi·
829 4010 869 4046 res
887 3996 1015 4045 ordinasse
1032 3992 1152 4043 dieitur.»
1189 3993 1271 4054 [Quae
1288 3994 1357 4043 ratio

270 4068 340 4117 taret
353 4067 516 4117 Graecorum
528 4071 702 4120 imitationem
714 4070 792 4119 nimis
830 4070 940 4119 detensa
950 4082 964 4117 a
974 4068 1073 4118 Rittero
1082 4066 1093 4131 (
1095 4068 1194 4116 Wiener
1201 4066 1358 4117 eunomia

270 4144 355 4191 artam
372 4143 541 4205 etapertem.
557 4170 583 4178 —
596 4144 703 4207 severae]
716 4144 790 4193 ond.
830 4145 916 4195 xclx.
936 4156 962 4207 p.
981 4142 1047 4205 ⁴39.)
1067 4140 1109 4191 vel
1128 4142 1188 4191 ideo
1210 4142 1356 4192 reiicienda

270 4220 359 4266 Amor.
383 4218 411 4277 3,
436 4218 464 4276 i,
492 4218 535 4265 it:
566 4219 633 4266 Venit
654 4224 678 4267 et
699 4220 793 4281 ingenti
831 4222 881 4277 est,
900 4219 961 4281 quis
979 4217 1101 4269 Pollionis
1119 4230 1182 4267 cure
1199 4216 1358 4281 neutiquam
