2934 4884
514 235 617 285 bisen.
654 235 751 288 canii.
773 237 814 286 lll.

359 391 441 454 Num
465 389 631 475 viperinus
653 389 703 456 his
725 409 822 457 cruor

317 511 464 577 incoctas
488 509 599 576 herbis
620 531 673 576 me
694 509 827 577 lelellit‘l
851 531 891 578 an
914 511 1014 578 malas

358 630 493 697 Canidia
516 630 662 697 tractavit
683 631 813 719 dapes?

315 752 354 817 Ut
374 753 574 838 Argonautas
598 763 729 839 praeter
751 774 864 820 omnes
886 753 1059 822 candidum

358 872 473 939 Medea
496 873 611 940 mirata
631 883 682 940 est
702 873 837 952 ducem,
1194 876 1235 941 l0

318 996 428 1080 ignota
452 993 551 1059 taads
572 993 768 1082 illigaturma
789 997 864 1083 iuga

357 1115 510 1180 Peronxit
530 1113 593 1182 boc
615 1116 779 1194 lasonem;

318 1237 387 1301 lloc
408 1234 560 1302 delibutis
583 1235 650 1302 ulta
673 1235 767 1303 donis
791 1236 940 1323 pellicem

361 1357 518 1443 Serpente
540 1356 619 1444 fugit
644 1357 727 1424 alite.

315 1481 382 1544 Nec
404 1487 511 1543 tantos
532 1499 676 1565 anquam
699 1457 845 1546 siderum
867 1479 985 1546 insedit
1006 1499 1107 1568 vapor
1193 1482 1233 1546 lb

210 1687 235 1736 6.
248 1687 305 1735 Noa
315 1684 342 1736 b.
356 1712 383 1722 -
397 1687 421 1736 8.
435 1687 540 1736 tentavit
550 1699 619 1738 onas
628 1685 767 1736 Torrentii.
780 1683 898 1748 (citimus
907 1687 985 1737 buius
995 1697 1078 1738 carin.
1090 1701 1114 1738 v.
1126 1689 1152 1738 in
1162 1688 1200 1752 b.)

144 1865 278 1926 macapta
289 1865 357 1923 est»;
371 1863 470 1912 etenim
483 1863 523 1914 sic
534 1865 669 1924 construe,
707 1863 771 1912 rislo
796 1862 821 1912 l.
848 1877 874 1926 p.
903 1863 959 1914 l68.
984 1863 1075 1925 blod,
1102 1879 1118 1914 a
1141 1865 1234 1916 Botblo

145 1951 201 1988 non
221 1951 301 1988 vero:
331 1939 454 1988 iasonem
470 1939 606 1988 cordiam
621 1939 672 1986 mi-
707 1937 914 2000 praetermissa‚
934 1937 1005 1986 baud
1022 1936 1234 2000 improbabiliter
1299 1985 1300 1990 ,

142 2017 204 2061 roto
225 2017 260 2061 ert
281 2015 385 2073 moder
401 2025 485 2061 onmes
500 2012 668 2075 Argonautas.
707 2011 747 2060 sic
772 2011 893 2060 restitute
916 2023 930 2058 a
954 2010 1149 2060 Lindemanno:
1176 2013 1233 2062 Noa

141 2088 185 2136 Sic
207 2086 344 2148 Magnetes
366 2087 497 2136 mirantur
518 2099 581 2138 eum
598 2087 669 2150 apud
706 2097 886 2146 conmanere,
926 2085 992 2144 qood
1016 2086 1133 2134 droconis
1157 2087 1233 2136 taetri

141 2158 413 2221 Pind.1>ytn.l,87:
432 2153 670 2223 Οὔτικουοῦτος
707 2159 817 2220 oppressi
841 2159 975 2220 impetrem
1004 2160 1073 2221 Non,
1100 2161 1168 2220 estod
1187 2161 1233 2210 da-

140 2227 300 2294 Ἇπόλλων,
326 2227 394 2284 οὐδὲ
417 2229 479 2299 μὰν
499 2231 670 2306 χαλκάρμα-
706 2233 760 2282 met
775 2233 827 2282 viro
847 2237 981 2282 lauronem
998 2237 1021 2282 et
1036 2234 1124 2298 segetis
1143 2247 1232 2284 arme-

141 2305 193 2370 τός
220 2305 284 2358 ἐστι
307 2303 394 2370 πόσις
417 2303 583 2379 Ἀφροδίτας
607 2309 667 2360 κτλ.
707 2311 748 2356 tae
763 2319 862 2356 amnia.

140 2382 210 2432 Vide
227 2382 314 2431 blaseo
330 2382 487 2445 Gregorioao
504 2385 532 2433 T.
548 2384 667 2435 lxxxii.
740 2381 780 2430 43.
792 2381 832 2432 ll.
851 2383 902 2432 Hoc
913 2382 1134 2447 delibatis-donis]
1148 2381 1231 2447 «palla

143 2484 171 2490 —
190 2455 287 2518 worm]
307 2453 386 2506 Plane
408 2453 550 2520 singularis
566 2461 608 2508 est
628 2459 670 2509 la·
706 2457 735 2505 et
745 2469 845 2505 corona
856 2456 1042 2506 huiuscemodi
1054 2457 1231 2508 medicamine

140 2529 205 2580 bula
230 2530 258 2580 in
277 2542 342 2580 vase
363 2531 433 2594 picto
453 2532 670 2583 Mon.1nat.or-
705 2530 868 2593 perunctis.»
890 2558 917 2566 -
932 2531 1055 2595 pellicere]
1081 2529 1229 2592 «Glaucen,

140 2604 219 2655 circat.
238 2606 269 2654 ll.
288 2605 316 2655 T.
331 2605 384 2664 db,
402 2605 449 2656 ubi
466 2607 544 2657 lason
560 2609 669 2660 iamiam
707 2601 758 2666 (alii
779 2605 908 2654 Creusam
920 2603 1078 2668 appellant),
1099 2606 1230 2666 Creontis,

140 2679 293 2729 adraoone
312 2679 457 2730 devoratus
470 2681 604 2732 Minervae
617 2697 669 2748 ope
705 2678 776 2740 regis
786 2678 926 2739 Corinthii,
945 2677 1042 2738 liliam,
1061 2692 1142 2742 quam
1154 2680 1232 2730 lason

141 2768 175 2804 ex
201 2751 270 2803 illius
295 2755 389 2804 ventre
417 2757 552 2806 extractus
575 2770 669 2808 serva·
705 2753 733 2802 in
766 2753 965 2803 matrimonium
998 2753 1127 2804 ducturus
1156 2755 1231 2812 efai.

141 2833 197 2888 tur,
216 2830 246 2876 ut
257 2828 515 2878 monstrumvlnoat.
528 2857 556 2865 —
568 2832 667 2895 ignota]
706 2840 792 2890 aeque
811 2829 866 2879 acri
881 2841 987 2878 veneno
1004 2828 1132 2892 perdidit,
1151 2831 1232 2892 atque

141 2903 218 2964 «iuga
236 2903 315 2951 antea
331 2903 434 2952 insueta
452 2905 536 2954 tauris
552 2902 601 2956 illis
616 2907 669 2956 im-
705 2903 748 2952 est
770 2902 835 2962 boc,
864 2903 936 2965 quod
958 2903 985 2952 in
1013 2903 1142 2954 intestinis
1163 2905 1232 2954 meis

140 2976 294 3040 positomm
304 2975 350 3026 tali
360 2989 466 3026 veneno
483 2978 616 3042 perunxit,
633 2994 667 3030 ne
704 2976 808 3026 saevire
826 2977 944 3025 sentio.»
979 2977 1042 3025 Erat
1066 2979 1157 3027 autem
1183 2991 1232 3028 na-

140 3050 272 3111 nammis,
292 3061 359 3113 quas
376 3049 528 3115 spirabant,
548 3051 668 3103 laedere-
703 3049 810 3112 pbtbas.
824 3047 889 3098 Plln.
903 3050 933 3098 ll.
945 3051 976 3098 N.
989 3051 1014 3110 2,
1026 3051 1086 3100 tec:
1104 3052 1233 3115 lictatur

140 3129 184 3174 tar
211 3126 352 3187 materque
379 3122 431 3174 allii
452 3125 520 3175 odor
547 3129 668 3178 monstra
704 3138 722 3174 e
741 3123 830 3173 Medea
847 3122 960 3184 pellicea
981 3129 1137 3183 manaem,
1160 3131 1231 3187 post·

139 3200 303 3250 averteret.»
337 3199 394 3249 Hoc
411 3211 474 3248 com
491 3199 568 3262 dicit,
594 3203 668 3252 ioca-
704 3212 782 3262 quom
798 3199 976 3262 amplectere
991 3199 1026 3247 od
1041 3213 1104 3250 eras
1122 3213 1232 3250 eccam-

139 3273 251 3325 bundos
271 3275 419 3336 generatim
440 3274 582 3338 significet,
608 3279 668 3326 tan-
703 3279 760 3334 rot,
778 3273 942 3336 coroaotgoe
954 3277 1039 3334 rapto.
1056 3299 1083 3309 —-
1104 3273 1231 3339 Serpean

139 3352 197 3399 tam
221 3348 278 3397 rim
295 3348 429 3410 magicam
445 3350 472 3398 in
492 3347 552 3399 allio
568 3351 665 3412 inesse,
705 3361 802 3397 «curru
826 3344 988 3396 draconibus
1016 3345 1092 3397 alatis
1121 3349 1229 3410 iuncto,

139 3426 170 3474 ot
192 3420 256 3472 nibil
283 3423 308 3471 ei
331 3424 452 3484 resistat,
481 3435 516 3473 ne
541 3425 667 3476 llammee
705 3433 789 3485 quem
805 3421 899 3471 babuit
915 3421 949 3470 eb
967 3433 1017 3470 evo
1034 3421 1109 3482 Sole,
1128 3426 1232 3488 perab-

140 3496 253 3562 quidem
273 3494 333 3546 illae
354 3498 668 3562 ponentosae0nequa-
704 3509 763 3547 rem
779 3497 874 3546 avecta
891 3497 1007 3546 Atbeaas
1024 3496 1150 3559 eulogit.»
1177 3497 1229 3548 Cir.

139 3583 224 3635 qoam
249 3573 340 3621 autem
363 3571 581 3635 distinguendum
604 3587 667 3624 cnm
704 3571 752 3634 Ep.
771 3572 801 3631 5,
820 3571 860 3621 63.
883 3600 909 3607 -
929 3570 1000 3634 alite]
1019 3573 1049 3622 ut
1065 3571 1113 3621 Od.
1133 3571 1161 3632 l,
1187 3573 1229 3632 lt,

139 3647 243 3696 editore
261 3645 398 3696 Leidensi:
419 3647 509 3694 «Uin
522 3648 619 3697 mirato
633 3653 669 3698 est
704 3647 751 3696 26:
776 3645 827 3696 oles
843 3647 958 3710 Pegasus.
996 3647 1161 3709 Frequenter
1181 3657 1231 3695 au·

138 3720 326 3783 drtcemlgooto
335 3721 417 3768 tauris
426 3721 584 3784 illigatam
595 3723 667 3786 tecm
704 3723 761 3770 tem
786 3721 813 3769 ln
835 3720 906 3770 vasis
928 3721 1006 3784 pictis
1031 3719 1231 3783 conspiciuntur

137 3794 451 3856 Pereacitboclosoaem,
465 3797 562 3858 atpari
574 3808 666 3846 amore
705 3792 771 3844 tales
788 3797 928 3859 serpentes
947 3793 1015 3844 alati.

139 3870 281 3932 flagraret,
309 3881 363 3931 qao
384 3870 441 3932 ipsa
461 3867 617 3932 flagrabat.»
638 3899 664 3906 -
739 3867 1232 3934 trs-te.eaeremoet.]«ca10roppros-

138 3941 269 4004 Peraaeit]
288 3943 456 4006 Quapropter
472 3945 566 4007 postea
578 3942 613 3992 ab
625 3944 668 3993 la·
705 3943 741 3993 sit
755 3943 858 3993 aridam
876 3942 1024 4007 Apuliam.»
1051 3943 1121 4005 virg.
1141 3945 1187 3993 Ge.
1205 3944 1229 4002 2,

140 4029 206 4066 sone
232 4015 337 4081 prodite
363 4016 434 4082 apud
459 4018 573 4068 Ennium
598 4018 666 4068 baec
706 4016 860 4066 atemere-tea
869 4017 909 4066 siti
916 4017 989 4082 ttadit
997 4017 1072 4067 Canis
1080 4017 1180 4080 aestifer
1188 4030 1232 4067 or·

140 4093 164 4140 ci
182 4090 283 4154 probra
301 4090 432 4155 obiectat,
451 4094 556 4142 servata
569 4106 584 4141 a
597 4093 667 4143 Cba-
704 4107 746 4142 ro.
761 4121 785 4128 -
801 4091 895 4155 insedit]
912 4092 1070 4153 «incohatae
1093 4093 1231 4143 utSeneca
