2934 4884
658 364 785 413 llOliATll
804 365 971 415 Columbini

653 820 976 884 OMNE-

445 991 556 1057 Nullus
578 1001 711 1076 argento
733 990 824 1056 color
845 1000 895 1055 est
917 991 1022 1055 avaris

441 1111 555 1177 Abdita
577 1112 688 1185 terris,
713 1111 841 1177 inimice
864 1110 989 1176 lamnae

337 1267 368 1315 ll.
391 1267 473 1314 lnacr.
493 1262 561 1325 vulg.
585 1264 624 1313 Aa
640 1264 667 1314 C.
686 1264 827 1313 Salustium
850 1265 966 1325 Crispum
984 1267 1011 1313 et
1031 1266 1070 1313 sic
1087 1275 1140 1313 orn.
1160 1276 1251 1327 praen.
1271 1264 1320 1315 BS.

307 1366 334 1375 -
346 1338 385 1389 Aa
395 1338 509 1400 ensem
520 1338 667 1387 Satasbren
677 1338 705 1387 T.
721 1364 748 1373 -
760 1336 799 1387 Art
809 1338 948 1387 Salustium
959 1339 1074 1399 Crispina
1085 1339 1188 1399 quamn
1199 1338 1320 1402 (quensuis

305 1414 342 1477 c.)
354 1413 512 1463 liberalitatis
526 1412 623 1461 antonii
636 1413 725 1475 gratia
743 1410 785 1461 bc.
807 1438 834 1446 —
854 1414 877 1477 l‚
892 1418 938 1473 est,
958 1413 1045 1463 orans
1060 1413 1164 1463 Aeaeae
1181 1415 1254 1464 terris
1270 1414 1322 1463 iui-

303 1489 366 1537 nice
382 1486 526 1537 Lambinus
543 1486 628 1543 cuni.;
647 1488 755 1535 secutus
773 1487 813 1535 est
829 1487 990 1537 Torrentius.
1013 1515 1039 1523 -
1059 1488 1082 1537 3.
1101 1488 1208 1537 manae
1224 1488 1251 1538 T.

304 1618 335 1666 ii.
359 1618 419 1667 iac.
441 1617 508 1666 hnn.
527 1615 555 1675 3,
582 1616 628 1665 30:
656 1617 717 1665 Fine
733 1616 795 1664 anni
832 1620 874 1665 set
896 1618 1044 1679 arrogantia
1067 1618 1200 1667 invirum
1222 1616 1358 1676 locutam

229 1693 233 1700 '
272 1693 307 1754 iu.
327 1706 351 1740 c.
370 1690 438 1753 773.)
458 1692 575 1741 coneeant
595 1690 649 1739 uita
670 1689 796 1739 Salaetiua
832 1690 938 1742 excelso
964 1690 1130 1741 collocatum.
1172 1692 1359 1755 compositum

271 1766 380 1827 Oneum.
421 1767 493 1815 ann
514 1768 622 1827 equestri
642 1770 725 1815 ortmn
742 1766 795 1815 ioco
832 1769 922 1815 autam
949 1768 989 1815 ast
1014 1778 1123 1815 carmen
1146 1768 1207 1829 post
1229 1779 1253 1815 a.
1277 1779 1305 1815 u.
1330 1779 1356 1814 c.

271 1842 298 1890 0.
316 1841 454 1901 salustiae,
471 1854 558 1890 rerum
569 1842 740 1891 limnanorum
749 1844 796 1904 tto-
833 1840 901 1899 728..
919 1844 949 1889 ut
964 1840 1082 1900 videtur,
1101 1854 1117 1889 a
1134 1841 1190 1890 73⁰.

269 1917 423 1965 rectissimae
434 1920 532 1975 auctor,
546 1917 639 1964 sororis
647 1920 759 1978 nmotan
768 1916 794 1964 in
866 1915 889 1963 i.
908 1914 983 1978 color]
1006 1914 1070 1964 Plin.
1090 1914 1137 1975 33,
1160 1914 1189 1973 3,
1213 1914 1258 1963 iii:
1286 1914 1359 1961 colar

269 2003 359 2040 nonren
370 1990 482 2039 adscivit.
499 1992 579 2052 Atque
590 1990 630 2039 itte
641 2001 795 2051 numquam
831 1988 857 2037 in
872 1994 976 2052 argento
988 1990 1083 2039 clarior
1093 1993 1130 2038 est
1141 1990 1230 2052 (quam
1242 1989 1268 2036 in
1279 1990 1357 2049 auro)

262 2066 595 2127 urornptoartcopessendos
603 2062 793 2125 bonoresaditu,
831 2064 960 2126 magisque
977 2064 1025 2112 dici
1041 2064 1129 2111 similis
1146 2064 1197 2111 oet.
1234 2059 1305 2111 uuiti
1317 2062 1359 2110 sic

269 2140 439 2189 Maecenatem
456 2140 596 2189 aanntatm
612 2139 663 2188 sine
674 2140 795 2202 dignitate
832 2136 975 2200 explicant:
996 2136 1084 2187 «Nulla
1102 2137 1193 2199 gratia,
1215 2134 1278 2186 nihil
1295 2134 1359 2200 pul-

269 2214 397 2263 senatoria
412 2215 503 2263 malms
524 2214 712 2277 tamnpbotiarn
734 2226 795 2262 con-
832 2210 889 2260 chri
906 2212 975 2260 inest
996 2212 1021 2260 in
1043 2216 1147 2275 argento
1168 2210 1250 2260 abdito
1271 2211 1358 2267 ιονοὶο,

269 2288 561 2351 mtariurnqaepoientia
571 2290 665 2347 anteiit,
683 2289 795 2338 nioman
831 2280 975 2334 interram
993 2285 1113 2346 defosso,
1137 2287 1166 2335 ut
1188 2286 1275 2335 auaris
1294 2285 1359 2334 the-

270 2377 289 2411 ο
310 2369 422 2413 catenam
445 2366 558 2413 instituto
583 2376 630 2425 per
653 2363 747 2412 cattum
772 2368 796 2411 et
831 2370 925 2409 sauros
951 2372 1014 2410 snos
1039 2360 1178 2409 inhumare
1204 2372 1263 2410 mos
1285 2363 1355 2417 estu

269 2437 795 2501 manubiascopiaqueataffluentiatumi
831 2432 881 2483 aed
908 2434 1012 2497 poetica
1041 2434 1106 2488 ratio
1136 2434 1222 2498 potius
1247 2432 1356 2497 intelligi

267 2514 389 2573 propior:
410 2512 511 2563 suberat
527 2518 610 2561 tornea
624 2512 698 2574 uigor
713 2511 795 2559 animi
831 2508 906 2561 iubet
929 2509 963 2559 de
989 2510 1064 2559 venis
1090 2510 1191 2572 argenti
1215 2510 1241 2559 in
1267 2512 1357 2559 terrae

270 2585 408 2649 ingentibus
428 2587 533 2650 negotiis
551 2600 616 2647 aar,
642 2586 792 2647 canocice,
831 2585 932 2649 gremio
949 2582 1101 2644 latentibus
1120 2582 1208 2633 utOd.
1223 2583 1248 2644 3,
1266 2582 1291 2643 3,
1310 2582 1356 2633 aa:

271 2674 319 2721 quo
334 2666 482 2710 smnnmnet
496 2660 794 2722 inertiammagisostan
830 2660 1101 2721 Aminnearum
1122 2662 1144 2707 et
1166 2659 1202 2707 sic
1218 2657 1306 2707 metius
1321 2658 1359 2705 si-

270 2736 348 2785 tabat.
366 2735 795 2798 Igiturincotreniitaecenatepro-
831 2739 896 2795 tun,
920 2734 981 2783 Cum
1002 2738 1073 2783 terra
1092 2732 1163 2783 cetat.
1202 2734 1359 2795 anonymus

269 2811 363 2869 nimam
380 2822 441 2858 mox
454 2808 621 2870 praecipuae,
643 2808 684 2856 eui
700 2814 795 2857 secreta
831 2808 903 2871 apud
928 2806 1098 2857 Plutarchum
1124 2806 1186 2877 περὶ
1208 2805 1358 2869 δυσωπίας

269 2884 450 2945 mmeratonun
461 2883 694 2942 inniterentar--,
713 2888 796 2933 aetate
833 2880 887 2932 Vol.
907 2882 930 2931 3.
949 2894 1009 2945 pag.
1029 2882 1088 2933 us:
1108 2875 1170 2933 Οὐκ
1187 2876 1244 2932 ἔστ’
1260 2880 1292 2931 ἐν
1308 2875 1360 2931 ἄν·

267 2963 387 3019 proueeta
406 2958 510 3019 specien
529 2958 612 3020 magis
631 2956 658 3005 in
681 2958 795 3007 amicitia
831 2971 909 3027 τροις
931 2953 1047 3019 λευκός,
1074 2947 1099 3005 ὦ
1122 2954 1194 3021 ξέν’,
1220 2949 1356 3027 ἄργυρος.

267 3033 477 3095 principisquarn
490 3032 543 3080 oinr
557 3032 643 3080 terruit.
673 3030 793 3081 Notabile
831 3034 924 3097 Neque
946 3045 1012 3082 vero
1034 3046 1059 3081 v.
1078 3034 1166 3082 avaris
1185 3047 1200 3083 a
1218 3033 1292 3083 terris
1314 3032 1359 3081 di-

270 3109 323 3164 est.
342 3107 413 3156 hunc
431 3118 537 3169 qnoque
549 3106 687 3156 hominem
699 3106 796 3157 ditissi-
831 3105 892 3156 velli
908 3108 1005 3170 potest,
1026 3108 1056 3156 ni
1073 3108 1115 3167 sit¹
1135 3106 1184 3157 «ab
1202 3108 1289 3157 avaris
1306 3108 1358 3157 ho-

270 3194 345 3231 mnm
367 3183 446 3244 atque
463 3180 572 3243 Augusti
594 3180 676 3243 gratia
694 3180 795 3229 lloren-
832 3180 948 3231 minibus
960 3180 1051 3230 abdito
1070 3182 1095 3231 in
1114 3182 1220 3241 iernen
1239 3180 1266 3231 id
1283 3182 1358 3243 quod

270 3259 325 3305 tem
351 3254 413 3317 (luit
436 3255 507 3305 enim
536 3257 603 3304 teste
632 3256 734 3305 Seneca
760 3255 793 3304 de
832 3256 917 3304 totum
941 3256 1012 3304 hunc
1037 3253 1126 3305 locum
1152 3256 1256 3319 poetica
1281 3256 1307 3304 vi
1330 3260 1358 3305 et

270 3328 354 3380 Clem.
382 3331 411 3387 t,
439 3330 485 3378 to:
514 3330 541 3378 in
565 3330 670 3392 Angmti
694 3329 795 3379 cohorte
831 3328 978 3395 φαντασίᾳ
990 3330 1115 3392 privaret.
1151 3328 1269 3378 Eandem
1284 3330 1357 3378 enim

266 3406 352 3466 primo
369 3405 497 3453 interioris
518 3402 695 3465 admissionis.)
714 3404 794 3454 exiis
831 3407 917 3453 terrae
936 3404 992 3452 anri
1010 3404 1165 3465 argentique
1183 3416 1266 3452 venas
1283 3404 1309 3451 in
1325 3416 1357 3452 se

269 3479 359 3539 inisse,
370 3477 468 3540 quibus
478 3491 562 3527 unum
571 3480 675 3527 tantum
684 3490 793 3528 carmen
830 3477 971 3528 occultanti
984 3479 1064 3541 atque
1075 3478 1197 3527 retinenti
1210 3476 1301 3526 tribuit
1310 3490 1358 3525 en-

270 3555 346 3616 quasi
366 3548 583 3615 ἀφοσιούμενος
601 3553 728 3601 Horatius
752 3553 793 3601 in·
830 3552 976 3616 piditatem,
988 3564 1057 3615 quae
1065 3552 1224 3615 agitatipsos
1233 3552 1357 3601 homines

270 3628 384 3690 scripsit.
420 3628 546 3676 Ceterum
570 3626 642 3675 idem
659 3630 701 3676 est
718 3625 794 3675 Saln-
830 3639 933 3676 avaros.
956 3654 982 3661 -
1001 3628 1076 3676 heris
1091 3628 1182 3676 aulem
1192 3624 1297 3675 metalla
1310 3626 1358 3675 ha-

270 3702 344 3760 etius,
363 3714 445 3763 quem
459 3698 688 3750 adolescentulum
700 3702 753 3749 Sat.
768 3699 792 3758 i,
830 3699 1045 3751 bebatSalnstius
1055 3702 1252 3751 incentronum
1261 3698 1356 3764 Alpino

269 3775 294 3832 3,
308 3772 348 3823 ia.
367 3775 593 3837 propterinsanos
609 3772 793 3823 libertinarum
831 3778 924 3825 tractu.
962 3773 1025 3823 Plin.
1046 3776 1075 3825 H.
1096 3778 1126 3824 N.
1146 3774 1186 3834 3t,
1206 3778 1229 3825 3.

270 3860 376 3898 amores
394 3850 505 3898 notarat.
541 3850 596 3897 Hoc
608 3848 725 3897 carmine
739 3860 794 3897 ma·
862 3850 886 3898 2.
906 3849 1012 3911 inimice]
1036 3850 1060 3898 in
1084 3862 1162 3913 prosa
1184 3852 1251 3899 orat.
1272 3864 1355 3901 acon-

270 3922 365 3973 nilesto
382 3920 472 3971 taudat
483 3922 585 3980 Salustii
597 3922 754 3985 sapientiam
767 3922 792 3971 in
831 3926 971 3987 temptor.»
1002 3924 1065 3971 Voc.
1084 3924 1180 3973 lamina
1201 3926 1291 3974 antem
1313 3927 1356 3989 ip-

270 3996 419 4046 divitiarum
447 4010 509 4044 usu:
545 3998 699 4059 neutiquam
728 4010 792 4046 varo
831 4010 890 4047 sum
907 4011 959 4047 non
977 3999 1034 4047 sine
1052 4000 1218 4061 contemptu,
1237 4001 1267 4048 ut
1283 4002 1354 4062 apud

271 4085 347 4130 euin,
373 4072 403 4118 nt
428 4070 477 4117 rati
503 4074 564 4119 sunt
589 4070 720 4132 nonnulli,
750 4070 793 4121 vel
831 4071 904 4121 Ouid.
924 4072 991 4121 Fast.
1012 4074 1040 4131 t,
1059 4072 1121 4121 208:
1141 4073 1356 4136 Etteoisargenti

270 4146 304 4193 ab
327 4146 433 4195 avaritia
455 4140 498 4193 vel
519 4156 534 4191 a
551 4146 679 4207 pecuniae
701 4144 793 4209 prolu—
830 4146 925 4196 turnino
942 4148 1035 4197 crinem
1052 4152 1121 4207 arat,
1140 4148 1203 4197 item
1222 4148 1355 4201 Senecam

271 4222 344 4269 sione
361 4220 528 4278 dehortatur,
548 4220 793 4283 quaeineptaiuia-
830 4220 864 4269 de
887 4220 975 4271 Benei.
996 4222 1024 4281 7,
1052 4222 1098 4270 ru:
1125 4223 1196 4271 Nona
1219 4222 1274 4271 uoto
1298 4228 1356 4272 trias
