2934 4884
530 367 634 418 aman.
670 367 768 418 canu.
787 367 854 418 44444.
1146 366 1208 433 rto

241 521 394 590 'Candide
416 523 603 599 Maecenas,
627 521 750 590 occidis
774 541 873 610 saepe
896 524 1056 610 rogando:
1188 527 1208 588 6

292 646 397 720 Bens,
421 632 504 710 deus
526 664 601 710 nam
623 663 674 710 me
696 653 784 710 vetat

249 767 419 852 inceptos,
443 763 520 830 olim
542 765 738 852 promissum
760 786 905 843 carmen,
931 766 1055 834 iambos

289 886 336 951 nd
359 884 548 953 umbilicum
570 884 745 953 adducere.

247 1009 318 1072 Non
340 1005 432 1072 aliter
454 1007 562 1073 Samio
584 1006 695 1073 dicunt
716 1008 836 1074 arsisse
859 1007 1005 1098 Bathyllo

293 1131 494 1193 Anacreonta
515 1129 644 1204 Teium,

249 1251 312 1330 Qui
335 1271 495 1338 persaepe
517 1269 598 1317 cava
622 1249 784 1317 testudine
807 1249 894 1316 licvit
916 1271 1059 1318 amorem

292 1374 361 1438 Non
384 1370 585 1438 elaboratum
607 1371 649 1436 ad
670 1370 798 1458 pedem.
1097 1445 1103 1458 p

248 1494 357 1561 Ureris
379 1494 450 1580 ipse
473 1493 591 1559 miser:
615 1491 734 1580 quodsi
757 1512 821 1557 non
845 1491 1009 1579 pulchrior
1031 1494 1112 1580 ignis

190 1721 229 1769 44.
248 1719 324 1770 moer
341 1720 372 1769 ιι
389 1720 412 1780 ι’
430 1733 480 1768 ιιι
497 1719 525 1768 n.
544 1717 634 1782 (04444,
652 1719 674 1766 o
691 1717 758 1776 444,
778 1731 827 1780 ιιι
845 1720 913 1782 (igne
932 1721 985 1782 tuot
1004 1721 1025 1768 st
1041 1722 1109 1784 nn.)

120 1923 256 1975 biliterad
272 1919 649 1973 huncedolescentulumret·
684 1913 887 1991 ἠπερόπευμα,
913 1915 1013 1972 Αὐλῶν
1038 1917 1208 1984 ἀντίπαλον,

121 1999 179 2049 444444
195 1998 236 2048 Fr.
257 1995 297 2048 48.
316 2010 342 2062 p.
357 1997 418 2046 tte:
439 1997 488 2058 Τίς
505 1995 647 2067 ἐρασμίην
684 1993 910 2068 φιλοβάρβιτον,
930 1991 1016 2062 ἡδύν,
1034 1990 1155 2050 ἄλυπον

120 2074 239 2158 Τρέψας
260 2066 394 2135 644μὸν’
379 2085 410 2134 ες
432 2063 511 2136 ἥβην
527 2070 648 2141 τερένων
718 2072 772 2122 43-
783 2073 822 2122 46.
844 2072 936 2136 liranis]
956 2073 1056 2132 Quam
1068 2087 1122 2124 vrm
1134 2088 1210 2124 exer

119 2141 255 2212 ἡμιόπων
270 2139 309 2195 ain
309 2139 422 2194 ἀὐλῶν
430 2137 588 2215 ’;ορχεῑται
607 2146 646 2194 De
684 2147 745 2197 ceat
761 2159 850 2204 amor,
869 2147 926 2210 ipse
942 2145 1027 2209 probe
1045 2149 1130 2207 nosti;
1152 2151 1211 2198 ete-

119 2220 218 2271 eodem
230 2220 272 2270 est
288 2219 357 2269 inter
371 2219 646 2270 Pseudanaereontica
684 2221 740 2271 nim
759 2221 786 2270 tu
803 2233 910 2283 quoque
923 2233 998 2270 amas
1015 2185 1141 2274 seminarit
1153 2222 1210 2286 pul-

120 2296 210 2345 Carm.
223 2295 265 2344 49.
279 2292 646 2356 EiusstatnamaPolyerate
684 2294 875 2345 cherrimam.»
908 2295 947 2344 Dc
971 2295 1107 2357 Terentia,
1137 2297 1210 2348 blac-

121 2373 237 2432 tyranno
256 2368 372 2417 dicatam
393 2369 501 2432 copiose
519 2367 648 2418 describit
684 2369 786 2418 canatis
807 2381 905 2429 uxore,
933 2366 1065 2432 explicant
1089 2368 1209 2434 plerique

120 2441 249 2507 apuleius
265 2440 361 2491 Florid.
375 2442 406 2501 2,
426 2443 465 2491 46.
484 2454 511 2504 p.
524 2443 564 2491 64.
578 2441 645 2491 Oud.
684 2441 876 2507 praeeuntibus
891 2440 977 2492 tribus
989 2442 1157 2504 Scholiastis,
1177 2457 1209 2494 eo

120 2519 193 2569 Sam.
220 2516 299 2566 birob
323 2519 350 2567 in
375 2516 557 2579 Archaeotopio
581 2517 646 2566 Brit.
685 2516 757 2580 quod
778 2530 841 2567 mox
857 2515 980 2567 lihertiua
996 2520 1147 2581 opponatur
1168 2519 1210 2567 in-

120 2594 150 2642 T.
169 2591 256 2641 ml.
278 2603 339 2654 pag.
360 2591 418 2639 aea.
437 2589 579 2654 descripsit
600 2602 648 2640 vas
685 2605 797 2656 genuae.
833 2594 886 2641 «Ac
910 2604 940 2640 re
965 2603 1030 2641 vera
1055 2606 1098 2642 vv.
1123 2595 1211 2643 Gaude

119 2665 305 2726 Anacreontis,
323 2665 353 2714 ut
364 2663 478 2725 videtur,
498 2667 525 2714 et
535 2662 648 2726 Bathylli
685 2672 751 2717 sorte
767 2665 856 2716 tunde
874 2663 989 2728 legitima
1007 2667 1110 2716 tantum
1125 2680 1209 2716 uxore

121 2741 252 2803 imagines
285 2739 424 2789 exhibens.
464 2739 579 2802 2444444444
604 2739 649 2802 fiir
686 2739 1085 2806 sponsaneintelligipossunt.n
1099 2741 1208 2790 Fnarrn.

120 2813 440 2875 lunthonnwissenseholt
463 2812 535 2863 4846.
558 2813 646 2875 Soppt.
686 2816 787 2866 Eadem
798 2814 881 2865 verba
899 2817 1008 2878 insuper
1020 2815 1083 2866 satis
1101 2815 1211 2866 demon·

119 2891 146 2938 2.
165 2891 197 2938 N.
219 2889 261 2939 24.
284 2900 344 2951 pag.
364 2888 420 2936 446.
450 2913 478 2923 -
503 2887 649 2937 Anacreon-
685 2891 771 2940 strant
788 2889 875 2938 minus
893 2890 954 2953 apte
972 2902 1057 2952 nuper
1068 2902 1111 2938 vv.
1128 2890 1212 2939 Ureris

120 2963 157 3027 to]
175 2963 238 3013 Eius
255 2963 370 3013 statuam
386 2961 496 3011 Athenis
506 2961 573 3010 vidit
583 2962 650 3011 Pau·
686 2964 738 3012 eet.
751 2961 881 3024 explicata
899 2976 959 3012 esse
977 2963 1010 3012 de
1028 2961 1161 3027 Bathyllo,
1179 2961 1212 3012 li-

120 3037 253 3095 saniasl,
266 3037 336 3096 stat
348 3037 427 3084 εκα4
444 3035 476 3084 oi
492 3030 527 3084 τὸ
546 3030 649 3099 σχῆμά
685 3035 764 3085 berto
790 3037 950 3086 Maecenatis
976 3040 1003 3086 et
1027 3037 1209 3100 pantomimo,

121 3111 218 3170 ἐστιν,
246 3102 309 3160 olon
326 3073 488 3176 ᾄ6οντος”
467 3125 504 3159 αν
520 3109 552 3160 ἐν
570 3109 648 3180 μέθῃ
686 3110 720 3159 de
739 3122 791 3172 quo
807 3109 888 3158 Tacit
907 3110 975 3158 nnn.
994 3111 1021 3169 4,
1041 3110 1085 3160 sl:
1105 3112 1212 3161 Maeee-

120 3187 235 3254 γένοιτο
262 3178 485 3255 dvdpainoc.—
511 3186 567 3233 Non
595 3162 650 3234 eld-
686 3195 734 3233 nas
747 3181 872 3232 eilnsus'
864 3195 891 3230 tn
907 3193 1019 3230 amorem
1038 3183 1160 3243 Bathylli,
1179 3197 1211 3233 ac

121 3261 252 3325 4040444444]
287 3260 461 3309 Anacreontis
492 3252 647 3320 ἀφέλειαν,
685 3257 828 3321 propterea
850 3255 1029 3305 memoratum
1052 3267 1112 3304 esse
1138 3253 1211 3305 illum

122 3332 242 3385 naturale
266 3337 293 3383 et
314 3332 427 3398 simplex
449 3332 583 3384 scribendi
601 3346 650 3395 ge·
685 3329 860 3380 Anacreontis
878 3325 1037 3390 Bathyllum.
1058 3326 1173 3378 «Blanda
1186 3331 1213 3377 et

122 3422 188 3468 nus,
216 3407 293 3471 longe
319 3408 488 3458 diversuma
508 3409 649 3470 poetarum
686 3405 824 3454 Terentiae
843 3416 905 3453 cum
923 3400 1022 3453 Helena
1038 3403 1211 3466 comparatio,

121 3481 360 3533 Alexandrinorum
386 3480 473 3531 indole
497 3482 587 3545 potius
612 3482 649 3530 si·
687 3491 749 3529 cunr
767 3477 808 3527 illa
824 3479 897 3527 esset
913 3474 1092 3541 pulcherrima
1105 3479 1132 3526 et
1142 3477 1213 3528 blae-

11 3591 16 3602 ,
121 3557 238 3620 gnificat,
252 3569 333 3619 4444004
342 3557 373 3604 ut
381 3553 564 3618 negligentius,
576 3553 649 3617 quod
687 3553 788 3603 cenatis
801 3551 920 3601 animum
937 3550 1090 3600 vehementi
1108 3563 1171 3614 erga
1183 3564 1213 3600 se

122 3631 158 3679 ad
176 3643 304 3680 numeros
321 3629 448 3690 attineat,
475 3641 537 3678 enm
553 3641 650 3679 versus
686 3640 779 3677 amore
788 3625 982 3676 accendisset.»
1000 3626 1150 3674 Wnrcnanr.
1166 3627 1214 3674 nt-

123 3705 309 3768 composuisse
317 3704 506 3767 reprehendat.
522 3701 650 3764 «Bathylli
686 3715 740 3765 que
752 3701 860 3752 omnino
873 3699 1037 3764 ineptissima
1053 3699 1122 3749 leret
1136 3699 1213 3762 pueri

122 3790 245 3828 amorem
262 3777 369 3841 scripsit
391 3789 444 3827 non
469 3777 503 3826 ita
528 3776 649 3840 perlecto
687 3775 792 3825 delicati
821 3787 882 3824 cum
916 3772 1015 3824 Helena
1043 3773 1211 3836 compositio.

123 3854 151 3903 et
172 3850 310 3901 elaborato
331 3851 401 3915 peda
419 3863 502 3914 qnam
527 3848 650 3900 dulcibus
690 3875 717 3884 -
735 3847 819 3912 4444404]
839 3847 974 3898 «Miserum
990 3859 1052 3905 csse,
1070 3846 1160 3895 44440444
1174 3846 1216 3894 de-

122 3924 265 3977 modulis.»
292 3926 384 3975 Senon.
407 3925 503 3975 critias
519 3925 605 3986 Bergk
621 3936 648 3988 p.
683 3923 769 3983 perire
782 3921 904 3982 puellam,
924 3919 957 3970 dc
970 3933 1062 3970 amore
1075 3920 1156 3969 etiam
1174 3917 1214 3968 le-

123 4000 189 4051 tlt:
220 3996 278 4051 Τὸν
298 3997 330 4049 δέ
350 4000 520 4065 γυναικείων
540 3996 651 4063 μελέων
686 3995 894 4046 licissimoadeo
910 3992 1094 4058 pervolgatum
1113 3995 1166 4052 eet,
1184 3994 1215 4044 ut

124 4070 266 4138 πλέξαντα
288 4069 350 4123 κόν
372 4066 449 4139 ᾠδὰς
468 4067 554 4122 ‘actv
571 4065 651 4121 Ἀνα-
688 4067 809 4134 exempla
834 4068 929 4118 afferre
953 4080 1065 4118 necesse
1084 4067 1215 4117 nonsit.»

123 4150 257 4218 κρείοντα
268 4148 345 4210 Τέως
362 4147 404 4208 εἰς
412 4139 551 4196 Ἑλλάδ’
534 4141 649 4211 ανῆγεν,
688 4146 817 4204 Bessum,
847 4142 965 4192 refutans
994 4141 1133 4191 miriticam
1162 4141 1212 4191 ΗΡ.

123 4221 300 4287 Συμποσιων
325 4220 481 4291 ἐρέθισμα,
507 4217 651 4286 γυναικῶν
689 4219 886 4268 coniecturam:
919 4215 1099 4265 «Horatiusnz
1132 4214 1215 4263 Ureris
