2934 4884
312 381 374 445 ll8
690 382 818 432 uonnrn
836 381 1003 433 cnnmunu

670 824 1030 888 cmm

355 996 543 1063 Miserarum
566 1004 616 1063 est
637 1016 745 1084 neque
767 994 868 1061 amori
890 993 969 1061 dare
989 993 1102 1061 ludum
1123 1016 1229 1083 neque
1252 996 1338 1063 dulci

354 1118 435 1185 Mala
454 1118 528 1183 vino
550 1118 674 1193 lavere,
698 1127 754 1183 ant
774 1116 949 1183 exanimari
972 1125 1151 1183 metuentes

378 1280 431 1331 llll.
450 1280 532 1329 Inscr.
550 1278 617 1341 volg.
643 1278 682 1328 Au
703 1277 843 1338 Neobulae,
870 1277 953 1327 etsie
973 1275 1021 1326 Bb.
1043 1302 1070 1311 —
1088 1277 1196 1327 &avan
1215 1278 1296 1327 citou
1311 1292 1362 1327 sos

345 1368 395 1404 csse
410 1355 462 1403 one
478 1354 628 1403 iocunditate
644 1358 769 1403 electore
784 1354 838 1403 Sl'c
861 1350 966 1415 (quibus
983 1365 999 1401 c
1015 1352 1155 1415 praeponit
1164 1352 1202 1401 Aa
1216 1352 1360 1417 Neobulen).

347 1454 373 1465 -
393 1428 447 1490 Ego
464 1428 666 1491 inscripseram:
695 1426 803 1477 Neobule
819 1440 900 1477 smero
916 1426 1035 1488 loqu.
1056 1452 1083 1461 -
1103 1427 1126 1475 l.
1144 1439 1188 1475 ccc
1205 1428 1287 1476 uenosi
1307 1441 1351 1491 pr.

344 1500 375 1561 h,
395 1502 427 1561 C,
446 1498 530 1550 Bentl.
551 1526 579 1537 -
597 1501 622 1551 2.
640 1501 770 1551 metuentis
786 1502 832 1549 ST.

344 1640 396 1690 llll.
432 1639 545 1689 imitatio
578 1637 684 1689 videtur
711 1638 835 1690 carminis
873 1654 957 1690 ουσα.
992 1637 1163 1703 Asclepiades
1184 1640 1263 1689 Anth.
1285 1639 1341 1691 Pal.
1363 1643 1393 1691 ll.

312 1712 413 1773 Alcaei,
441 1714 516 1763 cuius
538 1713 654 1777 primum
670 1726 695 1761 v.
720 1712 836 1763 servavit
872 1727 932 1779 pag.
951 1713 1015 1765 tea:
1044 1713 1124 1775 nrm,
1139 1706 1351 1781 Ἀσκληπιάδη·
1368 1716 1396 1765 τὶ

311 1788 472 1852 Hephaestio
489 1799 549 1851 pag.
568 1787 608 1836 6⁶1.
628 1786 705 1837 Geisi.
725 1785 788 1851 (illc.
807 1800 834 1851 p.
871 1784 909 1839 τὰ
924 1785 1036 1859 δάκρυα
1051 1785 1142 1839 ταῦτα
1148 1804 1160 1847 ,·
1176 1788 1225 1838 od.
1238 1788 1269 1848 3,
1287 1790 1337 1849 27,
1354 1791 1394 1839 57.

311 1863 368 1913 585.
381 1854 764 1926 Bergk):'Hperietlav,lps
774 1875 837 1911 παι-
874 1864 997 1928 (Tempus
1018 1863 1122 1913 definiri
1146 1864 1246 1926 nequit.
1274 1862 1396 1914 Nonnulli

312 1932 368 1987 σᾶν
379 1932 546 1985 κακοτάτων
558 1934 738 1997 πεδέχοισαν.
756 1936 837 1987 Hulta
872 1937 992 1987 referunt
1000 1938 1034 1987 ad
1046 1951 1071 1986 a.
1085 1950 1111 1986 u.
1125 1951 1148 1987 c.
1157 1938 1213 1986 725.
1234 1938 1273 1987 De
1284 1940 1397 1989 metrica

313 2014 390 2063 huius
416 2013 495 2063 metri
521 2015 639 2064 carmina
661 2012 703 2063 ille
724 2026 837 2077 compo-
872 2012 950 2061 huius
970 2012 1038 2061 odae
1058 2012 1159 2061 ratione
1176 2009 1229 2060 tid.
1249 2012 1340 2063 Herm.
1358 2012 1395 2062 El.

313 2088 419 2147 suerat;
444 2089 470 2138 in
493 2101 545 2138 uno
562 2090 672 2152 propter
695 2086 836 2137 difficulta-
872 2086 962 2135 Doctr.
979 2088 1057 2135 metr.
1075 2100 1102 2149 p.
1115 2084 1172 2135 lit.
1188 2088 1216 2135 et
1228 2086 1396 2148 Excursum.)

312 2167 368 2214 tem
385 2160 446 2212 talia
462 2160 551 2224 lingua
567 2162 659 2212 Latina
675 2163 724 2211 rite
748 2160 837 2212 elabo-
905 2161 928 2209 l.
951 2161 1104 2209 Miserormn
1112 2160 1154 2223 est]
1174 2160 1338 2210 uHiserrima
1357 2164 1398 2210 est

312 2238 390 2287 randi
408 2237 530 2286 Horatius
547 2235 672 2287 substitit.
707 2236 837 2285 Exversu
872 2233 992 2283 condicio
1016 2232 1177 2298 puellarum,
1206 2233 1305 2297 multus
1330 2248 1397 2285 con-

313 2310 355 2362 illo
366 2304 438 2375 Ἒμε
453 2308 513 2359 κτλ.
532 2309 678 2373 colligimus
691 2309 760 2359 hanc
772 2321 838 2373 quo·
873 2321 980 2359 cessum
1002 2322 1056 2357 nnn
1072 2311 1114 2357 est
1131 2310 1214 2357 amori
1230 2308 1396 2372 indulgere..

314 2398 366 2449 que
397 2397 458 2435 esse
483 2382 618 2434 Heobules
641 2382 835 2450 povoloytuv,
875 2410 902 2418 -
929 2383 1012 2433 rrrrtort¹
1033 2383 1095 2431 dore
1117 2382 1217 2446 iudan]
1244 2384 1396 2434 :amoribus

313 2474 366 2510 non
391 2460 520 2508 ironicam
545 2460 642 2508 Horatii
666 2459 700 2508 ad
720 2457 837 2522 puellam
873 2458 928 2507 suis
943 2456 1058 2506 liberum
1074 2454 1182 2505 ludendi
1198 2457 1315 2519 spatium
1331 2471 1398 2507 con-

313 2534 514 2592 allocutionem‚
533 2535 562 2581 ut
572 2531 692 2597 plerique
703 2534 838 2596 interpre-
873 2531 985 2593 cedere,
1012 2530 1096 2581 libere
1113 2532 1145 2581 iis
1162 2530 1237 2581 lrui.»
1270 2530 1396 2595 Aeschyl.

313 2610 354 2657 tes
365 2606 464 2657 volunt.
495 2608 587 2669 Neque
598 2620 662 2657 vcro
674 2606 781 2657 obstant
792 2620 835 2656 vv.
873 2608 946 2655 Pers.
965 2605 1026 2656 sti:
1062 2600 1166 2670 ψυχὴν
1182 2602 1309 2669 διδόντες
1325 2599 1397 2671 ἦδο-

316 2681 367 2731 Tibi
384 2680 488 2742 qualem
505 2682 574 2741 cet,
594 2694 656 2731 nam
673 2679 838 2745 inpovolo-
873 2678 919 2750 νῇ.
953 2679 1035 2729 Plaut.
1053 2681 1150 2730 Bacch.
1169 2679 1200 2741 l,
1219 2681 1265 2743 to,
1283 2682 1316 2730 ἵε
1344 2683 1399 2746 Epo

313 2756 389 2822 γιαις
414 2754 494 2803 etiam
520 2754 603 2803 Latini
629 2756 738 2805 utuntur
766 2754 838 2805 haud
874 2756 936 2805 darc
955 2768 995 2804 ore
1017 2755 1104 2804 ludum
1121 2768 1176 2804 mco
1191 2760 1269 2818 ponto
1284 2756 1396 2816 mai,

315 2842 375 2879 raro
399 2841 516 2891 persona
541 2830 672 2891 secunda,
702 2842 784 2893 q'uam
808 2832 839 2879 ut
873 2836 902 2879 ut
924 2830 1008 2878 anion
1029 2828 1172 2891 obcqmom
1187 2830 1291 2879 Sionem
1303 2832 1397 2893 possit:

314 2902 376 2953 huic
393 2903 504 2952 carmini
522 2904 652 2967 aptiorem
663 2901 788 2968 praetulit
797 2904 838 2953 sul
874 2917 982 2967 &qutun
1006 2917 1056 2953 csse
1074 2910 1151 2965 puto:
1175 2905 1218 2953 seri
1241 2905 1316 2954 ciros
1339 2905 1399 2955 nolo

315 2975 473 3042 exemplaris
491 2978 602 3042 primae.
632 2976 714 3029 Plaut.
735 2977 836 3042 Epidio.
875 2978 983 3028 desidius
1006 2978 1039 3026 Ei
1060 2980 1122 3028 dore
1141 2978 1236 3027 tudun.
1264 2978 1351 3028 Varro
1374 2980 1400 3028 in

316 3052 461 3113 l,s,58.‚
480 3052 526 3101 ubi
544 3050 578 3101 ad
595 3064 625 3101 se
642 3052 730 3116 ipsum
747 3052 839 3116 Epidi·
875 3053 974 3103 saturis
993 3065 1020 3115 p.
1044 3053 1100 3102 409.
1123 3051 1233 3103 oehler:
1262 3054 1401 3115 Properate

316 3138 380 3176 cus:
408 3126 523 3188 Epidico,
541 3126 609 3187 vide,
628 3128 688 3189 quiri
704 3129 785 3191 opas!
801 3127 840 3176 lto
873 3128 968 3188 eivers
987 3140 1098 3188 pueroe,
1127 3141 1191 3189 quos
1206 3128 1266 3177 sini
1285 3128 1402 3177 acutula

315 3213 356 3250 res
372 3199 453 3250 subito
464 3200 524 3251 hoec
535 3200 650 3251 obiectast
661 3200 713 3250 tibi.
731 3202 837 3251 Terent.
875 3202 970 3263 ludere,
988 3215 1051 3263 esse,
1069 3203 1306 3252 mentumis
1316 3207 1402 3251 tmere

315 3275 422 3325 Phorm.
441 3274 471 3335 3,
491 3277 520 3337 l,
541 3276 572 3324 l:
600 3276 749 3337 Enimvero,
767 3276 840 3325 Anti-
875 3275 961 3339 lepos?
986 3276 1041 3327 Cic.
1062 3290 1111 3341 pro
1135 3275 1224 3327 Caelio
1246 3277 1294 3325 lt:
1322 3277 1401 3325 datur

314 3350 375 3412 pito,
399 3349 551 3399 multimodis
562 3364 620 3399 cum
636 3350 697 3399 istoc
714 3351 799 3399 acono
815 3363 841 3399 cs
875 3364 990 3401 concessu
1009 3352 1120 3401 onmium
1139 3351 1198 3400 trec
1219 3350 1312 3413 aliquos
1327 3352 1403 3401 ludat

315 3425 504 3486 vituperandus.
541 3423 633 3475 Catuli.
656 3424 685 3483 8,
708 3426 737 3474 l:
763 3424 841 3474 Miser
877 3427 963 3477 aetati.

318 3498 425 3559 couno,
452 3499 551 3548 deonas
571 3500 683 3561 ineptire.
719 3499 766 3559 til,
791 3500 839 3548 ⁴7:
909 3502 933 3550 ἱ.
960 3500 984 3550 3.
1013 3501 1071 3549 cion
1088 3498 1182 3563 lovere]
1211 3511 1316 3563 «neque
1338 3500 1402 3549 vino

318 3574 415 3632 Otium,
443 3572 552 3635 Cottae,
578 3574 622 3623 titi
642 3574 773 3624 molestum
795 3578 839 3623 est.
877 3576 1009 3625 tristitiam
1026 3571 1131 3635 eluere,
1153 3572 1289 3637 abigere.»
1325 3573 1403 3633 Quod

318 3648 374 3695 Ser.
393 3644 522 3710 Sulpicius
543 3648 614 3711 apud
637 3650 691 3699 Cic.
715 3648 750 3699 ad
768 3650 839 3699 Fam.
878 3649 912 3699 ad
928 3650 1020 3698 vinum
1036 3648 1144 3708 attinet,
1163 3647 1254 3697 dicunt
1272 3645 1401 3707 nonnulli,

319 3718 350 3781 l,
369 3720 399 3781 e,
416 3719 445 3771 l:
476 3722 547 3771 Visne
563 3726 591 3771 tu
607 3726 643 3783 te,
661 3724 749 3785 Servi,
771 3722 842 3772 colti-
877 3721 1015 3774 Neobulen
1032 3722 1093 3772 ideo
1105 3722 1196 3785 queri,
1216 3720 1290 3784 quod
1304 3720 1358 3771 sihi
1375 3723 1403 3770 ut

319 3792 383 3844 lere.
419 3794 493 3845 Ovid.
512 3796 573 3847 Het.
591 3796 620 3857 7,
643 3799 690 3847 ll:
721 3798 840 3855 meo,
878 3796 981 3861 puellae
1007 3798 1141 3847 Romanae
1164 3808 1218 3846 non
1238 3793 1319 3845 liceat
1341 3797 1402 3846 vino

318 3870 419 3930 Medea,
431 3883 566 3933 repopoos.
586 3872 682 3921 Lucan.
695 3873 719 3933 t,
733 3872 797 3921 tae:
810 3870 843 3919 Et
879 3885 956 3923 curas
965 3872 1070 3923 sedare.
1088 3870 1142 3921 Sed
1152 3868 1226 3920 obliti
1237 3874 1315 3920 erant
1324 3868 1404 3920 liber-

319 3957 401 3995 secum
422 3944 581 4008 (Domitius):
601 3947 737 3995 limitamus
752 3944 843 4008 petes?
879 3948 962 3998 mam
978 3948 1022 3997 hic
1040 3945 1125 4010 loqui,
1144 3946 1186 3995 cui
1206 3945 1259 3995 dici
1278 3947 1400 4009 poterat:

320 4020 371 4069 eet.
407 4020 507 4069 Graeca
524 4017 645 4083 exempla
665 4018 735 4069 adde
757 4020 840 4070 hacc:
878 4023 976 4085 sapias,
997 4022 1059 4071 vino
1074 4021 1163 4082 lipom,
1190 4020 1314 4071 eiusdem
1336 4033 1402 4070 sane

321 4093 407 4156 Eurip.
427 4092 464 4143 El.
479 4094 535 4144 ua.
563 4093 665 4144 Electra
682 4094 842 4158 semetipsa
880 4097 985 4158 generis
1008 4098 1087 4159 atque
1113 4093 1156 4144 illa
1184 4094 1259 4144 multi
1287 4094 1404 4145 Ducentis

321 4163 470 4229 alloquens:
497 4162 634 4229 Esivrcw',
656 4160 736 4239 ὥρα,
754 4164 843 4232 ποδὸς
879 4170 950 4221 meri.
966 4195 994 4206 -
1007 4168 1216 4232 amminoni]
1235 4166 1402 4230 «autsilmc

323 4230 425 4309 ὁρμάν·
443 4234 481 4290 Ὢ
498 4236 575 4307 ἔμβα
594 4236 671 4309 ἔμβα
688 4241 843 4294 normias-
879 4243 922 4294 vel
947 4242 1009 4294 illud
1033 4245 1180 4306 tentemus,
1214 4244 1305 4295 stafim
1329 4244 1402 4294 metu
