2934 4884
229 314 291 377 232
613 314 741 363 nonani
760 314 927 363 (hamana

485 468 621 535 Exilium
644 468 832 556 impositura
855 468 1001 535 cumbae.

295 669 335 720 28.
354 669 470 719 Eoitimn
485 685 504 735 γ
520 682 562 733 ap.
581 669 687 718 iiirchn.
708 670 738 718 N.
758 670 788 727 Q.
808 668 838 717 H.
852 680 878 732 p.
892 666 932 716 36.
954 694 981 703 —
1000 666 1103 717 monice
1119 668 1169 717 Bc:
1188 667 1284 717 mathae

260 746 293 801 Τ,
320 745 422 805 mmooe
444 744 519 805 hspi
542 756 605 793 cum
628 743 694 794 Edd.
714 742 864 806 plerisque,
884 744 965 792 etiam
981 742 1003 792 J.

259 919 442 985 immitam]
467 919 679 981 mnestheus,
706 920 753 969 uhi
790 918 981 969 Hermesianax
998 920 1026 979 Ξ,
1046 920 1070 969 3.
1095 919 1258 969 Schneidew.
1281 919 1317 969 dc

228 995 288 1055 quie
311 994 407 1045 exulat.
444 995 518 1045 Ovid.
543 996 611 1045 Fast.
635 995 666 1054 6,
689 994 751 1043 tto:
790 994 908 1057 Orpheo:
935 986 1072 1043 inionem
1094 991 1125 1043 δὲ
1150 989 1241 1043 κακὸν
1266 994 1318 1044 καὶ

226 1068 342 1118 Exitium
357 1070 469 1128 qaedam
479 1074 590 1131 tonipore
601 1069 676 1118 Tibur
686 1074 750 1119 erat.
790 1061 912 1117 ἀπειθέα
923 1060 1127 1136 χῶρον,Ἒνθα
1136 1063 1246 1139 Χάρων
1257 1083 1319 1119 κοι-

227 1145 339 1193 Proreus
364 1156 491 1207 perverse
517 1147 559 1195 ost
580 1141 659 1194 lectio
680 1143 753 1193 haud
789 1136 843 1207 νὴν
871 1136 983 1191 ἕλκεται
1010 1142 1051 1205 εἰς
1076 1134 1186 1193 ἄκατον
1214 1139 1318 1206 Ψυχὰς

227 1229 376 1280 paucorum
404 1218 488 1267 Codd.
512 1218 584 1282 apud
609 1220 701 1268 Ianum
727 1220 755 1268 et
791 1216 962 1281 οἰχομένων.
981 1212 1318 1280 Δίκωπον-σκοίφοςνο-

227 1290 415 1342 nonnullorum
440 1293 557 1342 Pottierii
582 1294 696 1342 exitium
722 1318 751 1329 -·
791 1294 834 1340 cat
858 1292 947 1356 Eprip.
974 1288 1028 1344 Alc.
1055 1292 1113 1342 252.
1141 1293 1260 1356 Properi.
1285 1293 1316 1353 3,

227 1363 380 1426 impositura
395 1366 505 1430 enimbat]
526 1368 610 1417 Dativ.
630 1369 753 1417 «laesura
791 1366 835 1427 48,
854 1364 899 1415 tt:
918 1366 1069 1415 &cadmia
1086 1370 1120 1415 est
1137 1366 1202 1416 tomi
1212 1366 1318 1429 publico

228 1452 278 1489 nos
295 1440 478 1490 conscendere
493 1440 633 1491 charontis
645 1454 751 1501 navem,
790 1438 881 1487 morbo
896 1440 968 1489 amia.
1003 1440 1034 1491 Et
1051 1439 1141 1489 emata
1163 1454 1188 1489 v.
1203 1442 1317 1491 omnino

228 1525 299 1576 qnae
324 1526 373 1563 nos
400 1514 532 1578 perducat
558 1515 586 1564 in
613 1518 754 1565 aeternum
791 1512 897 1564 solitum
916 1513 949 1564 de
968 1514 1107 1564 charontis
1121 1516 1189 1564 navi.
1207 1516 1316 1565 Patron.

229 1585 349 1647 exilium,
374 1588 401 1637 in
423 1588 494 1650 quod
514 1586 639 1651 pellimur
655 1602 670 1637 a
687 1587 753 1639 sede
792 1589 848 1638 tat.
867 1602 893 1639 v.
908 1589 964 1639 iit.
983 1588 1099 1640 Fahrett.
1118 1590 1200 1639 Inscr.
1217 1603 1243 1654 p.
1257 1591 1316 1640 702.

230 1662 753 1729 nostratemoetrieiuoquecommodia.»
791 1664 821 1713 N.
840 1662 897 1713 235.
917 1661 993 1727 Apul.
1013 1664 1074 1716 hiet.
1094 1664 1125 1727 6,
1143 1665 1183 1714 48.

697 1864 843 1875 νη--ι--ι

591 2037 957 2097 EXCUBSUS

710 2198 835 2247 Annii.
902 2250 903 2255 ,

299 2348 420 2398 interiore
441 2353 503 2398 noto
525 2347 635 2397 Fotemi.
654 2346 796 2411 Amphorie
817 2346 944 2410 cadisque
962 2360 977 2395 a
995 2346 1079 2410 figulis
1097 2346 1324 2410 imprimebantur

230 2436 305 2482 nome
323 2431 471 2495 (consulum
488 2432 603 2494 nomina)
621 2429 714 2481 litteris
731 2433 804 2479 certe
822 2429 913 2480 seculo
933 2434 994 2493 post
1011 2432 1073 2481 Chr.
1092 2430 1212 2499 necundo
1228 2430 1323 2481 mohi-

229 2512 312 2575 libus,
334 2516 364 2563 ut
380 2517 443 2565 eunt
458 2514 625 2565 officinarum
643 2516 795 2565 nostrarum
811 2510 905 2564 τύποι.
938 2516 981 2565 Sic
998 2516 1109 2564 Parmae
1127 2516 1213 2564 exstat
1229 2512 1321 2577 tegula

230 2598 330 2648 Horatii
346 2597 478 2661 aequalis:
508 2600 536 2648 1,.
555 2600 648 2649 ΝΑΕΝ
666 2602 670 2656 Ι
689 2599 756 2648 COS.
775 2599 803 2648 L.
824 2598 903 2649 COTT
920 2602 924 2657 Ι
943 2599 971 2648 L.
991 2598 1082 2648 MANL
1112 2597 1144 2661 [a.
1163 2610 1189 2646 u.
1209 2611 1232 2647 c.
1246 2596 1318 2657 689.)

230 2680 357 2744 Borghesi
373 2683 400 2731 in
416 2680 481 2731 Ano.
494 2682 550 2731 dett
566 2682 625 2732 teat.
639 2682 693 2732 XII.
711 2696 737 2749 p.
756 2682 814 2733 229.
836 2710 862 2718 -
882 2684 911 2731 ln
929 2683 1057 2746 amphora
1074 2682 1193 2746 Pompeii
1210 2683 1321 2745 reperta

231 2764 299 2815 haec
315 2764 411 2829 legitur
426 2766 577 2829 inscriptio:

734 2850 817 2901 iiVBR

720 2934 789 2984 VEY.
814 2926 839 2983 V

730 3020 756 3069 P.
777 3018 821 3069 CH

233 3102 260 3151 id
277 3106 333 3164 est,
350 3102 458 3152 robmm
475 3101 525 3166 (vei
542 3102 614 3151 nihii
631 3102 692 3165 cet.)
713 3102 875 3151 Venetorum
887 3096 1004 3165 picotum
1021 3102 1069 3153 011.
1090 3100 1203 3167 explicat
1219 3102 1322 3153 Arelli-

233 3199 283 3235 nus
300 3185 459 3249 (Atipmaeiae
477 3187 581 3249 Zeitnop
602 3184 675 3236 4845.
694 3184 735 3235 ai.
754 3185 806 3235 tot
821 3199 848 3250 p.
869 3185 962 3249 4635.),
981 3186 1030 3235 nisi
1047 3188 1089 3235 esi
1105 3187 1208 3250 potius:
1232 3189 1322 3248 pondo

231 3270 293 3330 Cli,
319 3271 347 3319 in
372 3269 455 3319 altere
477 3269 651 3333 explicatione
675 3272 717 3318 est
737 3269 884 3333 amphorae
905 3271 932 3321 in
956 3284 987 3321 ea
1011 3269 1141 3334 apotheca
1164 3272 1321 3322 narratae

231 3365 370 3403 numerus.
400 3379 427 3389 -
453 3353 507 3403 Cir.
525 3355 578 3402 Sat.
598 3355 627 3413 i,
647 3352 693 3414 40,
712 3350 758 3402 at:
789 3353 848 3403 Chio
868 3358 930 3403 noto
951 3354 972 3401 ai
992 3354 1130 3403 omnmhto
1152 3353 1255 3403 Falerni
1272 3361 1319 3405 eat.
1354 3408 1360 3420 ,

231 3436 324 3488 laven.
342 3438 372 3498 5,
391 3437 437 3486 33:
457 3438 520 3487 cros
535 3436 598 3487 bibet
614 3436 717 3486 Athonis
733 3436 831 3496 aliquid
846 3438 877 3487 de
892 3436 1016 3487 montiim
1031 3441 1077 3487 aot
1087 3438 1117 3486 de
1127 3438 1230 3497 seim,
1248 3438 1324 3487 entim

228 3522 346 3581 patriam
366 3520 514 3581 titotwnoee
533 3525 643 3570 senectae
662 3520 759 3569 Deleoit
774 3520 856 3569 molto
871 3520 961 3570 oete-ia
980 3520 1085 3585 Mipioe
1101 3526 1184 3571 testeo.
1211 3522 1319 3571 Peiron.

232 3603 284 3652 Sat.
299 3604 328 3654 C.
341 3603 386 3654 ti:
405 3604 498 3653 Statim
514 3604 608 3653 otlotoo
623 3608 681 3652 aaut
696 3604 837 3666 caeptoroe
852 3605 948 3655 vitreae
958 3604 1088 3669 ditipenter
1098 3610 1235 3669 appiana,
1254 3616 1324 3664 puo-

231 3698 290 3734 mm
314 3686 342 3735 in
365 3687 501 3736 conicitur
521 3687 631 3749 pittacia
654 3693 729 3736 erent
754 3689 839 3751 affixo
864 3701 922 3738 cam
946 3688 991 3738 hoc
1016 3688 1101 3739 tituto:
1129 3686 1318 3739 FALEiiNVM.

237 3767 428 3820 criminavit.
446 3770 614 3821 ANNOIWM.
635 3772 775 3822 CENTVM.
