2934 4884
652 340 780 390 HORATll
798 340 966 393 candiduli

478 478 544 541 lem
565 474 669 563 fulgor
691 498 856 543 armorum
878 477 1009 565 fugaces

521 600 633 665 Terret
656 620 760 687 equos
783 600 994 687 equitumque
1016 598 1130 665 voltus.
1307 603 1348 667 20

433 756 553 823 Audire
576 778 709 845 magnos
732 758 796 823 iam
818 757 931 823 videor
953 755 1054 823 duces

330 929 369 977 49.
387 929 488 992 supanis
503 928 569 976 lile.
591 954 618 963 -·
637 927 678 976 20.
693 928 857 990 scripturam
874 926 955 976 4444444
970 908 1079 977 4444444444
1096 928 1147 977 hoc
1164 927 1224 979 loco
1242 942 1265 977 c.
1286 958 1312 963 -

296 1002 550 1129 {hct'iqerewssentl
571 1004 651 1062 coni,
670 1004 695 1052 in
719 1014 800 1065 quam
824 1001 954 1069 incideret
974 1002 1025 1053 iam
1044 1001 1188 1053 Beroaldus
1205 1003 1239 1052 ad
1257 1006 1311 1054 Cic.

262 1220 355 1268 stridor
378 1220 468 1269 44444444
491 1220 644 1283 ctcnpcrqne
669 1219 786 1267 tubarum
823 1220 880 1267 tura
902 1230 1017 1281 eamque
1039 1217 1215 1268 vehementer
1232 1232 1347 1283 percus-

261 1293 319 1343 Non
332 1295 379 1355 pia
389 1294 670 1343 cninnnitcnnrcnce
680 1293 785 1342 clenica
822 1292 966 1350 sumaim,
992 1293 1143 1343 rectissime
1164 1305 1213 1356 per
1234 1306 1347 1355 zeugma

262 1380 349 1417 corna.
368 1368 430 1417 Tac.
448 1372 515 1418 Anu.
530 1370 557 1429 l,
576 1368 786 1429 681comnaque
822 1378 874 1415 uno
896 1367 1015 1415 audiendi
1035 1365 1120 1415 verbo
1137 1367 1227 1416 444444.
1263 1368 1348 1417 liuius

263 1456 294 1490 ae
311 1442 385 1491 indae
400 1444 554 1492 concinuere.
822 1442 912 1489 aulem
935 1440 1035 1503 figurae
1059 1442 1182 1501 Graecis,
1207 1442 1345 1501 Romanis,

295 1516 335 1565 444.
358 1517 451 1581 salpae]
477 1516 581 1576 Quintil.
607 1517 653 1574 40,
680 1517 709 1577 4,
737 1516 784 1565 30:
821 1513 891 1564 Italis
916 1516 1000 1577 magis
1026 1528 1107 1578 quam
1133 1514 1349 1579 septentrionali-

262 1591 345 1651 qnalie
369 1596 403 1640 est
426 1592 489 1652 ser-ri
515 1592 615 1654 sulcen,
645 1604 693 1652 qne
717 1604 786 1639 mens
821 1589 873 1639 bus
895 1588 999 1652 populis
1021 1589 1134 1639 usitatae
1160 1602 1222 1639 osor
1244 1589 1347 1653 ubique

261 1665 335 1713 danai
353 1666 470 1726 cinoque
486 1666 692 1727 maesnmpitur.
721 1666 783 1715 Tac.
822 1664 877 1714 lere
901 1664 999 1713 exstitit
1021 1662 1169 1723 4444444444,
1196 1668 1226 1713 ut
1249 1664 1296 1713 Od.
1315 1664 1346 1724 3,

263 1739 787 1801 Germ.43:primitnnnnio1nprceltic
822 1741 866 1798 lli,
901 1741 925 1788 5.
976 1737 1086 1788 lllustria
1126 1741 1190 1787 sunt
1222 1736 1347 1803 exempla

261 1813 327 1863 acuti
342 1814 484 1863 vincantur.
518 1814 700 1877 FulpnrlCod.
714 1814 786 1865 4404-
821 1811 944 1875 Aeschyl.
972 1813 997 1861 S.
1021 1826 1044 1861 c.
1074 1812 1121 1862 Th.
1142 1813 1203 1863 loa:
1235 1808 1347 1863 κτύπον

260 1886 328 1948 vill..
363 1889 519 1949 ascensius,
554 1888 716 1952 Oudendorp
750 1889 784 1939 ad
820 1884 949 1956 δέδορκα.
962 1886 1036 1935 Pind.
1056 1886 1132 1948 Pytlr.
1151 1885 1175 1946 4,
1196 1886 1256 1937 444;
1276 1880 1348 1939 οὔτε

194 1990 200 1999 ·
261 1962 377 2013 Frontin.
391 1964 421 2024 2,
434 1962 462 2021 3,
477 1963 517 2013 34.
537 1962 692 2027 Wakefield)
705 1965 783 2015 nimis
820 1954 905 2031 ἔργον
922 1954 987 2011 Odr'
1003 1954 1183 2021 ἔπος-εἰπών.
1203 1962 1346 2014 Danielu-

260 2037 393 2088 tumidum
410 2042 452 2089 est
467 2052 517 2102 pro
534 2042 609 2089 casto
627 2039 725 2088 Horatii
737 2053 785 2103 ge·
822 2036 895 2087 lerno
907 2034 952 2093 33,
971 2033 999 2081 9:
1017 2034 1123 2083 Portare
1139 2047 1152 2083 c
1169 2035 1295 2098 4449444444
1308 2039 1345 2085 mi

262 2126 327 2163 uere
348 2112 462 2163 dicendi.
488 2140 515 2149 —-
534 2113 645 2176 44494444]
663 2115 785 2177 Porphy-
819 2107 904 2160 nedra'
936 2109 1044 2157 44444444.
1092 2108 1147 2169 (Ad
1184 2110 1345 2161 seutentiam

260 2189 315 2237 rio:
344 2190 414 2238 «Pro
429 2186 568 2237 velocibus
585 2189 689 2252 accipe;
714 2190 741 2237 et
757 2189 784 2239 iu
818 2186 909 2252 ipsam
931 2182 979 2233 clr.
1004 2182 1068 2233 Plin.
1094 2184 1190 2245 Paneg.
1214 2184 1269 2245 l'l.,
1297 2184 1346 2235 ubi

260 2276 385 2314 sermone
402 2263 536 2326 hodieque
551 2264 640 2327 sapam
653 2278 701 2327 pro
713 2263 786 2315 velo-
821 2260 925 2310 Traiani
947 2257 1110 2321 triumphum
1131 2257 1180 2308 sibi
1198 2261 1260 2308 ante
1277 2272 1346 2309 ocu-

261 2340 339 2389 citate
363 2339 490 2398 dicimus,
516 2352 578 2388 cum
600 2338 634 2389 de
651 2339 727 2401 equis
744 2338 784 2389 lo·
820 2334 860 2385 los
885 2335 986 2384 versari
1008 2332 1096 2395 fingit:
1126 2334 1214 2383 Videor
1233 2333 1347 2397 inqendo

261 2415 393 2476 quimur.»
430 2414 540 2475 Accepit
557 2426 620 2475 ergo
638 2413 734 2462 eadem
751 2415 785 2463 ei·
821 2411 912 2458 ducent
933 2408 1037 2459 nornine
1057 2420 1102 2455 nec
1122 2407 1240 2456 indecora
1261 2410 1347 2457 440444-

260 2489 440 2550 gniiicatione,
468 2500 522 2550 qua
544 2500 593 2537 nos
611 2500 691 2551 saepe
709 2488 784 2539 edie-
820 2484 892 2534 nibus
907 2496 1016 2544 empore
1032 2482 1162 2531 nncitnre.
1201 2482 1288 2531 Videor
1303 2483 1346 2532 in-

261 2563 330 2611 ctivo
346 2563 448 2625 4444444449
465 2563 578 2620 utimum
600 2562 650 2611 sed
671 2565 699 2612 et
720 2576 784 2613 sen·
821 2560 886 2608 tueri
911 2557 1059 2607 immanibus
1083 2557 1152 2605 444444
1177 2556 1346 2607 tartarorum

260 2636 340 2687 tentia
374 2636 432 2699 ipsa
466 2638 492 2684 et
532 2636 632 2687 lloralii
669 2651 784 2688 consue·
821 2638 911 2683 carata
926 2632 1023 2696 [4444444
1039 2630 1101 2691 cel.)

259 2710 324 2759 tudo
350 2710 402 2759 hoc
429 2709 570 2759 admittere
593 2724 646 2761 non
667 2711 781 2761 videtur.
853 2710 893 2758 32.
918 2707 1037 2769 sordidos]
1058 2704 1122 2756 Plio.
1145 2706 1174 2755 44.
1196 2707 1225 2755 N.
1249 2706 1277 2767 i,
1301 2706 1342 2755 49.

260 2784 341 2834 Aliter
357 2798 401 2834 res
419 2798 448 2834 se
466 2783 548 2832 habel
558 2785 629 2847 apud
641 2787 780 2836 Senecam.
821 2783 854 2832 de
872 2781 1020 2833 Alexandro
1033 2782 1081 2831 li:
1100 2780 1214 2829 taedebat
1223 2780 1345 2843 4449444444

260 2860 407 2908 Gronovius
423 2859 457 2907 ad
479 2859 586 2919 Thyest.
606 2859 668 2909 629:
697 2862 784 2923 «sepa
820 2858 962 2907 bellatorem
978 2855 1247 2909 cimilitiasardiduco.
1277 2856 1346 2905 Sunt

259 2933 322 2982 huic
347 2932 468 2995 scriptori
494 2935 605 2995 quaevis
627 2932 705 2983 velox
727 2937 781 2986 itio.
821 2933 898 2994 igitur
915 2930 1017 2993 nspersi
1035 2928 1145 2992 pulvere
1163 2928 1252 2977 medio
1264 2929 1292 2977 in
1304 2930 1346 2977 tu-

260 3006 346 3057 liniret
355 3005 516 3070 compluries
526 3008 648 3058 inNatur.
657 3010 781 3068 (lunesto
821 3004 905 3056 multu
923 3005 1044 3063 excitato,
1063 3004 1106 3066 qui
1123 3002 1208 3066 pulvis
1220 3004 1276 3067 ipse
1289 3002 1347 3053 illo-

260 3084 340 3133 Recte
358 3094 422 3131 vero
439 3081 466 3130 h.
484 3080 501 3131 l.
519 3080 634 3146 explices
651 3097 700 3147 per
718 3099 783 3149 pro·
819 3094 880 3131 rum
903 3078 1084 3129 tortitudinem
1105 3080 1185 3139 atque
1203 3078 1345 3129 audaciam

258 3156 344 3221 lapsin
368 3157 514 3220 poeticam:
543 3171 606 3218 «eo,
633 3160 705 3220 quod
727 3163 783 3209 ter·
820 3156 994 3205 demonstrat.
1030 3151 1342 3217 MariusepudSal.lug.

261 3235 362 3291 rentur,
381 3230 470 3295 lugam
487 3244 549 3281 mox
566 3236 718 3295 capturos.»
819 3232 864 3280 85:
883 3231 1011 3288 4444444444,
1026 3228 1155 3290 pulonem
1171 3234 1194 3277 et
1211 3228 1264 3277 alie
1280 3228 1345 3277 talia

290 3308 332 3356 sl.
350 3305 451 3368 Audire]
469 3306 566 3369 partim
587 3308 781 3369 contionantes,
819 3306 888 3355 netis
903 3305 1046 3365 relinquent
1063 3301 1176 3353 nobiles.
1213 3300 1299 3351 Flacc.
1313 3302 1342 3360 4,

257 3386 289 3432 nt
306 3385 367 3431 ante
385 3394 503 3444 pugnam
514 3379 695 3432 Pharsalicam
705 3384 784 3433 Pom·
820 3380 865 3428 43:
892 3379 992 3439 Scipme
1008 3378 1151 3440 uiprantem
1163 3378 1267 3437 44444444
1285 3376 1346 3438 444-

258 3455 783 3521 peium,Labienum,Caesarem,partim
818 3459 888 3503 treta.
912 3450 1021 3505 Martini.
1039 3452 1069 3512 8,
1093 3452 1138 3511 443,
1156 3451 1185 3499 3:
1212 3452 1258 3501 Hic
1279 3452 1346 3499 stelit

258 3532 284 3579 in
297 3532 360 3593 ipsis
372 3528 480 3593 proeliis
495 3529 591 3580 milites
607 3544 671 3581 suos
682 3532 716 3581 ad
728 3532 783 3581 lor·
818 3529 902 3577 Arctoi
917 3528 1041 3591 formosas
1055 3528 1159 3587 petinere
1172 3526 1342 3575 belii-Caesar.

259 3605 320 3653 44444
338 3604 512 3667 pugnandum
534 3605 711 3655 exhortantes.
742 3605 784 3656 444-
819 3604 915 3653 Statius
941 3602 1024 3653 Theh.
1052 3602 1081 3662 3,
1113 3602 1175 3650 ilo:
1206 3600 1344 3650 Bellantem

258 3682 316 3727 tera
333 3680 376 3727 est
392 3677 530 3741 explicatio
548 3680 707 3733 sententiam
723 3694 782 3729 mn·
819 3682 893 3739 atque
909 3678 962 3739 ipso
979 3679 1069 3727 nidore
1080 3682 1102 3726 44
1115 3677 1219 3737 padoane
1229 3680 1343 3739 pretmn,

259 3764 375 3813 gnopere
393 3754 552 3802 extenuans:
580 3753 696 3802 «Audire
717 3754 781 3804 mihi
819 3752 889 3801 crode
912 3752 987 3801 lluxit
1004 3754 1054 3801 ΗΡ.
1074 3752 1250 3814 ingratissima
1271 3750 1341 3801 coni.

258 3824 351 3871 videor
368 3828 393 3873 le
411 3826 445 3875 de
463 3827 567 3889 magnis
584 3826 699 3877 ducibus
711 3829 781 3877 reci·
819 3826 917 3876 Sedere
932 3840 1037 3889 menam
1053 3828 1107 3875 iam
1121 3826 1192 3874 uideo
1209 3826 1291 3873 duces.

258 3899 384 3946 tantem»
414 3926 441 3935 —-
467 3902 580 3951 Omnino
602 3905 693 3951 autern
713 3903 780 3951 haec
852 3901 892 3949 43.
921 3900 1032 3962 subacta]
1059 3914 1074 3949 a
1101 3901 1225 3949 Caesare.
1249 3896 1341 3949 Vellei.

259 3973 347 4022 omnia
371 3972 511 4035 (strepitus
533 3974 672 4036 lituorum,
697 3976 782 4037 lulgor
819 3976 846 4033 i,
866 3977 912 4025 56:
931 3976 1025 4025 Caesar
1036 3975 1345 4035 omninnoictnrreprer-

259 4060 409 4105 armorum,
443 4048 541 4098 ducmn
574 4050 693 4101 militaris
724 4050 781 4101 olo·
818 4064 859 4099 sus
875 4051 902 4098 in
918 4050 1174 4111 nronn--qninqnc
1190 4048 1239 4110 epit
1254 4048 1344 4095 4444444-

259 4122 374 4184 queulia)
393 4135 455 4172 cum
479 4134 511 4170 er
530 4123 650 4175 Pollionis
671 4126 780 4175 historia
816 4126 891 4186 piros,
911 4124 1048 4183 anetem,
1070 4124 1210 4183 Ponticum,
1228 4122 1343 4171 4444444-

259 4195 327 4245 leeln
350 4197 383 4245 ad
408 4197 505 4247 lloralii
528 4200 645 4247 mentem
665 4213 781 4263 pernen·
818 4200 931 4259 drinom,
950 4199 1073 4261 4444444444,
1092 4198 1287 4259 Hispaniensem.
