2934 4884
481 376 540 427 Lm.
560 376 601 426 111.
637 376 667 425 C.
686 376 751 427 viii.

249 534 350 598 Docte
372 542 541 597 sermones
563 530 737 617 utriusque
759 529 917 617 linguae?

249 655 405 719 voveram
427 651 539 718 dulces
562 650 675 739 epulas
699 662 732 717 et
753 650 862 717 44444444

247 772 363 841 Libero
386 794 520 860 caprum
543 792 645 859 prope
668 772 834 840 funeratus

417 892 549 961 Arboris
573 894 646 959 ictu.

246 1052 304 1117 Hic
328 1051 399 1118 dies
426 1071 509 1117 anno
531 1050 688 1117 redeunte
709 1052 810 1119 festus

246 1172 406 1240 Corticem
429 1171 617 1239 adstrictum
640 1172 713 1260 pice
736 1173 913 1241 dimovebit
1125 1174 1166 1239 to
1210 1164 1217 1179 ‘

246 1292 429 1383 Amphorae
451 1292 574 1359 fumum
595 1291 710 1360 bibere
731 1294 893 1361 institutae

142 1509 446 1570 twmsiecbscsst.
466 1511 527 1573 (non
544 1511 583 1573 Τ.)
613 1534 639 1545 -
670 1510 694 1559 6.
714 1509 858 1561 didcisBT.
881 1538 907 1546 -
938 1511 979 1561 40,
998 1512 1129 1563 dimovebit

111 1586 268 1646 absumant
286 1587 313 1635 et
329 1583 481 1635 Bentleius:
500 1584 635 1633 demonsitt
652 1586 702 1636 Fu.
723 1586 764 1647 (m
779 1598 843 1645 nos,
861 1586 894 1649 J.)

82 1782 135 1831 icco
168 1784 197 1831 ct
231 1782 325 1832 festiva
357 1779 474 1844 quadem
502 1781 598 1831 ironia:
672 1782 696 1830 4.
715 1783 740 1832 s.
763 1783 908 1848 4444444444]
923 1785 1045 1846 merore
1060 1785 1165 1837 Valerio

83 1858 143 1917 ·i'u‚
168 1857 214 1919 qui
236 1856 336 1920 optime
358 1852 556 1907 caiieslitteras
574 1857 602 1904 et
639 1856 912 1919 unx.t‚t‚t.t‚t,
925 1859 950 1909 2.
964 1858 989 1921 4,
1001 1860 1026 1921 t,
1039 1860 1064 1910 3.
1084 1859 1166 1910 Plinio

81 1930 189 1980 Graecas
212 1932 241 1979 et
263 1930 381 1991 Latinas,
408 1942 441 1980 ac
457 1932 599 1994 propterea
639 1928 679 1987 33,
694 1929 751 1990 m,
770 1932 896 1981 Suetonio
908 1934 1005 1983 Domit.
1019 1934 1060 1983 ti.
1073 1936 1116 1985 est
1126 1946 1165 1983 re-

82 2008 196 2055 versatus
214 2016 245 2054 es
262 2005 343 2055 etiam
354 2006 381 2055 in
393 2006 502 2055 scientia
515 2003 602 2054 stritus
635 2003 723 2064 petire,
737 2005 844 2053 Horatio
852 2018 952 2067 umore,
961 2008 1126 2071 mttcpeers.
1136 2035 1164 2044 -

82 2078 187 2129 deorum
209 2081 239 2129 et
259 2080 482 2129 caerimoniarum
504 2079 601 2142 cuique
638 2077 742 2127 Arboris
751 2078 811 2141 ictu]
824 2078 877 2128 Cir.
891 2080 939 2129 Od.
953 2082 982 2141 2,
995 2080 1036 2131 43.
1052 2083 1167 2131 consor·

83 2152 127 2202 diei
144 2152 212 2203 festo
230 2153 259 2201 et
275 2153 413 2203 homiuum
431 2153 522 2216 generi
540 2165 602 2201 con-
639 2151 774 2201 vaticnem
791 2164 870 2201 suam
889 2153 937 2202 0d.
956 2155 985 2216 4,
1000 2155 1044 2216 tr,
1056 2150 1098 2204 st.
1117 2155 1166 2204 tn·-

82 2228 266 2277 venientium.»
291 2228 399 2276 Doctum
416 2227 534 2277 amicum
553 2238 602 2290 ap·
639 2224 811 2286 buitFauuo,
829 2225 886 2285 bic,
905 2229 1040 2291 utpoctae
1057 2228 1164 2288 licebat,

82 2300 247 2363 peitatetiam
258 2302 325 2366 Epp.
336 2303 363 2361 4,
383 2301 426 2361 49,
446 2303 469 2350 4.
492 2300 601 2363 (Seneca
640 2298 751 2359 Libero,
769 2303 911 2363 pectorum
925 2302 1037 2353 custodi.

82 2375 173 2438 spuo.
182 2389 210 2440 p.
222 2376 263 2425 84.
278 2376 346 2425 Fick.
357 2378 491 2427 memorat
499 2377 603 2427 444444-
672 2374 696 2423 9.
717 2373 757 2423 tc.
776 2387 844 2425 conc
859 2376 985 2442 4444444444]
1002 2378 1029 2427 in
1047 2390 1095 2437 se,
1114 2390 1165 2427 xe-

83 2450 143 2500 natis
160 2448 275 2509 librum,
294 2450 504 2511 coimmunis
515 2450 603 2499 inseri·
640 2446 815 2517 ριπλομένου
832 2449 975 2502 tumesco
999 2453 1078 2502 Corn.
1096 2454 1162 2516 Nep.

84 2522 475 2586 tiar,inqnosanecmceam
487 2522 603 2586 φιλολο-
640 2526 717 2585 riges.
732 2522 760 2573 i:
787 2538 855 2574 msto
869 2530 986 2575 44444444,
1018 2526 1119 2575 Franks
1136 2526 1163 2575 F.

82 2600 139 2661 γίαν
149 2610 312 2662 expromere
321 2597 457 2661 debebat.)
469 2626 497 2637 -
509 2601 604 2649 4444444-
641 2596 671 2646 Η.
689 2609 716 2660 p.
736 2598 801 2648 me:
819 2600 908 2648 Diem
920 2601 986 2649 44444
1000 2600 1081 2649 sicem
1090 2600 1167 2649 14444

84 2685 123 2732 cue
138 2671 333 2736 tinpuueJAlias
347 2672 603 2735 linguascumtam-
638 2673 689 2721 mir
719 2673 932 2723 wiedertretrmdc
962 2675 1070 2737 scotticis
1103 2674 1163 2738 Tap.

83 2758 155 2807 quum
171 2744 304 2797 barbaras
326 2751 535 2811 aspernarentur
551 2748 603 2798 iio-
640 2746 738 2796 Contra
747 2747 868 2798 Liibter:
887 2748 1166 2813 444444444444444444)

84 2824 158 2881 mani,
185 2833 270 2883 saepe
294 2821 330 2871 ita
351 2819 542 2884 loquebantur,
570 2834 602 2871 uc
638 2822 868 2872 montemorenci
889 2824 965 2875 144444
980 2824 1087 2889 [44444444
1104 2823 1165 2887 Tap.

84 2894 101 2941 si
116 2895 183 2945 duae
201 2894 340 2945 dumtaxat
355 2896 496 2947 homiuum
511 2898 603 2947 esseut
640 2895 710 2944 «tior
732 2898 943 2947 anniversarium
966 2897 1096 2949 sollemne
1118 2908 1167 2947 ce-

84 2966 187 3032 tinpuae.
216 2970 271 3020 Cic.
296 2969 331 3019 de
354 2970 402 3020 cd.
423 2973 451 3032 4,
471 2972 498 3032 4,
519 2972 547 3019 t:
574 2976 603 3021 ot
639 2966 741 3017 lebro-
760 2994 787 3005 -
808 2970 938 3035 corticem]
957 2970 1164 3021 cstodeii.1t.

80 3046 172 3103 444444
187 3046 216 3093 in
232 3044 362 3106 4444444444
378 3044 499 3094 maionis
518 3045 603 3107 [acut-
640 3042 700 3091 tio:
729 3043 760 3091 144
782 3044 933 3105 amitermis
955 3051 1065 3095 4444444444
1087 3046 1167 3095 incito

83 3122 132 3168 tote.
167 3117 234 3168 Ptin.
258 3118 288 3168 Η.
312 3118 342 3167 N.
362 3119 407 3179 iu,
428 3120 456 3168 ⁴:
481 3120 603 3182 platanus
638 3116 935 3179 circumcinctione)
955 3120 1080 3181 cppicato.
1116 3121 1167 3169 Ar-

83 3204 127 3241 ma
147 3192 257 3257 instante
276 3194 407 3254 natusque
428 3192 530 3256 ttnpuce
545 3206 603 3242 mo-
639 3187 753 3239 cbllocb.
779 3191 819 3241 Fr.
833 3192 920 3253 Bergk
936 3191 965 3242 i:
984 3190 1090 3243 κοίλων
1107 3190 1167 3241 πώ-

83 3269 206 3317 nummu.
236 3268 300 3316 Stat.
323 3265 431 3325 841445,
454 3266 482 3329 3,
506 3268 553 3317 90:
579 3273 603 3319 st
638 3266 704 3330 pat'
722 3258 834 3326 ἄφελκε
849 3262 954 3316 κάδων.
976 3291 1003 3302 -
1021 3266 1165 3330 meabit]

83 3343 175 3401 4444444
207 3340 313 3405 ptuopet
346 3341 469 3403 [44444444
502 3342 599 3406 lisceto.
640 3340 712 3389 iisec
740 3338 819 3389 lectio
854 3351 906 3389 non
941 3338 1029 3389 solum
1055 3342 1167 3404 propter

84 3413 158 3467 Etiam
188 3416 262 3480 apud
290 3416 423 3466 nostrates
457 3416 484 3465 in
518 3416 603 3467 beiden
640 3414 725 3465 codd.
739 3414 936 3473 auctoritatem,
955 3412 1098 3464 sedetiam
1117 3426 1167 3476 per

84 3487 205 3549 5444444444
226 3488 299 3539 idem
319 3488 450 3553 siguificat
467 3490 539 3553 quod
560 3493 604 3540 «et
640 3501 670 3539 se
696 3489 816 3552 spectata
832 3488 942 3551 propter
957 3500 1001 3537 vv.
1019 3487 1168 3536 odet-tetum

85 3564 236 3615 Germanica
254 3565 282 3613 et
298 3562 420 3613 Gabios.»
636 3563 693 3625 pice
703 3562 790 3626 aptior
800 3564 843 3612 est
852 3559 934 3611 attera
945 3561 1088 3611 4444444444.
1112 3560 1165 3611 Cir.

110 3640 132 3689 4.
141 3642 166 3690 i.
178 3638 424 3703 nieuw-caprum]
434 3639 489 3689 Diis
499 3640 604 3703 superis
641 3636 748 3687 Ltibker
762 3649 790 3700 p.
809 3636 849 3686 m.

86 3710 153 3764 sibae
166 3714 271 3764 hostiae
283 3712 500 3775 immolabantur,
514 3714 604 3767 inieris
673 3712 714 3761 44.
734 3711 774 3760 44.
791 3711 891 3773 nemen
906 3709 995 3775 tibere]
1014 3708 1117 3761 colum.
1137 3711 1162 3771 4,

85 3786 177 3849 nigrae.
214 3788 302 3852 caper
324 3790 428 3851 autem,
453 3788 515 3851 quia
536 3790 604 3839 vites
641 3787 669 3844 6,
683 3785 728 3836 404
746 3785 1169 3847 Apcttercersctemperponenmr

84 3858 243 3925 deposcitur,
286 3862 392 3912 Baccho
427 3862 602 3913 mactabatur.
640 3861 672 3909 444
700 3860 774 3919 beia.
814 3860 879 3908 mide
903 3858 1052 3920 ponemus
1084 3859 1169 3922 444444

83 3932 145 3998 Vtrg.
159 3938 207 3986 Ge.
221 3937 249 3996 2,
262 3935 320 3986 480.
340 3936 447 3987 Euenus
459 3936 485 3985 in
497 3936 601 3987 intimi.
640 3934 775 3993 moritum
792 3934 912 3995 quonism
927 3932 990 3981 oisc
1004 3932 1109 3981 44444444
1123 3944 1168 3981 ce·

84 4006 130 4057 Pal.
142 4011 173 4060 11.
186 4023 214 4075 p.
228 4010 270 4060 47.
289 4010 349 4060 vitis
367 4022 466 4074 capro:
485 4003 549 4075 Κῆν
567 4022 604 4075 ps
640 4014 791 4068 4444444444,
809 4020 875 4070 quae
889 4008 1169 4070 qudomtmore

84 4077 173 4153 φάγῃς
189 4082 236 4133 cn
253 4076 349 4153 ῥίζαν,
375 4076 456 4149 ὅμως
474 4078 515 4136 ἔτι
533 4100 604 4155 nap-
637 4081 964 4145 praeccccrnmaturt’tctcm
971 4080 1165 4130 4444444404444.

22 4166 23 4229 3
84 4154 260 4229 τοφορήσω,
298 4151 405 4208 'vocor
438 4158 604 4210 ἐπισπεῖσαι
643 4158 710 4208 Fast.
729 4159 760 4217 s,
779 4156 843 4206 oie:
870 4151 967 4207 m
985 4154 1082 4218 [4444444
1106 4168 1168 4204 4444-

22 4246 23 4249 ’
84 4232 139 4291 σοί,
157 4229 260 4303 τράγε,
279 4232 424 4298 θυομένῳ.
642 4232 774 4281 (444αυί444
789 4232 860 4280 codo.
877 4254 904 4267 -
923 4229 1061 4294 4444444444]
1080 4242 1166 4293 «quae
