2934 4884
479 310 538 361 444.
557 312 599 361 444.
640 312 669 363 4.
689 312 732 363 444.
796 280 804 293 ’

284 464 393 533 Vincta
415 464 566 532 verbenis
591 476 664 533 avet
685 466 848 534 immolato

370 587 523 674 Spargier
544 608 647 675 agno,

284 763 404 830 Cuncta
425 762 552 829 festinat
575 784 705 841 manus,
729 764 793 832 huc
814 777 847 831 et
869 765 944 832 illuc

286 883 444 949 Cursitant
465 884 581 951 mixtae
604 885 715 971 pueris
740 884 883 973 puellae,

285 1002 460 1070 Sordidum
484 1004 633 1071 llammae
653 1005 815 1093 trepidant
835 1016 978 1074 rotantes

371 1126 497 1191 Vertice
519 1125 650 1221 firmum.

286 1300 325 1368 Ut
347 1310 453 1366 tamen
474 1300 562 1366 noris
583 1301 701 1389 quibus
724 1301 895 1368 advoceris

288 1420 436 1497 Gaudiis‚
460 1419 536 1486 ldus
559 1420 614 1487 tibi
637 1432 711 1487 sunt
733 1422 894 1509 agendae,

290 1542 352 1620 Oui
376 1540 446 1607 dies
468 1562 615 1609 mensem
636 1544 770 1610 Veneris
792 1544 936 1620 marinae
1162 1546 1203 1612 l5

177 1778 203 1827 9.
221 1776 340 1839 4444444444
355 1776 385 1825 N.
405 1775 537 1827 Heinsius.
562 1803 586 1813 -
609 1778 648 1826 44.
676 1778 800 1839 ereum
815 1776 934 1829 malebat
949 1778 1092 1833 Bentleius.

113 2006 167 2061 est,
185 2008 342 2063 9444444444
359 2002 642 2047 areemmecceee
677 2002 726 2047 444.
763 1997 816 2047 Cir.
845 2000 936 2049 iuven.
958 1999 1005 2061 44,
1026 2001 1073 2051 4494
1103 2002 1203 2065 sones

111 2075 233 2125 4444444444.
258 2073 376 2121 Donatus
394 2070 429 2121 ad
444 2072 502 2121 Ter.
518 2070 601 2121 Andr.
613 2070 638 2131 4,
675 2071 894 2122 oerturoceasabit
908 2086 981 2123 nemo
997 2079 1112 2135 tieem
1127 2077 1202 2127 Verre

111 2148 141 2206 3,
155 2148 183 2197 44
200 2161 205 2194 :
225 2145 569 2209 Verlnenae--redimiculc
584 2150 642 2195 suet
672 2146 859 2207 pavimen,
892 2147 986 2197 44444444
1010 2150 1108 2199 ostende
1130 2150 1202 2200 eolu-

112 2233 233 2272 aramn.
270 2219 344 2269 Coni.
364 2219 399 2269 ad
416 2218 464 2268 0d.
484 2219 511 2279 4,
531 2219 576 2281 49,
598 2218 637 2271 ll.
675 2232 765 2278 metam
793 2219 873 2269 444444
902 2234 960 2270 444444
989 2226 1043 2273 tota
1070 2224 1202 2275 decerem

110 2323 140 2333 -
160 2294 299 2358 84444444]
329 2294 385 2343 Η44
405 2305 458 2342 444
477 2291 536 2343 4444
553 2294 580 2345 44
597 2292 640 2356 ly·
675 2306 774 2343 aranea
790 2293 840 2344 4444
857 2294 908 2343 444.
935 2320 962 2329 -
985 2296 1074 2357 44444444
1087 2297 1196 2362 esemel

109 2370 175 2420 ricis
204 2369 287 2418 utitur
312 2368 431 2418 infinitivi
456 2367 541 2418 torma
571 2368 640 2417 44444-
675 2367 788 2417 ministri
812 2370 839 2416 et
859 2366 978 2417 ancillae.
1004 2370 1034 2419 V.
1050 2371 1150 2432 4444444
1165 2373 1201 2423 de

109 2446 223 2508 quiere,
258 2455 311 2506 qua
336 2443 415 2491 nimis
446 2441 518 2493 abuti
553 2440 640 2492 solent
675 2440 775 2492 ancillis
792 2441 977 2502 rarissimum
997 2445 1201 2507 4444444444-

109 2518 190 2582 lyrici
202 2517 285 2567 Latini
297 2518 476 2577 recentiores,
489 2516 569 2566 etiam
581 2518 641 2565 Sar-
675 2514 753 2566 nulls.
775 2542 804 2553 -
821 2516 969 2580 8444444444]
986 2517 1045 2568 den
1063 2520 1202 2584 4444444444

109 2593 228 2643 4444444444.
239 2619 266 2627 -
277 2593 347 2653 lam,
361 2591 434 2655 quod
445 2604 580 2641 nonnemo
593 2604 639 2641 44-
674 2590 871 2641 4444444444
882 2591 993 2642 444444.
1011 2592 1089 2643 Voss.
1105 2620 1133 2630 -
1151 2598 1201 2645 tre-

108 2664 217 2717 sillstus
235 2668 277 2717 444
293 2680 327 2715 ex
343 2665 469 2715 Varronis
487 2666 638 2716 testimonio
670 2666 763 2727 pidem
780 2663 899 2728 retentes]
918 2663 1037 2715 «romum
1059 2664 1200 2719 celerrime

109 2741 186 2806 apud
205 2740 381 2791 Censorinum
398 2739 428 2789 C.
447 2740 480 2788 2:
509 2740 538 2789 444
561 2740 640 2789 moris
674 2742 833 2803 torquentes
850 2752 883 2788 44
900 2738 1094 2803 glomerantes,
1119 2743 1155 2792 ita
1171 2746 1202 2794 ut

108 2815 268 2877 444444444444
276 2814 386 2863 maiores
401 2814 481 2863 uestri
497 2814 638 2875 4444444444,
676 2814 735 2863 4444
746 2815 876 2863 verticem
893 2812 1041 2879 (Wirbel)
1058 2814 1200 2867 44444444.»

107 2896 139 2941 444
155 2903 214 2939 cren
231 2889 270 2939 (444
284 2888 366 2939 4444444
380 2902 471 2938 munes
485 2888 578 2938 4444444
589 2888 639 2938 Ge-
676 2888 814 2947 «Quodam
836 2890 954 2939 nemore
972 2889 1076 2952 nigrum
1098 2888 1201 2942 lumum

107 2966 154 3015 4444
172 2964 309 3025 sceneos,
340 2976 446 3012 manum
469 2975 486 3012 a
510 2962 585 3012 444444
607 2975 639 3011 uc
675 2960 841 3024 glomeratim
852 2960 993 3012 volventes
1004 2964 1032 3012 in
1042 2964 1199 3015 verticem.»

107 3037 236 3101 4444444444
260 3036 424 3097 eminens,
449 3048 480 3087 444
505 3037 560 3097 444,
587 3048 640 3096 cuc
675 3036 759 3085 Coss.
774 3034 853 3091 (14444.
889 3035 964 3085 lianc
981 3037 1053 3086 enim
1070 3038 1202 3103 interpre-

107 3113 160 3176 ipsi
180 3112 261 3161 lucem
286 3111 451 3173 accepissent,
479 3110 537 3159 44444
556 3111 638 3159 4444444-
674 3108 802 3157 tationem
814 3105 986 3170 praetulerim
997 3107 1082 3171 alteri,
1101 3124 1135 3161 ex
1146 3126 1201 3176 qua

107 3191 185 3237 rent:
211 3198 353 3237 assensum
370 3185 483 3235 tortasse
501 3186 636 3245 moveret,
673 3180 1143 3235 oeteeesttcnlmenaedium.»1am
1151 3187 1201 3237 Lu-

108 3262 133 3312 si
151 3260 187 3311 de
205 3260 304 3310 Horatii
322 3260 405 3323 ipsius
423 3258 465 3309 die
483 3256 636 3309 antolini.
676 3258 774 3308 cretius
783 3256 807 3316 6,
815 3256 872 3306 200.
884 3255 918 3305 de
928 3254 1203 3310 fulminibuszreteut»

108 3335 251 3398 egeretur3
290 3331 352 3383 nihil
388 3334 479 3383 autem
511 3330 637 3391 vetabat,
675 3332 808 3395 querceis
822 3332 954 3396 flammam
969 3331 1200 3393 [44444444444444.

108 3408 256 3473 quominus
283 3408 442 3459 Maecenatis
474 3404 552 3457 natali
586 3418 639 3456 444
708 3406 819 3456 43-46.
848 3404 937 3466 esim
960 3405 1101 3467 advoceris]
1125 3406 1200 3458 Hane

108 3495 161 3547 pro
179 3482 258 3531 amici
275 3480 360 3531 saluts
378 3484 405 3531 et
420 3480 638 3546 prosemetipso
675 3480 789 3531 lormam
824 3477 952 3528 exhibent
987 3479 1113 3541 quattuor
1145 3482 1200 3531 mei

109 3569 172 3607 rem
198 3556 316 3607 divinam
341 3557 415 3606 domi
439 3569 504 3607 suae
528 3554 637 3605 iaceret.
676 3554 777 3616 codo,
791 3554 842 3604 etsi
852 3566 903 3617 ego
916 3566 1023 3617 quoque
1034 3554 1200 3616 praeferrem

109 3630 212 3683 Confer
233 3632 314 3681 etiam
332 3632 380 3682 0d.
399 3632 431 3693 3,
445 3632 492 3692 ti,
506 3631 565 3691 us,
592 3628 638 3679 4444
676 3630 796 3679 adaerere
812 3631 840 3679 et
857 3630 967 3693 propter
986 3639 1083 3677 sonum
1097 3630 1126 3677 et
1135 3642 1200 3693 pro-

109 3708 205 3757 contre
223 3706 296 3756 idem
313 3706 439 3757 Varronis
456 3705 638 3755 testimonium
674 3705 736 3768 pter
747 3701 892 3755 multorum
903 3702 988 3753 Codd.
1002 3703 1198 3763 auctoritatem,

109 3781 207 3831 Genius
222 3784 330 3829 44444444
343 3794 422 3841 porco
439 3780 556 3830 bimestri.
675 3778 778 3843 quiOd.
790 3776 816 3838 4,
827 3778 867 3839 lu,
882 3777 921 3826 46.
938 3775 1063 3826 merem
1073 3776 1201 3826 exhibent

144 3854 235 3903 s-rr.
259 3854 361 3918 44444444]
381 3852 493 3904 «familia
510 3866 571 3905 mea
583 3857 638 3905 tota
675 3850 1201 3917 promereberis-Eademconstruetio-

109 3927 253 3991 diligenter
278 3929 410 3979 ministrat
439 3928 591 3979 convivium
623 3943 638 3979 a
675 3942 709 3977 ne
723 3925 829 3987 Quintil.
843 3928 888 3988 44,
903 3924 990 3986 4,39;
1016 3938 1123 3987 comae,
1141 3926 1200 3987 444·

109 4016 156 4053 me
168 4004 319 4067 peretum.»
338 4004 484 4063 Quomiuus
501 4005 638 4053 vertamus
676 4002 720 4051 bus
737 4002 900 4051 4444444444.
921 4026 948 4034 -
966 3998 1090 4063 winae]
1108 4000 1156 4049 od.
1173 4000 1198 4061 3,

111 4089 177 4129 cum
207 4076 318 4128 Vossio:
363 4077 552 4141 vanesceret
582 4078 640 4127 4444
675 4068 1000 4138 46,5.Ἀναδυομένης,
1019 4086 1199 4137 qusemense

105 4152 373 4215 44444444Η4444,·
390 4152 556 4217 prohibete.
576 4166 639 4202 444-
675 4151 771 4216 Aprili,
798 4150 849 4214 ipsi
870 4160 960 4210 sacro,
989 4149 1089 4198 emori
1109 4162 1200 4199 emer-
