2934 4884
638 304 768 355 honerii
785 303 955 355 clamauit

515 460 621 527 Findit
641 458 800 547 Aprilem,

430 624 502 688 lure
525 618 689 688 sollemnis
710 615 788 683 mihi
810 618 1016 705 sanctiorque

429 746 537 809 Paene
562 739 657 807 natali
680 740 833 827 proprio,
856 738 946 827 qnod
967 760 1009 806 ex
1031 739 1094 807 hac

425 864 517 933 Luce
539 863 709 928 Maecenas
731 881 825 927 meus
847 859 1028 928 adfluentes

515 982 651 1049 Ordinat
672 1002 785 1049 armos.

430 1141 620 1229 Telephum,
644 1162 742 1229 quern
764 1152 799 1205 tu
819 1140 920 1228 petis,
945 1141 1115 1227 occupavit

430 1265 500 1329 Non
522 1272 596 1329 tuae
619 1264 714 1329 sortis
738 1263 888 1328 iuvenem
909 1260 1017 1349 puella

431 1385 530 1451 Dives
552 1395 584 1451 et
604 1382 725 1451 lasciva
747 1393 900 1470 tenetque
922 1392 1012 1470 grata

523 1504 688 1592 Compede
710 1504 861 1570 vinctum.

433 1666 542 1729 Terret
565 1660 731 1727 ambustus
754 1660 919 1728 Phaethon
941 1681 1056 1728 avaras
1312 1666 1354 1729 25

331 1880 370 1929 ιι.
389 1878 514 1943 apamia
530 1878 579 1927 ar.

266 2067 334 2117 sisso
357 2064 501 2115 ier-ebatur.
532 2062 585 2114 Cir.
608 2063 692 2113 Varro
712 2064 740 2113 L.
759 2063 787 2112 h.
826 2064 947 2127 poeticae
963 2074 1098 2127 personae
1115 2062 1164 2113 od.
1181 2064 1267 2123 ata,
1288 2068 1319 2115 et
1329 2067 1354 2122 3.

266 2140 296 2199 6,
312 2139 352 2189 33.
372 2137 493 2189 ed.lliill.
504 2137 622 2189 Macrob.
633 2140 686 2187 sat.
698 2138 709 2187 l
722 2176 727 2198 ,
740 2138 788 2187 ta:
828 2138 882 2198 l9.‚
908 2137 980 2187 unde
1002 2150 1098 2201 magna
1121 2141 1149 2188 et
1169 2136 1269 2189 inutilis
1289 2154 1357 2191 eon-

265 2214 336 2264 lianc
361 2214 458 2265 liomuti
481 2214 557 2276 subse
573 2218 688 2264 manunt
708 2213 791 2261 ratio-
826 2213 957 2261 troversia
973 2212 1043 2261 inter
1063 2210 1243 2263 scholasticos
1260 2218 1356 2264 exorta

264 2302 338 2349 nen,
364 2288 518 2349 ciprinum
535 2286 633 2349 quidam
649 2298 757 2335 nentem
773 2297 791 2333 a
827 2288 885 2346 est,
911 2288 1003 2335 utrum
1022 2298 1093 2337 unus
1113 2286 1243 2350 idemque
1260 2288 1355 2350 luerit„

262 2368 338 2424 patre
348 2364 496 2422 aerarte,
510 2360 684 2410 soecndamob
694 2359 792 2409 Aecae
826 2373 860 2409 an
877 2360 948 2420 duo,
972 2372 1007 2409 an
1023 2367 1079 2412 tres
1096 2360 1213 2419 diversi;
1241 2363 1357 2424 quidam

264 2440 347 2485 matre
365 2436 456 2485 Venere
474 2436 562 2498 (quasi
579 2434 613 2483 ab
630 2428 726 2504 ἀφρῷ)
743 2446 791 2482 no-
827 2447 860 2483 eo
877 2435 958 2483 etiam
975 2434 1102 2485 audaciae
1119 2448 1284 2499 progressus
1303 2439 1355 2496 est,

266 2510 384 2559 minoret.
419 2510 503 2557 Varro
521 2506 536 2557 l.
560 2507 595 2557 l.:
625 2509 707 2571 mepte
727 2512 791 2569 poto
826 2510 857 2557 ut
866 2508 1013 2573 Telephum
1029 2522 1078 2572 pro
1094 2510 1156 2559 licta
1174 2523 1295 2573 persona
1307 2511 1359 2559 ba-

267 2585 377 2643 dictum,
413 2584 479 2644 quod
503 2595 548 2631 uer
573 2582 658 2630 omnia
690 2582 789 2643 aperti,
826 2582 912 2633 beret.
943 2584 1069 2632 Ceterum
1086 2582 1273 2634 acerbioribus
1292 2598 1359 2635 sen-

266 2656 385 2719 Apm'lem.
422 2657 548 2706 Ceterum
569 2657 602 2704 de
622 2654 718 2719 Apellis
736 2657 791 2705 Ve-
826 2655 941 2706 tentlolis
963 2668 1083 2718 pungere
1099 2656 1248 2718 Phyllidem
1272 2672 1359 2709 cona-

265 2744 329 2780 nere
356 2731 458 2779 marina
481 2742 506 2777 v.
525 2728 632 2791 elegans
658 2730 790 2779 Leonidae
828 2734 884 2790 tur,
908 2743 961 2793 quo
984 2730 1093 2794 Telephi
1113 2731 1224 2783 tandem
1242 2731 1357 2784 oblitam

265 2808 323 2855 Tar.
338 2804 424 2867 Epigr.
437 2804 515 2852 Antb.
529 2802 582 2852 Pal.
603 2806 632 2852 li.
646 2817 672 2867 p.
688 2804 745 2853 680.
759 2832 788 2841 -
828 2805 862 2853 ad
879 2818 908 2855 se
925 2803 1013 2855 solum
1030 2806 1175 2857 amandum
1192 2806 1314 2857 inducat.
1327 2836 1355 2845 -

265 2878 356 2937 Findtt]
377 2876 514 2935 «dividitn3
537 2878 565 2924 ut
582 2877 670 2940 ipsum
687 2890 714 2927 v.
734 2879 792 2927 laic
828 2880 972 2941 occupavit]
1015 2882 1056 2929 «te
1088 2883 1266 2944 praeveniens
1305 2883 1357 2933 sibi

266 2950 438 3000 deducebant
455 2950 489 2999 ab
502 2951 609 3013 antiquo
622 2952 706 3001 verbo
718 2954 793 3002 idue
828 2954 1002 3003 conciliavit.»
1022 2980 1049 2989 —
1070 2956 1127 3003 Non
1144 2960 1202 3004 luce
1217 2958 1297 3005 sortis
1313 2959 1356 3006 ic-

266 3038 307 3086 re‚
326 3025 354 3075 id
373 3028 431 3085 est,
462 3026 578 3076 dividae.
599 3026 715 3077 Macrob.
736 3030 789 3077 Sat.
827 3030 920 3088 venen]
944 3027 1121 3077 scondicionis
1142 3026 1220 3090 longe
1238 3030 1357 3080 nobssio-

266 3102 295 3161 l,
317 3100 356 3149 la.
828 3103 879 3162 ris,
906 3114 938 3150 ac
960 3101 986 3150 te
1004 3101 1146 3159 ditiorem
1176 3104 1253 3153 cuius
1274 3105 1356 3168 igitur

299 3174 408 3225 ti-ao.
435 3174 607 3237 sanctiorque]
634 3174 727 3225 Tibull.
757 3175 789 3236 l,
828 3188 949 3225 amorem
966 3175 1013 3224 tibi
1024 3172 1143 3239 polliceri
1154 3189 1294 3239 nunquam
1307 3179 1357 3228 de-

266 3251 294 3311 a,
314 3250 346 3299 l:
378 3250 427 3311 oni
443 3250 504 3298 mhi
520 3254 560 3311 te,
588 3250 714 3310 Cerintho,
741 3251 793 3299 dies
828 3249 940 3298 hebes.»
957 3250 999 3298 Sic
1017 3250 1089 3298 enim
1106 3250 1199 3312 lungo,
1218 3263 1273 3300 non
1291 3264 1354 3302 cum

267 3324 348 3385 dedit,
376 3324 415 3373 hic
438 3324 500 3373 mihi
516 3326 710 3386 sancitamque
726 3325 792 3373 inter
829 3322 970 3373 Lambino:
998 3338 1049 3372 oon
1072 3329 1132 3373 tuoe
1155 3326 1230 3373 cortis
1248 3326 1354 3387 puelia,

265 3398 339 3461 sectos
349 3410 445 3461 sceqer
455 3398 580 3447 haberetne
591 3399 645 3447 erit.
661 3426 689 3435 —-
701 3398 789 3463 Pacete]
829 3398 891 3448 alibi
908 3396 985 3448 valde
1003 3396 1137 3449 dissimilis
1154 3397 1215 3448 loco
1227 3437 1233 3458 ‚
1253 3413 1294 3459 re,
1313 3413 1357 3463 ge-

267 3476 333 3523 aPro
367 3473 518 3524 adulatione
543 3474 650 3523 vitanda
675 3476 790 3537 posuit.»
828 3486 909 3534 nere,
928 3473 1027 3536 quippe
1044 3474 1136 3522 dues.»

267 3549 360 3597 Aenon.
389 3548 449 3597 Sine
467 3560 547 3597 causa
560 3546 714 3599 scholastici
726 3563 793 3599 non-
860 3548 970 3597 att-27.
1007 3548 1105 3610 Terret]
1142 3547 1251 3609 «Atque
1278 3550 1354 3611 copia

267 3620 330 3670 nulli
355 3622 405 3670 hoc
431 3624 569 3683 tamquam
594 3620 677 3684 lyrico
700 3626 791 3686 generi
828 3622 905 3671 adest
921 3617 1120 3683 exemplorum,
1150 3632 1221 3683 qnae
1239 3623 1356 3683 gratiter

266 3695 355 3745 minus
373 3696 535 3744 conveniens
552 3696 788 3758 vituperarent-
829 3709 877 3747 nos
894 3696 1039 3754 moneant,
1064 3696 1095 3742 ut
1118 3707 1148 3743 ea
1166 3696 1355 3745 tantummodo

268 3768 387 3832 ordinat]
415 3772 451 3819 «Α
473 3770 559 3834 ριΙιιιο
583 3770 626 3819 die
644 3782 693 3819 suo
712 3771 791 3822 natali
828 3771 972 3828 sectemur,
985 3767 1165 3832 quibusvires
1177 3768 1355 3833 fortunaeque

268 3854 379 3893 exorsus
400 3844 540 3894 Maecenas
561 3856 644 3893 annos
668 3856 732 3894 suos
750 3846 792 3907 os·
828 3845 935 3893 nostrae
947 3856 1026 3907 pares
1041 3843 1105 3901 sint;
1123 3840 1205 3891 veluti
1217 3844 1353 3892 Phaethon

267 3920 383 3980 liumus,
414 3921 513 3970 sensim
537 3919 587 3969 sibi
613 3921 791 3971 succedentes
829 3920 885 3981 ille,
905 3919 1012 3982 (τυπεὶς
1024 3914 1096 3989 πρὸς
1107 3918 1214 3987 στέρνα
1224 3918 1353 3989 κεραυνῷ

269 3994 296 4039 et
313 4005 428 4054 quorum
452 4008 565 4045 numero
588 3994 792 4059 quamplurimi
824 3989 964 4058 Ἦμιδαὴς
985 3992 1105 4043 Φαέθων
1127 3992 1212 4057 Apoll.
1226 3994 1313 4044 lihod.
1327 3994 1349 4053 l.

269 4066 333 4126 opto
345 4067 486 4129 accedant,
506 4069 598 4119 ordine
611 4070 761 4118 numerat.»
829 4069 897 4129 597.)
918 4070 962 4131 qui
979 4067 1107 4117 minuma
1124 4066 1264 4129 incendio,
1283 4068 1354 4132 quod

302 4140 330 4187 il
346 4166 360 4175 -
371 4141 411 4191 lli.
433 4142 572 4206 Telephum]
599 4144 674 4193 idem
693 4156 792 4193 nomon
830 4156 879 4206 per
896 4142 999 4193 caelum
1018 4143 1152 4202 excitavit,
1175 4144 1203 4191 et
1220 4144 1289 4192 lovis
1305 4142 1355 4194 tul·
