2934 4884
489 362 621 413 elumen
638 362 811 415 secundine.

368 518 523 604 Proroget
545 537 669 583 aevum.

281 676 440 762 Quaeque
462 676 652 742 Aventinum
676 688 763 743 tenet
784 676 1014 766 Algidumque,

282 796 474 875 Quindecim
497 797 598 862 Diene
620 818 736 883 preces
760 798 900 864 virorum
1157 804 1198 867 70

285 918 383 984 Curet
404 928 436 982 et
458 918 539 984 votis
562 940 737 1005 puerorum
760 920 880 984 amices

368 1038 514 1125 Applicet
535 1060 641 1105 eures.

180 1228 221 1276 68.
241 1228 361 1290 Proropet
377 1225 413 1287 b,
437 1230 464 1276 et
481 1226 586 1278 duobus
604 1231 722 1292 exceptis
740 1242 834 1280 omnes
852 1231 985 1292 Poitierii,
1012 1234 1076 1282 item
1096 1235 1165 1283 LCt:

144 1302 271 1364 Proropat
287 1302 322 1361 B,
350 1303 475 1364 quettuor
490 1301 601 1363 blend,
629 1316 697 1353 uuus
714 1304 834 1363 Boram,
853 1321 883 1369 y,
903 1318 943 1369 pr.
961 1321 994 1364 κ,
1013 1308 1079 1357 Ροιι.
1099 1307 1167 1365 duo,

144 1377 185 1436 C,
211 1374 313 1435 denti..
341 1374 393 1427 tui.
422 1402 449 1412 -
479 1377 519 1426 74.
540 1378 614 1427 Caret
631 1377 649 1427 b
667 1382 694 1427 et
710 1378 765 1428 duo
782 1380 910 1440 Pettierii,
938 1381 983 1440 nt,
1009 1382 1088 1431 Onerat
1106 1384 1125 1431 B
1143 1387 1170 1432 et

147 1452 260 1513 prester
277 1450 362 1501 codd.
388 1463 403 1499 e
429 1449 548 1501 Bentleio
573 1452 607 1501 ed
632 1467 657 1501 v.
675 1454 802 1516 stoi-opat
818 1458 995 1515 memoratos,
1024 1455 1095 1519 βλχ,
1114 1460 1169 1507 tres

145 1526 266 1585 berem..
285 1538 340 1574 ver.
354 1524 415 1575 lect.
428 1542 466 1583 ro,
480 1526 509 1587 C,
523 1524 617 1588 Bentl,
632 1528 683 1577 Fu.
700 1556 726 1563 -
746 1529 787 1577 72.
805 1529 916 1590 Applicat
931 1528 949 1578 b
967 1532 995 1580 ei
1009 1532 1125 1581 Pottierii
1138 1534 1168 1593 8,

144 1600 239 1657 9,st
264 1600 426 1662 Applicatii,
446 1600 531 1651 codd.
545 1614 560 1651 e
572 1599 655 1651 Bentl.
674 1602 708 1651 ed
725 1615 752 1651 v.
772 1603 851 1652 Garat
867 1607 1021 1668 memorati,
1041 1607 1070 1667 C,
1083 1606 1167 1656 Benti.

144 1674 205 1759 ru..
230 1674 269 1797 ipe
281 1673 375 1724 Cedo
392 1688 463 1726 nunc
480 1676 544 1726 mibi
561 1688 615 1725 non
633 1679 743 1727 constet.
774 1679 836 1740 [Nos
853 1681 960 1731 secutus
978 1682 1020 1731 est
1035 1680 1121 1742 Jebn.)
1142 1710 1168 1718 -

143 1760 218 1797 onnr
258 1788 262 1797 .

109 1914 251 1978 religiose,
273 1918 393 1981 proprie,
414 1931 467 1967 non
485 1918 584 1968 indnite
604 1920 641 1981 (ut
677 1922 740 1983 post
755 1934 797 1969 vv.
816 1922 849 1971 68
867 1925 894 1971 et
909 1923 962 1981 'ine
981 1924 1201 1989 prorsusinepu,

110 1989 171 2040 eliis
184 1988 290 2054 placuit)
303 1991 503 2055 accipiendum,
522 1993 582 2043 ideo
594 2007 641 2058 po-
678 1994 700 2043 si
717 2007 767 2058 per
784 2006 894 2055 zeugma
911 1997 979 2058 pert.
998 1997 1020 2045 n·
1036 1998 1138 2049 referes
1149 2012 1164 2047 e
1177 2013 1201 2047 v.

112 2065 262 2133 tissimum,
281 2065 354 2128 quod
371 2078 441 2116 enno
459 2068 639 2129 praecedente
676 2068 744 2117 videt
759 2065 794 2116 ed
812 2069 862 2117 trie
879 2066 983 2132 relique
998 2070 1083 2121 verba
1101 2076 1128 2121 et
1144 2084 1159 2120 n
1177 2086 1201 2121 v.

111 2140 172 2189 736.
191 2140 326 2201 Augustus
343 2141 426 2189 πέντε
443 2137 495 2205 τῆς
512 2155 641 2211 nmora-
678 2141 718 2191 73.
738 2141 867 2205 epodosin
884 2143 1008 2205 incipies,
1035 2146 1065 2194 ut
1085 2147 1133 2195 sit:
1161 2146 1203 2195 «Si

112 2215 182 2274 σίας
206 2206 275 2277 ἔτη,
303 2210 455 2285 ἐπειδήπερ
482 2210 500 2264 ὁ
525 2214 641 2282 δεκέτης
678 2212 771 2278 Apollo
788 2228 846 2265 rem
863 2214 1000 2279 publicem
1013 2221 1152 2282 proroget,
1171 2220 1206 2269 si·

113 2284 223 2359 χρόνος
231 2283 343 2351 ἑξήκων
355 2280 399 2353 ἦν,
413 2290 581 2359 προσέθετο.
592 2292 641 2343 Dio
679 2302 731 2352 que
760 2290 844 2339 Dione
872 2292 940 2341 votis
968 2290 1084 2356 applicet
1110 2306 1203 2353 eures,

115 2362 162 2423 bl,
183 2362 222 2411 in.
252 2364 307 2413 iioc
324 2363 430 2413 ticinen
451 2365 569 2429 principe
587 2367 642 2416 du·
679 2376 757 2426 spem
769 2366 878 2427 reporto
895 2368 947 2415 cet.

115 2438 193 2501 gusto
212 2435 270 2487 ieiin
288 2436 407 2487 loresibi
425 2438 640 2503 spondetpoetm
712 2437 817 2488 69-72.
848 2440 976 2505 Quaeque]
1003 2442 1034 2492 iit
1057 2440 1206 2505 Apollinem

115 2513 223 2562 nitemrn
244 2512 334 2561 eutem
353 2514 560 2575 «proximumm
589 2515 642 2564 iem
679 2525 728 2576 per
745 2512 842 2563 eedem
859 2510 1018 2574 Peletinem,
1037 2516 1077 2565 sic
1094 2516 1206 2567 Dienem
1279 2556 1286 2563 .

116 2587 237 2649 sequitur
258 2588 363 2650 tempus
385 2586 516 2637 inlinitum
540 2588 644 2637 maline
680 2583 829 2636 obtestetur
845 2586 944 2637 chorus
960 2600 1011 2651 per
1026 2587 1167 2651 religiones
1179 2594 1206 2641 et

117 2674 164 2722 que
176 2672 272 2723 seraper
282 2688 296 2697 -
308 2674 410 2719 aunem
428 2674 526 2723 semper
542 2676 575 2712 ex
592 2663 643 2713 ior·
680 2662 780 2711 Romae
792 2663 857 2711 etin
869 2662 956 2722 Letio,
969 2663 996 2713 in
1009 2666 1101 2713 moute
1113 2662 1205 2727 Algido

116 2733 207 2795 mule,
233 2736 263 2785 ut
285 2734 342 2785 Tib.
363 2736 392 2796 t,
417 2736 445 2797 ι,
472 2736 519 2785 63:
546 2737 578 2787 At
600 2743 641 2799 tn,
681 2734 781 2798 (Odi,
799 2736 840 2797 ιι,
860 2735 1104 2799 6.)ιιιιιιιιιιιιιιιιι,
1123 2741 1164 2797 ιιι,
1183 2740 1206 2789 si

118 2810 228 2870 Naidis,
241 2809 542 2873 midtorcetebrandcpor
553 2825 641 2873 annos,
680 2810 793 2875 propitia
810 2811 845 2861 sit
861 2812 974 2876 imperio
990 2812 1124 2871 iiomeno,
1154 2814 1206 2863 boc

118 2884 256 2936 Candidior
271 2898 367 2947 seraper
382 2886 562 2947 candidiorque
575 2888 640 2937 oeni.
680 2886 817 2935 iortunere
841 2884 912 2935 velit.
945 2888 1043 2938 zosim.
1061 2889 1092 2947 ι,
1116 2889 1146 2938 5:
1176 2888 1209 2939 ἐν

117 2957 193 3009 Ovid.
205 2958 272 3009 Fest.
285 2960 312 3019 i,
326 2960 366 3009 87.
386 2959 420 3009 de
435 2958 490 3009 Kal.
504 2961 640 3011 ianuariis:
680 2957 719 3025 τῷ
738 2956 804 3029 ἱερῷ
820 2958 874 3025 τῆς
888 2955 1062 3032 Ἀρτέμιδος,
1082 2957 1100 3011 ὃ
1117 2961 1149 3013 ἐν
1167 2961 1207 3030 τῷ

122 3034 207 3095 Soloe,
219 3034 286 3084 laeta
297 3035 356 3095 dies,
374 3036 510 3095 mumque
520 3040 645 3086 rnre-tere
678 3030 842 3099 Ἀουεντὶνῳ
859 3033 943 3101 λόφῳ
959 3034 1129 3107 καθίδρυται
1144 3036 1204 3089 κτλ.

118 3121 221 3169 emper.
263 3106 391 3159 Nonnulli
422 3110 533 3172 poetae,
566 3108 642 3172 longe
682 3135 709 3144 -
733 3109 1064 3174 Quindecim-mironem]
1088 3111 1156 3162 Cum
1181 3113 1208 3161 bi

119 3182 218 3233 maiore
241 3182 418 3245 interpretum
441 3182 517 3247 culpi
542 3183 643 3233 tectum
679 3182 736 3232 ludi
757 3179 894 3231 seculares
917 3194 950 3231 ex
972 3180 1102 3233 librorum
1123 3185 1208 3248 Sibyl·

120 3260 169 3318 est,
187 3257 218 3305 ut
233 3253 275 3305 eiii
293 3256 434 3318 iungerent
449 3258 550 3306 Latiam
566 3258 641 3321 seia,
680 3254 795 3305 iinorum
829 3268 960 3317 responso
994 3254 1206 3319 celebrarentur,

118 3331 204 3381 uictine
219 3344 317 3387 cecum,
337 3326 379 3379 elii
395 3330 496 3380 Latium
511 3330 574 3393 felic
589 3344 644 3380 ine-
680 3342 749 3393 quos
761 3327 824 3379 sciis
836 3328 1058 3388 Quindecimviris
1073 3331 1131 3380 Sec.
1146 3332 1205 3383 fec.

119 3407 223 3467 ιιιιιᾳιιι,
242 3404 284 3454 elii
302 3402 419 3467 denique
435 3404 499 3467 setin
516 3404 549 3453 ed
562 3402 643 3468 Apol·
680 3404 755 3453 edire
772 3402 883 3462 licebat,
905 3406 1117 3454 cousentaneum
1134 3409 1206 3467 eret,

118 3478 199 3530 linem
216 3479 360 3539 referrent,
388 3478 553 3543 appellentes
571 3480 641 3541 virg.
680 3480 710 3527 ut
719 3476 949 3528 hocsecerdotum
958 3474 1099 3539 collegium
1107 3478 1207 3529 diserte

120 3553 265 3615 ueiens:
283 3554 325 3603 Sir
341 3553 443 3603 nano
458 3554 571 3616 [clivom
585 3555 641 3604 teis.
680 3553 885 3602 memoraretur.
920 3552 1001 3601 Tacit.
1014 3553 1082 3601 Ann.
1097 3553 1144 3612 ti,
1159 3554 1205 3602 ii:

151 3628 192 3679 68.
209 3627 583 3691 emanet-ciner-Appucc]
593 3630 644 3678 Per
679 3626 781 3690 coitcpio
793 3626 1004 3687 (lindecirrnoirnm
1020 3627 1159 3688 antiquiore
1174 3641 1206 3677 oa

119 3718 148 3755 ee
171 3701 341 3753 mendesium
361 3703 417 3763 est,
445 3703 572 3753 carminis
597 3702 643 3753 dni
680 3714 745 3751 eura
762 3700 894 3765 (ludorum
911 3699 1091 3763 secularium),
1110 3707 1134 3751 et
1149 3716 1208 3751 ma-

119 3788 210 3827 mrsus
226 3776 303 3826 unice
316 3776 458 3825 convenire
475 3776 643 3839 precationes
680 3778 802 3840 putratru
824 3777 982 3839 potiseimmn
1010 3776 1209 3839 concedantar

119 3864 182 3901 vere
199 3847 349 3912 religiosus,
374 3864 427 3900 non
445 3849 555 3901 nimium
573 3848 642 3903 ilium
681 3851 766 3915 officio
782 3851 1003 3901 cmrtmmiarrnn.
1019 3878 1046 3886 -
1059 3850 1206 3915 pueronnn]

119 3923 527 3984 indicativorumconfidentium,
538 3937 607 3988 quae
618 3926 645 3974 et
681 3926 821 3988 utriusque
838 3936 928 3975 senus.
958 3924 1056 3975 Penius
1074 3924 1107 3974 de
1124 3924 1205 3974 Verb.

120 3998 294 4063 scriptoribus
311 3997 425 4049 librariis
438 4000 465 4048 et
478 3999 575 4050 criticis
588 4000 646 4063 qui-
682 3999 770 4061 Signii.
790 3998 824 4048 ed
849 3999 969 4049 Cramer.
987 4012 1014 4062 p.
1034 3998 1073 4048 78.
1092 3998 1153 4058 i63,
1177 4001 1206 4047 t:

120 4073 241 4135 besdum,
254 4072 377 4135 edeoque
390 4074 440 4137 ipsi
451 4072 577 4133 Bentleio‚
591 4072 646 4137 piu·
681 4074 756 4122 Pueri
767 4072 933 4135 appellatione
944 4073 1021 4121 etiam
1034 4072 1121 4133 pactio
1131 4072 1209 4136 siprit-

120 4150 179 4200 cuit.
192 4149 265 4208 Quee
275 4146 385 4210 quidem
397 4148 464 4197 retio
475 4150 537 4197 tunc
549 4146 644 4197 seitem
681 4149 782 4211 flectar⁸
803 4175 830 4183 —
849 4147 945 4196 unicas
963 4146 1082 4210 Applicor]
1102 4147 1208 4211 «propi-

121 4222 261 4275 ioierubilis
280 4224 333 4280 est,
360 4222 382 4270 si
403 4220 482 4286 plene
500 4221 645 4285 distingues
684 4223 733 4272 tius
752 4221 906 4285 praebent.»
933 4221 1025 4270 Scnor..

201 4314 367 4359 Ιιοιιιτ.ιόι.
387 4313 403 4358 ι.
438 4312 623 4360 renuendi.
1005 4314 1029 4357 ιι
