2934 4884
298 360 359 423 440
681 356 809 407 uomru
826 356 996 409 clamauit

341 513 440 583 Simul
463 523 576 580 unctos
598 512 755 579 Tiberinis
775 510 928 578 humeros
950 512 1025 577 lavit
1047 512 1079 575 in
1100 511 1209 587 undis,

340 638 448 724 Eques
469 635 541 723 ipso
562 633 676 701 melior
698 632 956 721 Bellerophonte,
981 654 1088 721 neque
1111 654 1219 721 pugno

508 758 620 844 Neque
643 755 732 843 segni
756 754 841 842 pede
863 755 982 832 victus;

339 916 435 983 Catus
458 916 543 983 idem
564 936 624 1003 per
645 925 794 1003 apertum
815 914 973 1001 fugientes
996 914 1112 1001 agitato

338 1038 443 1126 Grege
465 1057 580 1105 cervos
602 1035 736 1103 iaculari
758 1045 792 1102 et
813 1034 902 1101 celer
923 1033 986 1101 alto
1009 1034 1181 1101 latitantem

506 1158 666 1225 Fruticeto
688 1157 840 1245 excipere
862 1177 984 1243 aprum.

346 1311 386 1362 40.
400 1310 496 1361 osne.
508 1308 734 1373 -44494444444484
748 1308 913 1358 -44.444444
922 1305 1126 1365 a-ateubr,
1136 1308 1202 1357 rou.
1211 1309 1347 1370 quattuor,

329 1387 371 1435 Ct:
391 1389 448 1434 orto
457 1386 499 1447 Sc,
512 1383 601 1435 Bland.
613 1384 706 1448 antiq.,
716 1384 789 1433 mu.
801 1383 866 1445 (arto
874 1394 1007 1446 superscr.
1022 1380 1080 1430 «vel
1088 1381 1153 1430 atton
1164 1381 1189 1431 d.
1203 1382 1234 1433 ut
1245 1394 1304 1442 nos,
1313 1382 1347 1443 J.)

327 1515 397 1564 4-0.
414 1514 508 1579 amotos]
526 1515 593 1563 Ante
610 1512 773 1561 cambonem
791 1513 818 1560 at
857 1512 943 1561 neutr.
966 1508 1132 1560 substantive
1154 1522 1204 1573 pro
1236 1514 1381 1573 uapertum

295 1588 389 1639 balnea
417 1586 476 1637 oleo
502 1585 696 1649 unguebantur.
740 1584 815 1635 ovid.
856 1596 1008 1648 campum.»
1028 1610 1054 1622 -
1080 1583 1190 1647 opilata]
1217 1586 1381 1634 «excitatos

294 1664 369 1713 Trisl.
389 1662 418 1723 3,
432 1662 476 1720 li,
490 1662 537 1711 il:
555 1662 640 1721 Nunc,
657 1658 700 1709 abt
712 1659 818 1722 perfosso
855 1658 997 1709 canibus.»
1018 1686 1045 1693 -
1063 1658 1127 1722 4444]
1146 1658 1219 1707 llanc
1235 1656 1380 1708 lectionem

293 1736 399 1786 4444444
427 1734 522 1785 tabente
547 1736 676 1795 iwsntas,
704 1734 817 1796 Delasset
853 1730 966 1798 praetuli
976 1733 1092 1783 maxime
1104 1745 1167 1783 cum
1177 1736 1289 1796 propter
1301 1734 1381 1783 Codi—

295 1814 366 1859 444444
385 1810 485 1873 Virginis
501 1808 592 1873 4444444
607 1820 684 1869 oque.
703 1832 731 1845 -
746 1807 816 1857 Tibe-
854 1818 1048 1857 cnmmeorum
1054 1806 1299 1870 antiquissimorum
1308 1806 1379 1867 Bbl',

293 1884 368 1948 44444]
397 1884 452 1934 Cic.
477 1896 526 1947 pro
551 1880 640 1934 Caelio
664 1884 710 1932 tt:
737 1882 817 1931 Habes
853 1880 1051 1931 OberliniBet
1069 1882 1273 1942 Pottleriil,7,
1291 1882 1378 1941 8,44.

295 1957 401 2023 (Clodia)
418 1958 502 2007 laertes
527 1958 561 2006 ad
579 1956 684 2005 Tiberim
703 1970 735 2005 44
757 1956 817 2005 44444-
853 1968 987 2006 summam
1012 1957 1213 2016 auctoritatem,
1239 1958 1297 2005 tum
1315 1970 1379 2021 pro-

294 2037 379 2097 periter
404 2046 432 2082 eo
456 2032 639 2094 temperasti,
668 2044 716 2093 4444
738 2032 817 2080 4444444
853 2034 913 2094 pter
929 2028 1077 2093 analogiam
1094 2027 1166 2080 lliad.
1189 2044 1216 2091 e,
1237 2030 1303 2081 tto:
1321 2028 1377 2091 βα-

291 2108 406 2157 iuoentus
416 2107 522 2156 asmodi
532 2120 611 2156 444444
620 2106 694 2155 veuit
705 2132 732 2141 —
744 2104 816 2155 «Allo
852 2103 934 2170 θείης
942 2131 954 2141 -
962 2097 1041 2169 04ης,
1054 2104 1125 2154 lliad.
1138 2102 1163 2166 4,
1180 2104 1242 2155 lib:
1254 2102 1378 2170 βαθείης

293 2185 414 2246 tempore
444 2182 544 2245 equitat
577 2178 672 2231 melius
705 2180 817 2230 Relicto·
851 2174 1016 2243 -ξυλόχοιο,
1027 2182 1131 2230 Lucret.
1139 2182 1164 2242 5,
1175 2179 1310 2230 44ε444444
1317 2194 1379 2241 pro

289 2257 395 2319 pionte,
420 2257 461 2305 4444
481 2255 578 2305 coslum
598 2266 701 2317 compto
715 2254 815 2317 444444,
851 2255 961 2317 4444444,
979 2254 1049 2317 Vlrg.
1063 2256 1108 2303 Ge.
1123 2255 1154 2314 Ξ,
1168 2254 1230 2303 304ε
1253 2254 1379 2317 mitraque

292 2336 423 2393 4444444444
454 2330 594 2393 fretumque
622 2328 672 2379 Sue
695 2329 815 2391 pedibm,·
850 2330 987 2393 44444444,
1005 2332 1070 2380 Aen.
1084 2329 1113 2389 6,
1127 2329 1189 2378 479ε
1208 2329 1376 2378 4444444444

292 2420 342 2457 aon
357 2406 411 2455 44444
427 2404 483 2453 tulit
498 2404 603 2467 44444444
613 2416 708 2453 44444444.
727 2402 813 2453 blanil.
851 2404 974 2467 44444444,
993 2404 1022 2465 4,
1042 2404 1087 2453 95:
1107 2403 1286 2453 4444--4444,
1317 2404 1379 2453 Arte

293 2477 329 2542 5,
341 2480 398 2529 9444
434 2476 526 2529 Ultima
543 2475 646 2539 syllaba
669 2478 695 2526 in
712 2490 738 2527 v.
757 2477 816 2527 4444-
852 2476 962 2540 quidem
987 2481 1059 2528 esset
1075 2478 1191 2541 «spisso,
1210 2475 1326 2537 denso»,
1348 2482 1377 2526 ut

292 2553 432 2615 ereptam
449 2550 605 2615 producitur
621 2564 636 2599 a
654 2549 817 2601 iormaBell-
853 2551 949 2614 Odyss.
966 2566 999 2612 τ,
1018 2550 1080 2602 43οε
1110 2550 1141 2601 ἐν
1157 2546 1254 2621 λόχμῃ
1271 2549 1377 2621 πυκινῇ

292 2621 486 2697 λεροφόντης,
515 2628 545 2674 ut
565 2624 636 2687 apud
652 2626 743 2675 Iuven.
766 2626 813 2685 43,
852 2628 1000 2676 κατέκειτο
1016 2627 1107 2691 μέγας
1123 2622 1185 2688 σῦς.
1220 2628 1315 2676 Senec.
1328 2628 1379 2677 Oe-

292 2702 339 2753 98:
357 2700 378 2749 si
394 2712 444 2749 aon
461 2702 514 2762 opst
529 2697 651 2759 Anticyra
666 2712 711 2747 4444
726 2700 816 2749 Archi-
853 2699 907 2763 dip.
926 2702 987 2751 277:
1013 2701 1077 2750 artis
1093 2700 1196 2750 4444444444
1212 2701 1295 2749 dumis
1318 2701 1376 2750 iter.

291 2788 365 2840 parts,
378 2773 438 2834 44444
449 2773 515 2821 enin
526 2774 577 2821 cet.
598 2771 746 2835 (Pulchram
755 2773 816 2823 Bel·
853 2775 908 2824 lloc
926 2776 1016 2824 autem
1032 2771 1091 2823 loco
1108 2772 1142 2823 ab
1160 2774 1191 2823 ils
1202 2774 1323 2837 prolecta
1335 2779 1378 2825 est

291 2845 454 2911 lerophontis
472 2846 614 2908 imaginem
631 2844 692 2895 vide
709 2847 737 2895 in
754 2849 817 2896 Ger·
853 2848 1033 2913 interpolatio,
1053 2849 1098 2912 qui
1115 2848 1180 2898 44444
1191 2848 1378 2912 profunditatis

292 2920 360 2972 hard
387 2921 461 2970 Vasa
485 2920 598 2982 44444444
625 2920 653 2969 Τ.
680 2920 756 2983 Vlll.)
787 2948 812 2959 -
854 2924 946 2983 etiam,
965 2936 1018 2973 non
1035 2921 1121 2973 solum
1139 2922 1308 2983 excelsitatis,
1327 2938 1378 2973 no-

291 3008 371 3059 444444
390 2994 490 3059 guerro]
521 2992 645 3058 Pugilello
671 2998 698 3045 el
722 3010 816 3047 cursus
852 2999 953 3048 tionem
981 2998 1116 3048 includere
1139 2998 1299 3060 ignorarent.
1334 3000 1375 3049 Ad

293 3070 495 3122 exercitationes
512 3069 591 3120 luisse
604 3068 729 3120 videntur
745 3072 818 3121 iuve-
853 3074 958 3122 tertiam
967 3070 1028 3122 lect.
1037 3073 1111 3133 birto,
1123 3084 1192 3135 quae
1202 3075 1291 3124 tamen
1303 3079 1379 3124 caret

293 3157 359 3195 num
384 3146 546 3194 Graecorum
570 3144 596 3194 in
621 3144 690 3196 Urbe
716 3145 818 3209 degen-
853 3148 1010 3196 auctoritate
1027 3146 1190 3207 sufficiente,
1220 3148 1251 3197 ll.
1273 3146 1376 3197 Peerllr.

181 3228 188 3239 ·
293 3220 374 3281 dum,
393 3218 478 3282 qualis
496 3218 602 3282 fingitur
619 3232 679 3271 esse
698 3220 815 3283 Hebrus,
854 3218 939 3269 attulit
963 3218 1124 3271 columellae
1150 3221 1196 3282 40,
1220 3222 1270 3271 27:
1310 3222 1378 3271 tirtc

293 3295 374 3357 atque
388 3293 581 3358 oppidanorum
599 3293 714 3356 (sueton.
727 3296 816 3344 Octav.
853 3308 945 3355 saepes
966 3320 994 3331 -
1013 3292 1275 3357 eccipm1Verbum
1292 3308 1378 3345 vena-

292 3366 344 3431 to.)
378 3368 462 3431 magis
495 3381 576 3432 quam
608 3366 818 3420 adolescentium
853 3371 966 3429 lorium,
984 3370 1015 3418 ut
1024 3365 1173 3429 δέχεσθαι,
1186 3368 1232 3418 ubi
1244 3368 1378 3419 venabulo

294 3444 474 3494 Romanorum
501 3441 638 3493 nobilium.
670 3470 696 3482 -
731 3458 818 3509 pspno
854 3444 954 3493 sistitur
965 3441 1142 3493 leraelustro
1150 3456 1285 3508 proruens
1297 3446 1377 3507 atque

295 3518 381 3579 Neque
392 3519 460 3582 sepsi
467 3518 531 3580 pade
539 3518 625 3582 4444444]
637 3516 818 3588 βραχυλογία
854 3518 1001 3567 coniicitur.
1036 3518 1138 3566 Seneca
1161 3518 1195 3568 de
1218 3517 1258 3567 lra
1276 3518 1308 3579 4,
1327 3520 1376 3567 tt:

293 3604 356 3655 pro:
376 3605 528 3655 «nunquam
545 3591 579 3641 ab
596 3590 646 3642 alio
658 3594 818 3658 victuspro-
854 3592 892 3641 Aa
908 3596 936 3640 ta
949 3596 1027 3653 patae
1041 3596 1187 3641 venatorem
1203 3592 1282 3641 444444
1301 3593 1376 3655 feris,

294 3666 354 3729 pter
378 3679 482 3730 pugnos
506 3667 594 3717 minus
618 3666 744 3719 robustos
769 3682 818 3732 pe·
853 3666 892 3715 444
914 3680 971 3715 aaa
995 3672 1018 3717 st
1037 3666 1159 3730 4444444444
1171 3666 1333 3728 pascasiae
1355 3672 1378 3714 et

294 3737 378 3789 desve
396 3740 554 3791 tardiores.»
853 3741 977 3791 4444444444
1002 3740 1118 3803 accipit?
1148 3754 1228 3805 quam
1256 3740 1292 3790 ad
1320 3754 1376 3789 rem

854 3816 978 3865 4444444444
993 3817 1021 3865 in
1037 3817 1130 3880 primis
1149 3828 1216 3879 opus
1234 3818 1283 3865 est.
1303 3815 1375 3864 ldem

327 3888 359 3938 40
370 3915 384 3925 -
396 3888 435 3939 li.
456 3888 543 3953 04444]
563 3888 697 3951 «callens,
715 3890 817 3953 peritus
855 3889 888 3940 de
903 3889 1006 3941 Provid.
1020 3892 1049 3940 5:
1067 3891 1144 3941 Nobis
1161 3891 1198 3953 (nt
1209 3890 1252 3939 hic
1263 3888 1375 3953 puellae)

294 3962 707 4029 venandi.»-cstsr--acoipero]
718 3966 818 4015 Graeca
854 3965 979 4015 0444444444
994 3964 1117 4027 voluptati
1133 3969 1182 4026 444,
1200 3966 1221 4014 si
1238 3964 1377 4013 4444444444

295 4038 506 4101 constructione,
533 4041 562 4089 ut
578 4039 625 4089 ed.
647 4041 675 4101 4,
702 4040 747 4100 lb,
767 4039 815 4090 te:
854 4040 989 4089 consuetis
1029 4040 1110 4089 animi
1140 4040 1224 4103 [444444
1255 4037 1375 4089 maesto

294 4108 396 4162 44444444
416 4114 484 4174 444444
502 4115 610 4164 Aiacem
632 4140 659 4151 -
688 4113 817 4178 apertas]
854 4116 958 4176 4444444.

765 4266 911 4275 ..ι-...ι-η
