2934 4884
661 349 789 398 HORATH
807 348 974 400 CARMINUM

643 673 999 735 cmm

453 845 558 923 Quem
579 843 683 908 virum
705 851 761 908 aut
782 841 880 908 heroa
902 841 973 930 lyra
994 841 1045 908 vel
1068 844 1132 909 aeri

452 963 540 1029 Tibia
562 964 663 1029 sumis
685 963 865 1040 celebrare,
894 963 984 1030 Clio?

452 1087 557 1165 Quem
578 1084 700 1151 deum?
723 1085 822 1152 Cuius
845 1085 965 1151 recinet
992 1085 1101 1151 iocosa

576 1207 698 1272 Nomen
721 1207 825 1293 imago

446 1368 507 1431 Aut
527 1367 560 1430 in
581 1365 742 1432 umbrosis
764 1363 926 1432 Heliconis
949 1367 1013 1432 oris
1346 1370 1370 1431 5

349 1586 401 1634 xll.
437 1586 518 1634 inser.
538 1583 605 1647 volg.
640 1585 679 1634 De
693 1584 812 1648 depasto.
834 1611 860 1618 —
885 1584 924 1634 Do
940 1583 1055 1632 laudibus
1071 1584 1182 1634 Deorum
1197 1584 1236 1632 oet
1251 1585 1332 1633 homi-

316 1673 377 1708 num
397 1660 422 1708 S.
450 1661 507 1708 0m.
526 1660 554 1708 T.
573 1657 663 1708 Biand.
682 1661 735 1707 ant.
758 1661 824 1708 Pott.
843 1658 949 1722 aliquot.
974 1687 1000 1694 —
1020 1659 1044 1708 2.
1062 1672 1142 1708 manes
1163 1660 1250 1720 c,CLt.
1270 1661 1331 1722 (non

317 1731 452 1870 Ξὲἓΐῶβῖ,
471 1747 510 1798 pr.
529 1733 566 1794 κ.)
581 1761 609 1769 -
621 1733 645 1783 3.
662 1734 753 1783 recinit
769 1734 801 1782 Sc
819 1736 846 1783 et
863 1747 931 1783 corr.
950 1731 978 1792 b,
997 1735 1063 1782 Pott.
1082 1747 1139 1794 sex,
1157 1734 1221 1783 item
1238 1736 1264 1784 F.
1283 1735 1334 1798 (ro-

315 1985 369 2034 Xll.
410 1985 557 2047 augustum
585 1985 715 2036 insertum
744 1985 809 2034 deo·
844 1985 989 2035 cessarium
1012 1985 1141 2048 futurum,
1164 1987 1237 2050 quod
1259 1989 1370 2051 tempus

283 2072 353 2119 rum,
366 2059 479 2108 heroum
491 2063 519 2109 et
529 2073 695 2110 summorum
707 2059 807 2109 ducum
844 2059 914 2108 inest
934 2060 1013 2108 etiarn
1035 2061 1062 2108 in
1081 2072 1124 2109 vv.
1146 2062 1223 2110 sonis
1241 2061 1372 2112 odebrore

282 2134 462 2183 Romanorum
479 2133 563 2184 ordini
581 2137 718 2197 tamquam
736 2133 808 2184 orbis
846 2133 923 2197 (mox)
945 2135 1005 2184 Clio.
1039 2133 1106 2184 Nihil
1128 2136 1199 2184 enim
1218 2134 1370 2198 languidius

284 2210 417 2258 terrarum
434 2208 571 2260 dominum
589 2209 716 2260 celebrat.
741 2209 809 2258 Scri-
844 2210 985 2272 minusque
1006 2211 1141 2274 poeticum
1162 2211 1303 2273 excogitari
1320 2225 1371 2274 po-

285 2286 360 2347 ptum
378 2285 419 2334 est
435 2297 545 2333 carmen
566 2287 639 2334 certe
656 2287 717 2334 ante
735 2297 759 2333 a.
778 2296 804 2331 u.
844 2285 904 2344 tuit,
928 2297 1009 2347 quam
1035 2284 1106 2347 quod
1128 2298 1213 2348 nuper
1230 2297 1371 2336 commen-

285 2371 310 2406 ο.
337 2358 393 2406 731.
433 2359 471 2407 De
498 2359 623 2409 carminis
649 2358 757 2410 consilio
781 2361 808 2408 et
845 2359 915 2407 davit
932 2359 1048 2408 Liibker:
1068 2360 1138 2408 auios
1156 2357 1369 2423 (pronrelativ.)

286 2431 372 2481 torma
388 2445 414 2480 v.
432 2433 588 2482 Excursum.
842 2435 931 2482 recinit
949 2433 1003 2496 (sie)
1020 2460 1032 2469 -
1047 2461 1059 2470 -
1075 2435 1102 2482 ia
1122 2435 1215 2483 Haemo
1237 2435 1300 2497 (sine
1325 2435 1370 2484 in-

315 2507 339 2554 t.
359 2508 437 2567 Quem
444 2507 616 2557 otrumaott.
628 2508 689 2572 eet].
700 2508 806 2558 Pindar.
845 2508 1037 2571 terrogatione).
1072 2509 1113 2558 Ad
1131 2507 1260 2572 tripli0em
1282 2510 1371 2559 inter-

285 2579 388 2643 Oiymp.
410 2581 435 2638 t,
454 2581 481 2628 t:
500 2574 750 2650 Ἀναξαρόρμιγγες
774 2575 806 2633 d·
844 2585 1007 2645 rogationem
1023 2597 1117 2633 verum
1135 2584 1184 2634 sed
1195 2583 1309 2634 celatum
1321 2598 1370 2634 re-

284 2651 807 2727 paor,eteodedv,1tv'r‘jpoa,vtva
844 2670 971 2720 sponsum
1000 2660 1052 2708 est:
1084 2657 1247 2709 «celebrabo
1274 2661 1370 2722 Augu-

283 2725 308 2776 δ’
320 2722 411 2798 ἄνδρα
422 2727 629 2794 κελαδήσομεν,·
646 2733 754 2783 luverso
766 2747 808 2782 or
844 2734 945 2792 stump
934 2731 1043 2796 »apud
1067 2733 1223 2794 Pindarum,
1249 2734 1371 2782 «Thero-

284 2802 346 2852 dine
363 2804 483 2854 Horatius
495 2808 524 2854 ut
535 2807 615 2856 isoer.
629 2808 708 2869 Euag.
722 2807 746 2870 5
760 2808 805 2857 39;
844 2820 932 2856 nem.»
947 2807 1069 2856 Latini
1082 2821 1143 2858 cum
1156 2811 1278 2859 carerent
1287 2822 1370 2858 voca

286 2871 428 2940 ουδεὶς
392 2892 459 2927 ovea
474 2875 581 2945 θνητὸς
603 2873 667 2931 οὔθ’
684 2874 807 2946 ἡμίθεος
843 2880 919 2941 bulo,
955 2881 1026 2944 quod
1033 2883 1159 2967 κυρίως
1191 2881 1370 2968 responderet

286 2945 346 3003 οὔτ’
358 2948 552 3017 ἀθάνατος·
526 2955 748 3028 -αονῆλιγυρᾷ,
762 2971 807 3008 so-
845 2949 1041 3006 Graecorum’
1024 2961 1102 3020 ηχοι,
1121 2958 1259 3007 eamooo's
1275 2959 1369 3021 tmapt·

285 3028 313 3078 ni
330 3030 409 3078 acuti.
422 3029 537 3091 Theogn.
549 3031 605 3080 764.
617 3033 713 3096 Bergk:
732 3030 807 3104 <pop-
844 3042 900 3078 nera
918 3030 995 3093 (virg.
1015 3031 1095 3082 Get
1079 3031 1172 3092 4,.50)
1191 3033 1240 3081 et
1231 3033 1370 3094 tmopiuem

287 3099 395 3169 μιγξδ
413 3119 450 3153 av
441 3094 613 3170 φθέγγοιιΨ
632 3050 807 3175 ἱερόνμὲλος
844 3102 997 3166 simpliciter
1014 3105 1190 3169 appell.about
1218 3107 1271 3156 Cic.
1285 3107 1366 3156 Tusc.

286 3172 398 3243 ῆόὲκαὶ
415 3173 512 3241 αὐλός.
531 3181 605 3230 Pind
622 3183 713 3232 isthm.
727 3183 751 3242 t,
765 3185 805 3233 29.
845 3177 868 3238 3,
887 3180 918 3226 2·
946 3179 1001 3228 laus
1021 3181 1141 3230 bonnam
1160 3182 1249 3230 virtuti
1266 3187 1370 3230 resono!

286 3255 406 3305 Boeckh:
425 3253 591 3305 ettovraed
600 3249 749 3343 (ἧρωες)’
735 3273 766 3306 av
777 3273 808 3307 τε
845 3255 998 3314 umquam·
989 3267 1073 3317 amopo
1090 3255 1193 3318 ptorioe.
1222 3255 1370 3304 torosoau-

287 3331 497 3416 φορμίγγεσσιν
518 3329 548 3380 ἐν
570 3326 667 3381 αἰλῶν
683 3347 714 3383 τε
730 3349 808 3398 nap-
845 3328 917 3386 tem,
941 3329 1003 3390 quia
1019 3331 1134 3380 uiatores
1152 3329 1226 3392 quasi
1244 3327 1368 3378 consulto

287 3403 397 3468 φώνοις
414 3399 555 3469 ὁμοκλαῖς
575 3409 680 3476 μυρίον
687 3403 806 3494 χρόνον.
845 3365 1010 3463 ludificatur,
1033 3404 1104 3454 unde
1125 3404 1234 3454 auribus
1252 3405 1366 3464 accidat,

287 3479 645 3546 Nonn.8,377:11pnetdog
661 3475 696 3534 οὐ
713 3483 807 3543 parta>
845 3477 1004 3540 ignorantes

286 3551 447 3618 λιγυηχέος,
466 3550 501 3604 οὐ
519 3557 604 3624 χρέος
615 3552 716 3609 αὐλοῦ
746 3559 809 3622 Epi.
877 3554 901 3602 5.
923 3553 947 3601 ὅ.
982 3552 1082 3601 Helicon
1109 3553 1246 3612 Boeotiae,
1275 3553 1370 3602 Pindos

289 3627 380 3676 aneton
402 3629 456 3675 aas
477 3626 568 3678 laudat
589 3631 761 3690 purnunanus
783 3633 807 3690 8,
845 3624 1010 3686 Thessaliae,
1029 3627 1137 3676 ananus
1152 3627 1280 3676 Thraciae
1292 3639 1371 3676 mon-

287 3703 313 3761 Ξ,
332 3701 356 3750 9.
375 3702 405 3748 ut
416 3703 521 3763 proprie
536 3704 637 3766 dietum,
656 3708 682 3756 td
698 3712 742 3768 est,
761 3721 809 3770 qao
846 3703 894 3761 tes,
906 3702 1040 3751 Musarum
1049 3701 1137 3752 sedes.
1155 3703 1311 3752 ExThraoia
1322 3715 1370 3750 au-

287 3776 350 3825 attttt
365 3775 472 3824 inventri
485 3777 563 3836 possit
578 3779 766 3843 sipnifleaartaa.
846 3779 900 3825 tem
917 3776 996 3838 prisoi
1009 3775 1043 3825 illi
1054 3777 1128 3826 vates
1139 3778 1217 3836 sueri,
1236 3777 1367 3840 Orpheus,

321 3851 345 3899 Ξ.
358 3851 435 3899 sena
445 3850 576 3913 cetetrore]
590 3853 618 3900 ln
629 3867 669 3916 pr.
683 3867 721 3903 or.
737 3870 810 3906 «sus.
847 3851 938 3910 Linus,
958 3851 1093 3912 Musaeus,
1113 3852 1265 3912 Thamyris,
1285 3851 1369 3914 prod-

288 3926 354 3989 cipis
371 3923 589 3974 celebrandurn.»
604 3954 631 3961 -
651 3928 702 3977 Clio
719 3928 811 3991 pleris-
847 3927 938 3976 ierant.

289 4013 341 4062 que
354 4001 429 4049 Musa
440 4000 573 4060 historiae,
593 4001 641 4050 sed
653 4016 686 4051 ex
697 4004 810 4054 nominis
879 4003 903 4051 7.
916 4001 940 4051 8.
962 4001 1073 4050 vocatam
1089 4001 1185 4065 tenore]
1199 4013 1311 4050 «canora
1324 4015 1370 4052 vo-

288 4075 422 4123 notatioue
440 4075 528 4133 etiam,
546 4076 634 4136 uthie,
654 4074 808 4138 alogiorum.
847 4089 878 4125 ce
887 4076 1037 4140 praeditum
1047 4075 1164 4140 (chordas
1171 4067 1366 4126 oocdest'ibuti.

322 4147 346 4197 ³.
365 4148 389 4198 t.
408 4149 484 4199 Cotto
498 4150 598 4214 recinet]
616 4151 752 4200 Manifesta
770 4154 812 4200 est
847 4150 871 4212 2,
891 4151 914 4210 ὃ,
942 4149 966 4211 3)
992 4149 1157 4213 promiscue,
1185 4150 1242 4200 sine
1264 4149 1368 4208 ordine,

288 4222 356 4272 haec
373 4235 465 4274 rursus
477 4224 653 4287 interrogatio,
672 4227 752 4289 atquo
766 4239 811 4275 ne·
847 4227 932 4289 ipsae,
963 4239 1011 4275 cur
1033 4227 1199 4276 sectarentur
1220 4226 1368 4286 cantorem,
