2934 4884
290 381 351 448 073
670 381 799 431 aonam
817 379 985 430 caauruuu

417 537 450 603 Si
472 555 536 601 non
559 533 717 622 supplicio
740 533 836 621 culpa
856 532 1025 608 reciditur,

376 656 461 736 Ouid
482 655 571 744 leges
594 655 663 721 sine
686 653 831 721 moribus

419 781 525 843 Vanae
547 776 733 864 proficiunt,
757 775 785 840 si
808 795 916 860 neque
939 772 1070 839 fervidis

377 939 455 1002 Pars
479 933 602 1001 inelusa
624 931 787 999 caloribus

419 1054 527 1120 Mundi
554 1075 614 1121 nec
636 1055 762 1120 Boreae
783 1051 952 1118 finitimum
975 1051 1057 1117 latus

378 1178 585 1262 Durataeque
608 1173 678 1240 solo
700 1175 792 1240 nivea

420 1297 631 1362 Mercatorem
653 1293 801 1382 abigunt,
824 1291 957 1359 horrida
979 1291 1083 1358 callidi
1337 1294 1373 1356 444

359 1513 400 1563 39.
418 1511 479 1576 sote]
496 1511 554 1576 pala
570 1508 705 1560 Bentleius
723 1509 792 1560 0004.

295 1697 475 1761 dignationem
483 1693 561 1746 valde
572 1695 739 1759 impetuosae
751 1692 823 1744 elau-
858 1695 927 1744 adeo
948 1693 1039 1758 periti,
1064 1695 1095 1744 04
1117 1692 1273 1744 discrimina
1293 1705 1379 1742 rerum

296 1769 516 1835 aulaepoetieae‚
530 1781 613 1832 quam
623 1779 710 1832 nuper
720 1779 823 1818 nonne·
858 1781 891 1819 aa
907 1767 1044 1832 naufragia
1060 1766 1221 1834 plerumque
1238 1768 1379 1818 devitent·

296 1858 341 1896 mo
358 1844 456 1894 misere
472 1844 510 1894 sic
526 1843 681 1906 discerpsit:
706 1841 772 1904 0040
783 1865 822 1879 --
859 1842 912 1894 Cir,
930 1843 997 1908 Epp,
1017 1844 1041 1904 4,
1061 1844 1089 1904 4,
1107 1841 1153 1894 ibt

293 1917 446 1983 mundant?
462 1915 662 1980 st--abtpaat,
673 1916 823 1966 40404440--

296 1994 414 2044 nautae:
436 1994 589 2056 44030040-
605 2017 620 2028 -
634 1991 740 2040 0004000.
756 1989 822 2053 (0400

299 2069 426 2130 interrog.
439 2065 533 2130 04300.)
549 2093 577 2102 -
594 2064 724 2130 reciditur]
742 2061 824 2114 veluti

299 2141 375 2193 04000
387 2140 541 2192 insanabile.
558 2168 585 2177 —
600 2140 665 2203 Quid
675 2139 748 2204 40300]
761 2139 825 2188 «Le-

297 2228 344 2280 300
356 2215 444 2266 irritae
462 2218 584 2276 manent,
605 2215 656 2264 nisi
672 2225 766 2264 earum
782 2223 824 2262 se-

297 2289 402 2340 veritati
416 2289 515 2340 civium
525 2301 617 2340 mores
630 2285 822 2352 respondent.»

296 2363 391 2425 iaouid
401 2363 474 2426 40300
485 2363 641 2427 proficiunt,
655 2373 724 2426 quae
737 2372 822 2410 vanae

297 2441 360 2490 sunt
381 2435 588 2497 daemonibus,
618 2447 687 2499 quos
708 2433 823 2485 eaedem

297 2510 519 2576 praescribunt‘la
553 2509 592 2558 Da
610 2511 681 2560 44000
698 2507 732 2558 ed
752 2507 823 2558 lien

299 2583 351 2635 tial.
369 2598 397 2648 p.
416 2583 466 2644 44.)
483 2610 511 2618 -
529 2582 551 2631 si
566 2581 653 2646 napae]
670 2583 745 2632 Hanc
761 2593 824 2631 sen-

299 2659 426 2710 tentiam:
446 2657 484 2706 «04
500 2654 654 2706 insatiabilis
672 2654 738 2705 lueri
750 2656 822 2718 eupi-

299 2733 334 2783 do
346 2743 441 2781 omnes
453 2732 620 2781 transversos
637 2730 720 2791 agita
740 2729 821 2778 variis

299 2803 457 2868 imaginibus
475 2806 597 2854 exornat:
625 2805 822 2852 «mercatorem

891 1952 924 2004 44
935 1979 950 1990 -
960 1953 1001 2005 ll.
1019 1954 1143 2017 liuentem
1153 1953 1217 2017 eet]
1235 1954 1334 2017 Repete
1350 1965 1382 2001 ex

858 2027 1003 2092 praeeedd.
1023 2028 1053 2077 st.
1072 2027 1161 2092 Eurip.
1182 2025 1222 2077 El.
1243 2026 1305 2077 375:
1323 2020 1380 2084 ἔχει

858 2097 950 2151 νόσον
966 2099 1071 2162 Πενία,
1099 2098 1229 2152 διδάσκει
1251 2099 1276 2150 rl'
1292 2094 1382 2171 ἄνδρα

858 2170 894 2246 τῇ
915 2175 998 2246 χρείᾳ
1017 2170 1118 2226 κακόν.
1142 2177 1242 2226 Lucian
1252 2176 1287 2225 de
1299 2189 1380 2226 mere.

859 2249 940 2299 cond.
953 2262 980 2313 p.
994 2249 1057 2299 7⁴7:
1086 2248 1178 2300 Πενία
1188 2245 1282 2299 πάντα
1294 2254 1385 2300 ποιεῖν

858 2323 908 2372 ιω)
937 2319 1063 2383 πάσχειν
1096 2317 1316 2385 &amrelmum
1345 2320 1382 2387 ὠς

858 2395 983 2462 ἐκφύγοι
999 2412 1041 2460 τις
1058 2391 1158 2464 αὐτήν.
1178 2399 1233 2450 Cir.
1246 2401 1301 2449 Sat.
1314 2401 1344 2461 2,
1356 2400 1381 2461 3,

859 2473 900 2523 st.
930 2499 957 2508 -
981 2473 1259 2539 Virtarta's--arttunss
1286 2486 1387 2537 «qnam

859 2544 949 2597 colere
961 2561 1006 2597 res
1018 2551 1061 2598 est
1079 2546 1218 2598 difficilis.-
1243 2549 1306 2597 Sine
1319 2561 1386 2598 cau-

857 2633 887 2670 sa
898 2620 1030 2684 vulgatius
1045 2623 1116 2672 04000
1131 2623 1256 2686 (44040440)
1274 2624 1389 2672 arduam

857 2707 891 2745 ex
908 2695 1016 2746 Hesiodi
1031 2697 1060 2746 Ε.
1079 2696 1136 2746 287.
1160 2696 1278 2746 malebat
1299 2699 1381 2749 tam-

858 2770 951 2821 binus.
975 2771 1039 2819 Stat.
1057 2769 1140 2820 Theb.
1161 2771 1206 2833 40,
1225 2770 1291 2822 stt:
1320 2773 1389 2822 Bw

300 2893 353 2930 non
364 2879 498 2928 absterret
509 2880 648 2940 aquaestu
659 2889 825 2942 persequen-
861 2845 912 2907 αα)
929 2845 956 2894 “⁸
974 2843 1082 2905 M&
1100 2843 1152 2908 W
1167 2857 1208 2894 ’Μ
1222 2845 1290 2895 *Μ
1306 2847 1391 2896 “³¹⁴⁰

300 2953 335 3004 do
356 2964 408 3002 nec
430 2951 530 3002 torrida
548 2963 636 3014 neque
652 2949 740 3013 gelida
756 2964 824 3001 zona
860 2919 999 3042 {mmm
1015 2945 1044 2954 ““
1057 2917 1155 2983 m]
1172 2919 1318 3004 ¹³⁰⁵?me
1330 2933 1391 2969 *⁰¹*

301 3028 370 3076 cet„
399 3051 427 3062 -
454 3026 550 3075 pm
572 3024 718 3090 mmmm]
748 3024 823 3075 ovid,
881 3006 898 3043 0
924 2992 997 3042 fimto
1020 2991 1104 3042 multo
1128 2991 1263 3042 efficacior
1280 2994 1311 3042 nt
1326 3006 1391 3044 sen·

300 3101 407 3152 Metam,
427 3101 456 3161 4,
475 3098 524 3150 bl:
543 3099 672 3160 3033QO
687 3104 826 3162 mm
862 3067 944 3117 tentia
962 3065 1116 3152 gratiusque
1127 3066 1246 3115 variatur
1263 3067 1391 3152 0400400

301 3173 533 3237 memnonia
549 3173 760 3235 neemiam,
778 3172 826 3222 uu
862 3153 907 3190 ¹¹²⁸
933 3153 1015 3203 quam
1047 3153 1070 3191 ³¹
1100 3153 1133 3189 0¹
1158 3139 1259 3203 volgari
1287 3143 1390 3192 maone

299 3250 446 3312 perpetuae
464 3247 539 3296 nives
556 3248 631 3308 sunt,
651 3247 677 3295 ln
694 3245 752 3296 salu
763 3259 827 3296 000-
863 3215 1047 3265 ⁰⁰⁰ti¹¹¹¹⁰⁸⁸⁰t
1070 3213 1226 3275 infimam&
1261 3213 1330 3265 W
1345 3242 1361 3252 ·
1378 3242 1393 3253 ·

300 3319 824 3386 3013m0‚-pwmmlolhmm
862 3289 981 3374 (40000000.
1017 3289 1160 3338 Praeterea
1176 3287 1392 3374 prudensdevi.

300 3397 361 3446 adv,
381 3397 481 3446 Gentes
497 3395 547 3444 20:
578 3395 609 3444 οἱ
624 3389 676 3456 τὰς
699 3407 827 3466 mm.
864 3364 928 3412 taut
950 3364 1083 3426 ingratum
1106 3374 1269 3413 concursum
1286 3362 1391 3414 litterae

300 3472 371 3533 φίας
388 3465 600 3534 ἐκπονήσαντες
616 3462 776 3540 Ιἤτιοὶσοιντο
786 3497 802 3508 -
812 3494 828 3505 -
863 3437 974 3487 mim
991 3437 1102 3486 mm
1118 3437 1224 3486 arm·

300 3541 396 3596 τόπων
420 3543 474 3608 μὲν
490 3539 525 3592 τὸ
544 3537 686 3614 ἔκπυρον,
713 3540 772 3593 τῶν
795 3540 827 3592 tl
895 3547 937 3600 tt.
956 3547 998 3599 ta.
1019 3548 1061 3597 Vel
1075 3547 1129 3612 aas]
1147 3549 1245 3598 lamut
1259 3549 1392 3614 inl-:poda

301 3615 335 3668 τὸ
360 3613 480 3688 ψυχρὸν
512 3619 563 3667 καὶ
595 3613 825 3684 διαπιπηγός.
862 3622 928 3672 xvi.
955 3621 1065 3672 unicum
1090 3621 1222 3671 adversus
1248 3624 1393 3674 imminen-

302 3693 411 3754 «444000,
425 3703 494 3755 quae
506 3692 624 3756 primum
634 3695 727 3756 putres
740 3698 825 3754 erant,
864 3699 919 3746 tem
931 3696 1080 3760 perniciem
1093 3695 1246 3747 remedium
1257 3698 1285 3748 ia
1296 3711 1330 3748 eo
1347 3712 1393 3762 pe

301 3763 361 3830 3040
387 3765 529 3816 adstrictae
555 3765 667 3816 tirmiter
692 3765 745 3816 illia
770 3766 827 3816 0040
864 3772 915 3831 044,
933 3773 964 3820 04
978 3769 1070 3820 relicta
1087 3769 1160 3820 ltalia
1178 3770 1307 3823 meliores
1318 3774 1393 3823 cives

300 3839 474 3891 adhaerent.»
508 3841 625 3904 Sotopro
644 3840 686 3889 ain
703 3840 773 3903 0040,
792 3841 828 3891 ad
864 3845 926 3908 4030
943 3846 1037 3908 patant
1051 3845 1197 3896 beatorum
1213 3844 1331 3908 insulas,
1358 3849 1394 3897 ita

302 3914 415 3965 004000.»
458 3915 592 3978 Significat
617 3927 663 3965 aas
689 3929 827 3978 nunquam
864 3919 908 3968 bic
924 3917 1003 3968 simili
1019 3919 1122 3982 impetu
1138 3921 1246 3983 poetica
1265 3921 1394 3985 abreptus

302 3987 382 4052 solui,
408 3992 438 4040 04
462 3989 492 4040 444
515 3991 541 4040 40
563 3988 698 4040 Heluetiae
722 3989 827 4054 alpibus
864 3992 974 4054 suadet,
993 3996 1024 4043 04
1039 4005 1172 4056 generosa
1188 3993 1300 4046 oonsilio
1315 4001 1394 4060 eapte

302 4060 464 4125 glacialibus.
483 4066 549 4116 Prae
561 4064 613 4114 hac
623 4064 738 4127 imagine
751 4065 829 4114 nent
865 4068 972 4118 divitiae
990 4075 1085 4118 omnes
1102 4066 1173 4118 444400
1189 4071 1273 4132 atque
1290 4069 1319 4119 in
1335 4084 1396 4133 per

303 4135 346 4188 leli
370 4136 434 4188 illud
458 4139 515 4203 3040
540 4139 655 4190 otiosum
676 4140 776 4189 manet.
798 4165 825 4174 -
865 4143 977 4205 petuam
988 4139 1156 4192 aboleantur.
1185 4143 1218 4193 Et
1235 4143 1264 4192 id
1282 4143 1395 4207 quidem

268 4229 275 4241 s
303 4211 390 4261 0044404
409 4237 423 4248 -
441 4239 455 4249 -
477 4214 594 4277 mattae]
633 4213 827 4275 «navigationis
866 4213 972 4265 duobus
996 4215 1100 4277 modis,
1129 4217 1199 4266 inter
1219 4229 1291 4280 quos
1306 4231 1395 4282 pepu-
