2934 4884
512 369 571 420 tttt.
591 370 609 418 Ι.
645 369 673 418 C.
692 369 756 420 ttttt.
1159 367 1199 428 87

306 528 431 614 Speres
452 535 661 612 perpetuum,
685 523 792 591 dulcia
814 523 950 590 barbare

349 647 548 714 taedentem
569 645 697 724 oscula,
721 665 807 734 quae
830 647 936 712 Venus
1162 645 1201 710 45

311 769 428 849 Quinta
450 779 542 856 parte
564 769 614 833 sui
636 769 777 836 nectaris
801 765 920 834 imbuit.

352 908 478 976 Felices
500 917 549 975 ter
571 919 603 974 et
624 907 777 995 ampliuS,

310 1031 400 1108 Quos
422 1032 545 1118 irrupta
566 1040 655 1096 tonet
675 1027 793 1118 copula
815 1049 875 1096 nec
897 1027 989 1094 malis

352 1149 504 1216 Divolsus
526 1151 737 1238 querimoniis

308 1273 469 1359 Suprema
490 1271 585 1339 citius
607 1270 711 1338 solvet
731 1292 823 1338 umor
843 1270 906 1338 die.
1160 1275 1201 1340 ΞΟ

179 1425 220 1476 46.
250 1424 524 1488 Qumto--r'mbuttt
551 1425 672 1474 ilumiraz
696 1421 730 1473 do
748 1421 848 1484 Prode,
866 1421 1111 1474 Maltal’aldamus.
1142 1451 1167 1460 -

147 1500 186 1551 48.
211 1503 320 1562 tnntpto
334 1498 400 1549 bsr.
420 1526 448 1535 -
469 1499 509 1548 49.
527 1499 642 1549 Dtvotwr
657 1496 775 1549 malebat
790 1497 872 1549 Bentl.
896 1499 947 1560 (sie
964 1499 1016 1549 iam
1033 1501 1169 1562 Muretus.)

115 1624 232 1686 tropice:
261 1633 349 1682 «quoe
368 1625 445 1682 purte
468 1621 509 1669 rut
532 1621 643 1670 noctuis
712 1620 752 1670 48.
774 1620 1002 1685 tntum-copam]
1020 1619 1092 1670 Iliad.
1111 1635 1137 1680 ο,
1155 1621 1200 1670 ⁴9:

114 1698 236 1756 utcu»,
267 1698 342 1745 certe
372 1697 504 1746 Graecum
534 1693 642 1758 uliquod
678 1689 786 1759 δεσμὸς
811 1687 962 1764 ἄρρηκτος.
984 1695 1009 1744 h.
1037 1693 1053 1744 l.
1075 1697 1203 1759 perpetu-

116 1769 271 1835 exemplum
287 1773 397 1820 secutos
413 1769 485 1819 dixit.
509 1770 566 1819 lam
579 1783 643 1832 porr
679 1769 1200 1820 umetoertisaimumamortevinculum.

114 1844 269 1896 defimenda
300 1847 359 1894 erat
385 1846 531 1907 praeeunte
559 1844 642 1908 lbyco
679 1844 807 1894 Ceterum
823 1857 849 1894 v.
867 1846 980 1906 implut
1001 1845 1107 1894 videtur
1132 1857 1202 1894 nunc

114 1920 282 1970 Schneider.
298 1931 325 1982 p.
337 1918 405 1978 tat,
426 1919 472 1981 qui
489 1918 544 1970 mel
559 1912 643 1970 ἔννο-
680 1932 741 1969 esso
758 1911 836 1983 ἅπαξ
848 1915 1010 1985 λεγόμενον.

114 2009 165 2044 τοι
186 1995 279 2063 μέρος
304 1989 358 2057 τῆς
379 1986 545 2062 ἀμβροσίας
569 1993 642 2057 dixit,
711 1995 754 2044 20.
773 1995 883 2058 Proprie
900 1994 1009 2044 solvitur
1025 2007 1115 2054 amor,
1137 1991 1200 2042 h.l

114 2072 270 2135 par-iterque
295 2067 356 2129 iile,
385 2069 462 2118 cuius
483 2073 643 2120 sententiam
679 2069 738 2132 ipae
753 2067 802 2118 soli
816 2071 895 2118 morti
907 2069 1007 2118 cedens
1019 2067 1091 2117 etati
1104 2081 1134 2116 aa
1147 2067 1204 2116 lini·

114 2145 231 2194 sert-avit
257 2141 347 2192 Schol.
371 2142 446 2192 Pind.
464 2143 499 2194 ad
517 2146 594 2207 Pyth.
612 2144 642 2205 d,
680 2146 724 2194 tua
741 2145 861 2194 amantea
876 2146 990 2207 separat,
1007 2155 1143 2205 nunquam
1155 2153 1204 2190 an·

114 2219 178 2267 tto:
202 2213 241 2268 ui
256 2215 325 2281 μέλι
340 2213 395 2280 τῆς
413 2210 578 2282 ἀθανασίας
598 2218 644 2270 δέ·
681 2219 725 2266 tea
753 2216 877 2276 dromo,
905 2215 1035 2266 violenter
1063 2216 1203 2266 distractus

115 2306 207 2342 mov
222 2294 316 2362 μέρος
331 2284 474 2357 ᾠήθησαν
490 2289 572 2344 εἶναι.
607 2296 646 2345 si-
681 2292 771 2356 pravis
787 2290 960 2353 querimoniis
978 2294 1005 2339 et
1027 2290 1124 2352 iurgiis.
1159 2290 1204 2338 Est

114 2366 214 2416 militer
225 2366 307 2427 igitur
317 2367 440 2428 wiotum,
453 2369 517 2419 eatis
527 2367 645 2433 amplam
681 2367 758 2430 quaet
781 2365 906 2416 dixisset:
932 2367 1023 2416 «inter
1044 2377 1112 2427 quoa
1135 2378 1203 2414 nun·

114 2445 222 2504 partem
233 2441 351 2490 Venerei
363 2443 487 2504 nectaria,
502 2445 586 2494 immo
597 2443 646 2494 du·
681 2455 763 2504 quam
781 2443 842 2492 anta
855 2443 970 2492 mortem
979 2441 1120 2492 discidium
1131 2452 1205 2489 amo·

117 2514 189 2579 ptam
204 2513 295 2565 mellis
312 2514 498 2578 dulcedinem,
519 2519 547 2568 in
563 2518 645 2570 basiis
681 2518 718 2567 ria
741 2529 774 2564 ex
791 2515 1006 2568 altercationibus
1024 2517 1132 2566 oritur.»
1167 2515 1205 2564 Si-

115 2591 205 2640 inesse
223 2589 305 2648 dicit;
324 2602 395 2652 quae
406 2603 471 2641 eane
487 2605 570 2657 saepe
581 2605 645 2644 cum
681 2591 750 2642 milis
784 2590 923 2643 locutionis
957 2592 1130 2642 conformatio
1163 2595 1205 2640 est

113 2662 194 2714 melle
204 2667 407 2727 comparantur.
425 2665 557 2730 Meleager
564 2669 643 2718 Antb.
681 2667 729 2718 Od.
749 2667 773 2727 3,
792 2667 833 2728 at,
849 2667 894 2717 tto:
928 2667 989 2718 Cum
1002 2667 1110 2728 portora
1123 2667 1206 2728 patris

115 2736 169 2788 Pal.
187 2739 220 2788 li.
238 2737 303 2788 toz:
319 2737 437 2805 φίλημα
446 2739 481 2790 τὸ
491 2739 645 2814 νωιτάριον
679 2745 741 2807 lidae
760 2743 902 2792 Gon-tortam
920 2743 1014 2792 woltun
1031 2743 1105 2804 sallat
1124 2746 1147 2790 ct
1163 2743 1205 2790 to·

116 2808 306 2876 Γανυμήδεος
328 2841 344 2852 ·
359 2842 376 2852 -
394 2811 498 2882 ψυχῆς
515 2811 568 2882 ἡδὺ
594 2820 645 2869 κέ·
680 2818 775 2879 epitom.
810 2817 926 2866 Dioolrau
942 2818 1032 2866 autem
1048 2813 1143 2866 mallus
1160 2830 1204 2866 re·
1287 2815 1299 2833 ⁸

116 2901 201 2935 ποκα
220 2885 299 2950 μέλι.
333 2889 358 2950 2)
376 2891 485 2942 Doctior
500 2895 589 2944 tumen
605 2896 646 2944 ast
682 2891 798 2955 spondet
813 2905 839 2941 v.
858 2892 973 2953 impla,
992 2903 1074 2954 quam
1090 2891 1204 2950 dioclem,

115 2961 200 3010 altera
209 2962 290 3021 ratio,
299 2975 381 3024 quarn
393 2969 646 3030 aequorcumWyt-
681 2966 755 3030 quod
772 2969 910 3030 praeterea
925 2967 1080 3016 auctoritate
1098 2965 1207 3016 destitu-

117 3035 263 3086 tenbachio
274 3035 310 3084 ad
321 3037 423 3101 Eunop.
434 3053 462 3102 p.
476 3041 532 3090 tto.
547 3044 574 3091 et
584 3044 647 3094 Wa-
682 3044 740 3092 tum
758 3043 807 3090 est.
829 3067 856 3076 -
875 3041 1000 3102 saprum
1015 3039 1095 3103 mtto]
1122 3042 1206 3090 rarior

116 3111 198 3161 bero:
229 3113 355 3173 «wicta,
381 3114 409 3163 id
425 3117 479 3175 est,
503 3115 647 3167 absolutis·
683 3115 846 3166 constructio
864 3127 928 3178 pro:
955 3117 1047 3164 «citata
1061 3128 1141 3178 quam
1159 3129 1205 3164 su·

116 3188 194 3236 sima.
248 3187 386 3238 Transiert
425 3188 460 3238 ad
501 3193 646 3240 amantium
683 3203 777 3256 prema
802 3189 879 3238 dian
925 3189 978 3238 Clr.
1009 3189 1154 3238 Firnhabcr
1180 3191 1205 3240 in

116 3260 210 3312 oscula
227 3259 263 3310 τὸ
281 3263 412 3326 πέμπτοι
428 3256 479 3325 ὄν,
504 3260 558 3330 τὴν
574 3267 647 3332 πέμ-
683 3267 880 3316 Zimmermunn
896 3265 1011 3314 Zettrcltr.
1031 3262 1104 3312 4844).
1123 3276 1149 3325 p.
1165 3265 1203 3312 tt.

117 3351 191 3402 ιτην
208 3330 317 3386 οὐσίαν
333 3339 578 3402 Pythagoreorum,
602 3343 647 3404 qui
684 3338 941 3404 (Weissenborniusz
962 3338 1148 3400 «citiusquam
1160 3350 1206 3386 su-

117 3416 157 3461 est
174 3412 299 3462 aetiten·
318 3413 380 3474 (Cir.
393 3415 501 3464 lleuraii
517 3415 647 3466 Donariua
683 3427 777 3478 prema
795 3413 852 3463 dies
869 3411 971 3462 solvit.»
997 3412 1097 3460 Verum
1114 3412 1208 3473 gratio-

119 3486 322 3548 l’ythagorieus.
342 3487 408 3550 Opp.
417 3487 480 3537 edit.
490 3487 558 3539 Flor.
570 3489 643 3542 titt.
683 3503 743 3539 rem
759 3487 920 3539 sententiam
936 3485 1049 3549 praebet
1064 3483 1145 3535 altera
1163 3498 1207 3536 ra-

118 3560 175 3610 t'ol.
194 3560 239 3610 tv,
257 3575 287 3624 p.
304 3560 346 3611 46.
385 3563 503 3612 Boeclth.
524 3564 649 3614 Plttotuor
684 3564 740 3626 tio.)
776 3565 903 3614 Ceterum
920 3573 973 3611 non
990 3557 1120 3623 intelligo,
1139 3575 1207 3625 quo·

119 3649 144 3698 p.
164 3635 235 3697 tat.)
249 3635 324 3684 lianc
341 3635 586 3688 denominationem
603 3653 648 3689 re-
684 3637 766 3689 modo
783 3635 1040 3688 CriticusLeidensis
1056 3649 1207 3701 proponere

119 3712 254 3759 noverunt
279 3709 339 3759 Sec.
356 3711 422 3760 avt.
449 3712 551 3773 φοοιοι
566 3726 648 3763 erren-
685 3713 801 3777 potuerit
816 3711 942 3773 Suprenm
957 3712 1025 3762 laad
1041 3711 1125 3772 citius,
1145 3724 1207 3762 cum

117 3786 168 3834 tide
190 3783 416 3850 tentatorem)
438 3788 547 3836 nomine
569 3790 649 3837 uten-
684 3803 709 3839 v.
722 3803 768 3838 nec
779 3787 911 3851 pertineat
921 3787 954 3837 ad
966 3801 991 3836 v.
1004 3787 1088 3847 aoloet,
1108 3801 1160 3836 non
1173 3785 1207 3836 ad

117 3863 159 3910 tes
176 3859 213 3908 de
229 3859 319 3908 soccia
334 3859 452 3910 odoratis
477 3875 510 3912 ac
528 3861 649 3912 medica-
685 3877 711 3913 v.
742 3863 857 3912 dirotrua.
910 3862 983 3912 idem
1007 3875 1040 3912 ex
1063 3875 1116 3910 uno
1139 3861 1205 3910 Cod.

118 3934 218 3984 mentia
242 3932 434 3984 subtilioribus.
478 3935 540 3999 (Cir.
568 3939 649 3986 etium
685 3937 878 3999 vanderburgii
904 3937 1020 4001 praeteri
1047 3935 1132 3994 rubim
1158 3937 1206 3984 aed

119 4009 256 4072 boettiger
269 4008 366 4058 Setina
382 4010 402 4058 l.
419 4023 447 4074 p.
466 4010 535 4072 ⁴8³.)
686 4011 803 4062 loturum
821 4010 899 4074 longe
917 4013 1004 4074 aptius
1019 4013 1060 4060 est
1076 4009 1109 4058 ud
1127 4009 1208 4070 signi-

151 4085 194 4133 tr.
230 4084 324 4134 Felices
356 4084 403 4148 ter]
439 4082 648 4157 τρισμάκαρες,
686 4087 822 4136 dcundum
848 4099 969 4137 amorem
993 4098 1073 4148 quam
1093 4085 1207 4134 maxime

119 4155 297 4230 τριοόὶβιοι,
316 4157 379 4210 alibi
398 4165 485 4222 taque
503 4165 647 4242 οοοιιιοοο.
687 4161 850 4212 diuturnum.
