2934 4884
674 330 802 380 llORA'l'll
820 328 988 383 camuli

458 486 550 553 Dulci
572 486 669 573 digne
690 506 782 551 mero
804 505 869 550 non
890 484 960 550 sine
982 482 1129 559 floribus,

500 608 579 674 Cras
601 606 775 673 donaberis
796 604 917 683 haedo,

541 728 599 794 Cui
621 728 708 794 lrcns
730 726 858 815 turgida
879 725 1032 793 cornibus

456 886 569 953 Primis
592 896 624 952 et
644 906 798 953 venerem
820 895 853 952 et
872 885 997 973 proelia
1018 885 1179 963 destiuat;
1348 888 1365 947 5

458 1010 601 1075 Frustra:
624 1028 699 1074 nam
719 1006 845 1095 gelidos
866 1006 986 1074 inliciat
1005 1006 1063 1073 tibi

498 1130 607 1197 Rubro
628 1130 784 1217 sanguine
809 1129 895 1196 rivos

541 1252 667 1318 Lascivi
690 1249 822 1318 suboles
844 1250 961 1339 gregis.

456 1414 499 1478 Te
520 1410 682 1499 flagrantis
705 1421 796 1478 atrox
816 1410 896 1478 hora
917 1410 1088 1477 Caniculae

353 1594 376 1642 6.
395 1592 497 1643 destinet
512 1589 541 1651 b.
559 1591 609 1642 sed
626 1603 760 1655 superscr.
779 1605 805 1640 a.
826 1617 853 1626 -
872 1591 897 1641 44.
915 1590 1008 1641 subules
1023 1589 1071 1641 Td.

289 1738 368 1791 hodie
393 1751 443 1804 pro
468 1740 542 1789 certo
565 1740 691 1803 exputare
717 1740 813 1803 nequi-
848 1738 1010 1788 imccmuc
1018 1739 1108 1801 444444.
1127 1737 1275 1799 Martiali,
1289 1738 1370 1799 38,44;

289 1826 362 1873 mus,
376 1824 427 1865 uec
437 1814 578 1877 propterea
589 1814 723 1877 poeticam
733 1813 815 1862 ratio-
849 1813 891 1863 Sic
905 1812 999 1863 4444444
1014 1811 1190 1875 moltiprceliu
1199 1812 1283 1874 [4444444
1292 1815 1368 1875 espa.

291 1901 354 1940 nem
370 1888 458 1952 ipsam
474 1886 527 1938 ullo
546 1887 627 1939 modo
645 1887 754 1938 4444444444
768 1890 814 1938 aut
852 1914 880 1922 -
898 1885 965 1938 44444
990 1887 1033 1937 alii
1058 1887 1170 1951 iungunt
1193 1888 1302 1937 6444444444
1315 1888 1374 1951 444-

292 1962 457 2027 obscurant.)
849 1966 917 2022 stru,
936 1974 990 2025 quc
1006 1962 1075 2026 perit
1090 1962 1195 2025 poetica
1211 1960 1262 2011 loci
1278 1962 1371 2016 virtus.

322 2038 345 2087 4.
364 2038 389 2087 2.
407 2036 475 2101 [4444]
492 2037 679 2102 lnscripticnes
696 2036 813 2089 lontibus
851 2046 931 2098 quam
943 2035 1026 2086 4444444
1040 2035 1171 2086 acerbum
1188 2033 1254 2085 illud
1264 2030 1375 2097 ἐπιφώ-

291 2112 392 2177 pcsitas
402 2111 562 2163 uinlnscr.
575 2124 611 2162 m.
625 2113 681 2163 Lat.
694 2114 724 2163 N.
738 2111 811 2162 4446.
849 2124 938 2175 unua.
967 2111 1001 2161 Et
1014 2112 1054 2161 sic
1064 2123 1175 2174 prorsus
1186 2110 1234 2160 Od.
1248 2110 1273 2169 3,
1285 2111 1312 2169 7,
1324 2111 1372 2159 2⁴:

291 2186 364 2237 4636.
378 2186 451 2236 4660.
470 2186 566 2237 Fontes
577 2185 724 2237 harundine
734 2198 815 2236 corc-
849 2186 943 2235 4444444
974 2186 1091 2235 hiemat
1118 2190 1216 2234 movet:
1257 2186 1372 2234 Frustru

290 2262 344 2310 nati
352 2262 641 2313 suntinmouumentis
649 2262 772 2325 antiquis,
785 2262 816 2309 444
851 2262 903 2312 Sat.
921 2262 953 2322 2,
971 2260 1001 2323 l,
1019 2260 1070 2311 st:
1097 2261 1215 2311 miscebat
1229 2261 1307 2310 4444444
1322 2261 1375 2309 Fu·

291 2334 319 2385 in
335 2336 515 2386 Pheraeorum
537 2336 654 2387 nummis
671 2336 812 2399 Hypereia.
844 2335 938 2409 ¹letare:
966 2336 1089 2386 4444444444.
1119 2336 1224 2385 Lucret.
1242 2333 1271 2395 4,
1291 2334 1373 2384 44634

290 2408 400 2459 Streher
423 2410 553 2461 Numism.
581 2412 624 2460 Gr.
651 2423 678 2474 p.
701 2410 758 2459 4644.
784 2435 813 2445 -
850 2407 977 2472 inspirant
1002 2414 1145 2472 4444444444
1173 2409 1286 2459 dntibus
1309 2422 1374 2458 cm:

289 2483 368 2547 uitro]
391 2486 422 2534 444
445 2498 494 2535 nos
512 2484 626 2535 dicimus
644 2482 813 2546 «crystallo».
850 2484 1034 2547 Nequidquam.
1048 2508 1078 2522 -·
1095 2482 1374 2547 inficiatum-wives]

294 2557 404 2607 tuum
428 2559 516 2608 44444444
539 2558 636 2608 uadum
657 2557 722 2607 dixit
741 2559 813 2621 virg.
852 2560 933 2609 «44446
947 2558 1067 2622 mcccc»,
1096 2570 1150 2609 nou
1167 2558 1288 2622 44444444
1308 2557 1375 2622 (pul-

290 2634 356 2681 Aen.
375 2632 404 2693 7,
423 2632 480 2682 766.
495 2660 523 2668 -
541 2632 616 2697 cipue
630 2632 707 2697 merc]
726 2632 815 2695 equod
851 2633 921 2696 lust),
939 2632 1058 2682 utvertit
1069 2634 1276 2683 novissimorum
1291 2632 1377 2681 inter·

291 2718 351 2756 cras
376 2706 423 2757 tibi
448 2704 570 2756 libetur.»
598 2707 680 2769 (Ncnz
704 2707 750 2770 qui
766 2705 816 2755 ad·
851 2710 959 2772 pretum
975 2706 1093 2770 quidam.
1111 2708 1154 2757 Sic
1170 2708 1225 2757 iam
1241 2706 1314 2771 apud
1325 2707 1377 2756 444-

289 2782 429 2831 miscearis
445 2794 521 2831 mero
537 2782 565 2831 iu
580 2780 677 2845 poculo
689 2783 816 2831 coronato
851 2794 958 2833 merum
969 2779 1042 2843 444444.
1054 2790 1098 2846 ψ,
1112 2780 1160 2833 444
1173 2793 1250 2845 seqq.
1263 2794 1270 2829 :
1287 2780 1378 2849 Σιεςν

292 2854 504 2918 temperandes.)
526 2856 631 2918 Longus
647 2854 676 2918 l,
693 2855 739 2906 32:
758 2854 817 2906 ἐκέ-
851 2858 915 2917 χ44’,
931 2850 1025 2919 ἄλλως
1035 2858 1126 2922 cotye
1138 2852 1233 2925 πατὴρ
1242 2849 1377 2925 ἠρήσατο

291 2943 363 3001 pauc
387 2926 418 2979 64
435 2928 486 2978 xci
501 2924 555 2995 τὴν
571 2925 666 2997 πηγὴν
686 2926 765 2996 οἴνῳ.
785 2958 813 2967 -
852 2928 1213 2997 Πηλεὺς--Πεπήκοπα
1227 2928 1253 2979 δ’
1268 2924 1378 3001 ἔνορχα

291 3018 342 3054 nou
358 3005 411 3055 44444
424 3002 539 3069 44444444]
559 3006 643 3055 Varro
659 3006 708 3056 LL.
721 3005 750 3066 6,
771 3006 813 3055 22:
852 3010 917 3078 παρ’
942 3000 1048 3058 aarum
1071 3005 1140 3072 μῆλ’
1166 3002 1305 3078 ἱερεύσειν
1330 2999 1376 3067 Ἐς

292 3079 470 3129 sumtuum
485 3080 513 3129 444
528 3079 607 3142 sontes
623 3092 729 3131 coronas
741 3081 817 3131 iacte-
853 3078 948 3149 κηγὰς
964 3080 1024 3131 κτλ.

290 3155 352 3204 curu
376 3160 399 3205 st
420 3158 510 3217 pitteus
532 3154 694 3205 coronabunt.
741 3155 815 3206 Duae
885 3158 909 3207 9.
934 3158 974 3207 44.
1012 3156 1097 3220 44444]
1128 3156 1376 3205 clementissima.-

291 3230 369 3293 igitur
385 3242 430 3281 res
447 3231 521 3291 sunt,
540 3230 609 3280 «vini
625 3228 714 3281 libatio
726 3232 754 3281 et
765 3232 816 3281 ilc-
850 3233 922 3281 Herc
936 3235 1026 3282 autem
1043 3233 1128 3281 tutum
1144 3230 1261 3296 spatium
1271 3229 1377 3278 dierum

292 3317 353 3356 rum
369 3304 472 3369 sparsio
494 3305 521 3354 in
542 3304 672 3365 4444444444,
696 3319 764 3366 uon,
788 3308 817 3354 ut
852 3304 1049 3356 canicularium.
1068 3306 1111 3354 Sic
1127 3306 1192 3369 Epp.
1213 3304 1243 3365 4,
1261 3303 1309 3363 46,
1327 3302 1376 3352 46;

291 3378 334 3429 alii
345 3376 499 3429 voluerunt:
519 3380 587 3429 «uini
604 3377 693 3430 libatio
711 3392 745 3429 ex
755 3378 817 3430 cali·
851 3379 1115 3443 septembriarum.
1128 3405 1157 3415 -
1168 3378 1252 3429 Nescit
1262 3376 1375 3440 4444444]

292 3468 323 3505 ce
341 3456 498 3515 coronato»,
525 3456 556 3503 ut
574 3455 616 3505 est
632 3452 725 3504 Tibull.
745 3455 777 3515 2,
790 3456 815 3515 5,
853 3456 930 3518 «quia
947 3452 1088 3505 Caniculae
1111 3455 1180 3504 ictus
1203 3466 1218 3503 a
1239 3456 1267 3503 44
1283 3450 1378 3503 exclu-

294 3528 342 3578 6444
361 3532 495 3577 coronatus
510 3526 585 3577 444644
600 3532 623 3577 et
639 3533 697 3578 44444
713 3529 790 3578 cclix.
856 3528 922 3579 dunt
940 3527 1038 3579 ilices.»

325 3600 349 3652 4.
379 3602 583 3666 [4444444464]
608 3603 699 3653 aculus
716 3616 817 3653 cornus
886 3603 925 3653 43.
954 3602 993 3654 44,
1021 3604 1119 3654 Fies·-
1135 3601 1256 3667 [444444444]
1277 3604 1379 3652 Graeca

293 3678 346 3727 iam
370 3677 396 3726 in
422 3689 455 3727 eo
481 3679 557 3739 sunt,
592 3679 623 3726 ut
645 3690 695 3741 per
718 3675 818 3741 pellem
853 3679 1059 3729 constructione.
1089 3676 1184 3727 Strabo
1201 3676 1225 3726 8.
1241 3690 1302 3740 pag.
1316 3676 1377 3726 573:

292 3753 434 3815 penetrent
451 3752 478 3801 st
494 3755 679 3802 enascantur.»
699 3779 728 3789 -
746 3754 819 3802 (44444-
850 3746 858 3764 ‘
897 3748 1076 3818 μόνη-ἐστὶ
1100 3748 1159 3802 τῶν
1178 3745 1233 3803 οὐκ
1254 3744 1380 3816 ἀσήμων

291 3825 352 3890 nul]
376 3827 406 3875 ut
429 3825 477 3876 Od.
505 3825 533 3887 3,
560 3827 607 3887 22,
635 3826 660 3876 7.
689 3828 815 3877 nuditati.
853 3841 874 3877 rr
893 3825 973 3877 44444.
994 3833 1063 3877 -tu
1080 3826 1185 3891 queque]
1202 3825 1381 3877 «4444444444-

293 3900 409 3951 allatura
426 3902 517 3950 autem
535 3900 667 3964 (anniculi)
693 3901 773 3951 haedi
791 3903 818 3951 st
854 3906 894 3953 tes
919 3901 976 3953 aliis
997 3918 1013 3953 a
1036 3903 1122 3967 poetis
1145 3901 1287 3962 celebrati,
1313 3903 1380 3951 Are-

292 3987 420 4026 venerem
438 3976 565 4039 appetere
587 3978 615 4025 et
629 3977 740 4041 propter
756 3988 816 4026 eam
854 3978 940 4037 thusa,
960 3976 1088 4037 Castalia,
1106 3978 1198 4037 Dirce,
1211 3977 1323 4035 Pirene,
1336 3988 1381 4024 ce·

292 4061 412 4111 pugnare
424 4052 611 4101 consueram.»
630 4052 720 4101 Scuos.
740 4049 814 4101 04444.
853 4052 930 4102 teri.»
947 4078 972 4089 -
987 4051 1090 4116 64444444]
1102 4050 1317 4115 «praedicantes
1328 4050 1380 4099 lm-

293 4120 403 4173 llalieut.
422 4124 454 4174 44
480 4125 573 4175 44444444
588 4126 623 4175 sic
639 4139 748 4187 44444444
766 4126 816 4174 mi-
854 4124 994 4177 mcrtalsm
1026 4128 1153 4176 limnaeus
1175 4126 1284 4189 46444444
1308 4124 1381 4185 tyrae

292 4199 387 4257 autur,
412 4199 460 4259 (444
475 4200 586 4251 4444444444
601 4201 667 4263 perit
687 4201 714 4249 444
731 4204 817 4251 tessera
855 4198 966 4263 gloriam
998 4201 1041 4251 liic
1073 4200 1124 4250 sibi
1149 4200 1320 4260 vaticinatur,
1353 4200 1378 4247 444
