2934 4884
496 436 499 442 ,
518 381 619 434 Llllb'li.
656 383 754 435 CARM.
775 383 804 434 V.

329 537 430 603 Petita
454 538 540 604 ierro
561 537 686 604 belua?

283 657 322 722 Ut
343 656 425 723 baec
445 658 593 725 trementi
616 667 753 746 questus
775 679 833 726 orc
856 661 996 727 constitit

327 777 510 866 Insignibus
532 779 632 867 raptis
653 799 750 866 puer,

282 899 418 986 impube
439 920 574 986 corpus,
597 900 695 988 quale
717 913 830 988 posset
851 903 949 990 impia

326 1018 448 1087 llollire
471 1019 630 1086 Thracum
651 1031 799 1108 pectora,

283 1139 433 1214 Canidia,
456 1140 612 1208 brevibus
634 1141 796 1229 implicata
818 1143 939 1230 viperis
1166 1148 1200 1212 ts

326 1262 440 1328 Crines
462 1271 494 1328 et
516 1262 713 1349 incomptum
736 1275 847 1350 caput,

284 1382 376 1449 lubet
396 1381 556 1469 sepulcris
578 1383 749 1471 caprificos
771 1394 900 1462 erutas,

48 1607 53 1614 .
177 1564 219 1611 tt.
245 1567 364 1612 trenette
383 1559 467 1611 beuti.
499 1561 539 1624 (Ut
555 1574 617 1621 nos,
646 1561 730 1612 nostri
748 1565 775 1611 et
792 1563 907 1612 Pottierii
925 1565 1038 1628 omnes.)
1068 1589 1095 1601 ·-
1126 1567 1166 1616 43,

139 1638 232 1699 posset]
248 1637 354 1686 solatii,
375 1662 404 1674 -
423 1636 463 1685 lb.
481 1636 582 1699 44444444
595 1637 634 1686 RS
652 1636 713 1698 (uon
730 1636 806 1702 bed).

109 1797 180 1848 quae
194 1784 262 1832 tueri
281 1784 361 1846 atque
379 1781 557 1833 inviolabilem
574 1783 638 1832 red·
709 1785 797 1836 45-48.
822 1785 943 1850 noum]
961 1787 1061 1838 Eodem
1079 1787 1200 1856 ἐπιθέτῳ

109 1858 176 1908 dere
200 1857 318 1908 debebat
340 1870 453 1920 puerum
477 1858 635 1907 Romanum.
675 1859 758 1909 utitur
775 1860 849 1909 Ovid.
868 1863 898 1910 Α.
912 1863 942 1911 h.
957 1863 985 1922 2,
1005 1863 1066 1912 376:
1085 1865 1136 1912 Nec
1148 1865 1201 1915 bre

109 1931 218 1992 Quintil.
236 1931 382 1982 04443404
400 1932 455 1994 Epo
470 1931 539 1981 nobie
555 1932 638 1995 clepo
673 1935 712 1983 ote
744 1935 836 1997 ipnaro
862 1937 950 1998 vipera
980 1937 1049 1986 laesa
1070 1941 1144 2000 pecie,
1174 1941 1201 1990 id

108 2008 282 2068 etiomipsam
298 2007 360 2056 44444
376 2011 638 2067 sacmmpraetecta-
675 2011 733 2069 est,
763 2009 846 2057 brente
871 2009 993 2072 quidem,
1029 2023 1123 2074 parva,
1151 2015 1200 2062 sed

107 2095 181 2143 nen,
209 2095 258 2143 otto
279 2083 418 2130 sacerdotes
432 2081 561 2141 oelcntw,
589 2095 637 2143 quo
675 2081 773 2132 eadem
783 2088 907 2132 44444444
918 2091 940 2134 44
949 2085 1084 2148 pestifera,
1103 2099 1200 2149 quem-

106 2157 287 2219 nupturam
313 2168 362 2215 quo
383 2155 554 2218 infirmitatem
572 2168 637 2215 pae-
674 2154 821 2206 admodum
849 2171 910 2207 eam
937 2162 1016 2208 vocat
1044 2160 1137 2209 Orator
1165 2161 1199 2209 de

106 2231 187 2279 ritioe
212 2243 314 2279 moen
340 2230 448 2292 [4444444
474 2241 506 2280 ac
529 2243 637 2280 444444-
674 2231 788 2294 llarusp.
807 2243 879 2294 resp.
897 2230 938 2281 24.
960 2260 987 2268 -
1014 2233 1144 2295 implicato
1159 2237 1200 2284 oi-

107 2305 192 2354 btlem.
213 2330 243 2342 -·
260 2306 459 2364 lamentam,
486 2307 637 2368 «quatenus
669 2306 740 2368 perta
757 2305 851 2366 044444]
880 2307 962 2356 instar
988 2309 1140 2367 Furiarum,
1170 2313 1199 2360 ut

107 2392 154 2429 me
184 2391 239 2429 uon
269 2381 395 2430 tutatur.»
423 2404 452 2414 -
479 2377 637 2440 inprobata-
675 2381 724 2429 has
750 2393 841 2442 magas
866 2383 946 2430 vocet
969 2383 1021 2432 Sat.
1050 2384 1077 2444 4,
1105 2385 1133 2442 8,
1156 2384 1197 2434 lii.

105 2453 184 2516 nen]
216 2452 369 2504 llollissimo
401 2451 487 2502 rerbo
514 2450 636 2502 consulto
673 2455 716 2504 Sic
741 2455 865 2504 Erichtho
892 2454 934 2504 illa
959 2456 1057 2505 Lucani
1083 2457 1111 2518 6,
1136 2459 1196 2508 65⁴:

107 2528 192 2577 utitur
213 2529 388 2591 experturus,
414 2540 449 2576 uu
471 2539 552 2588 sagae
569 2527 636 2575 istae
673 2529 789 2578 Discolor
821 2533 844 2577 et
875 2529 949 2578 carto
983 2530 1086 2592 [4444444
1120 2532 1200 2580 444444

107 2600 293 2651 misericordia
322 2601 392 2662 tangi
420 2604 537 2664 queant,
568 2613 633 2663 pro:
678 2602 773 2652 4444444
797 2603 913 2652 induitur
936 2603 1064 2664 voltatsqae
1085 2606 1200 2666 aperitur

107 2674 335 2735 «vindicaturum,
354 2675 536 2739 puniturum.»
549 2687 638 2724 —no·
672 2677 742 2726 crim
757 2681 852 2728 rentoto
868 2678 901 2726 Et
922 2691 994 2726 coma
1015 2679 1120 2740 viper-eie
1143 2679 1200 2728 sab·

105 2749 201 2814 44444]
231 2752 332 2799 Seneca
361 2750 483 2812 Excerpt.
509 2749 634 2798 contrat.
673 2751 807 2814 etrinpttar
822 2751 928 2800 4444444
943 2753 1024 2800 sertis.
1045 2779 1074 2788 -
1095 2753 1200 2803 Memo-

107 2825 138 2884 4,
158 2825 187 2873 6;
216 2825 263 2873 llic
287 2829 345 2873 4444
369 2829 418 2878 ert:
443 2823 504 2884 quta
528 2823 637 2872 attenm
674 2823 765 2875 rabilis
782 2837 847 2875 saue
865 2825 907 2876 est
927 2823 1006 2875 lectio
1028 2827 1067 2876 BS
1084 2826 1196 2890 ilipula,

105 2895 633 2948 eooerculibauodiieintaerieil'uc.hnu.
673 2911 756 2961 quam
783 2911 872 2962 neque
906 2901 1040 2950 Gesnerus
1070 2913 1120 2951 nec
1148 2902 1199 2951 Fea

107 2975 154 3032 42,
165 2973 196 3021 2:
217 2973 331 3021 coniunx
342 2970 517 3021 novercalibus
526 2971 637 3020 4444444-
673 2975 819 3031 memorut‚
843 2985 932 3035 nequo
949 2975 976 3023 iu
993 2975 1048 3024 suis
1069 2987 1200 3040 reppere-

109 3060 175 3096 suro
198 3047 375 3095 Britannicam
397 3050 421 3094 et
440 3045 579 3094 Octavium.
604 3069 634 3080 -
671 3047 735 3094 runt
762 3043 902 3096 Oberliuus
924 3049 951 3096 et
976 3048 1124 3098 Pottierius.
1154 3049 1200 3098 Est

104 3119 199 3184 Petito]
221 3122 290 3169 «iam
306 3118 360 3169 telo
377 3119 493 3180 confixa,
517 3119 635 3170 saucia.»
673 3120 764 3168 umen
786 3116 898 3180 egloss.
925 3143 953 3154 -
976 3121 1123 3184 caprificos]
1147 3123 1199 3172 Ca-

141 3197 169 3243 44
182 3193 248 3244 -44,
277 3193 417 3256 instpnibm
439 3191 528 3256 ruptis]
555 3205 636 3256 prae·
673 3193 783 3258 priiicus
805 3191 878 3241 nasci
903 3190 973 3241 solet
997 3193 1066 3242 iuter
1086 3207 1151 3243 saxu
1172 3197 1199 3244 et

105 3271 180 3319 texta
198 3269 226 3317 et
245 3266 330 3327 bulla,
355 3266 390 3316 de
408 3279 461 3329 qua
483 3267 538 3316 Cic.
557 3267 633 3315 verr.
673 3279 774 3316 muros.
793 3267 883 3315 iuven.
898 3265 942 3325 40,
962 3264 1023 3315 tta:
1043 3265 1126 3315 4444444
1141 3268 1200 3316 titu-

106 3347 205 3394 444444.
231 3343 262 3402 4,
289 3342 340 3391 ὅ8τ
370 3341 442 3402 Quod
460 3345 637 3390 manastica
672 3342 739 3402 tique
759 3339 849 3401 apin
870 3339 977 3388 4444444Ι
999 3339 1199 3390 sunnonem

102 3417 233 3479 pueritiae
261 3420 338 3477 pater
363 3416 483 3476 4444444,
516 3415 636 3464 indiam
672 3413 826 3475 4444444444,
845 3413 1199 3474 ααᾳ4440444444444444-

105 3497 185 3553 atqae
208 3489 307 3552 basiam
328 3489 453 3551 [martae.
482 3513 511 3525 -
534 3487 636 3550 lotpabe
672 3491 722 3540 lent
738 3489 829 3538 sterilis
843 3486 915 3537 mala
930 3485 1024 3536 robora
1037 3489 1108 3550 [teus.
1131 3489 1199 3539 hiar-

105 3563 209 3629 comae]
222 3563 268 3614 list
279 3563 409 3627 appositio
420 3576 535 3624 v.puer:
556 3575 636 3613 «euru
671 3561 723 3613 tial.
743 3563 788 3622 to,
806 3562 836 3622 2,
858 3561 887 3610 9:
914 3561 1049 3611 Marmora
1068 3561 1192 3613 44444444

105 3639 197 3690 nudus
214 3638 406 3688 destitueretur
421 3651 435 3686 a
453 3638 538 3700 sagis,
557 3649 636 3686 eum·
670 3638 743 3700 144444
758 3636 900 3698 caprificis.
928 3635 959 3684 H.
978 3631 995 3684 l.
1015 3633 1132 3698 caprifici
1149 3648 1198 3685 na-

105 3727 162 3777 que
185 3712 304 3763 noudum
324 3711 360 3762 ad
381 3711 553 3776 pubertatem
572 3724 636 3775 pen-
672 3711 714 3759 tae
731 3710 759 3759 iu
770 3707 974 3774 sepulchrorum
991 3706 1137 3771 parietibus
1148 3709 1200 3758 im·

105 3787 216 3837 venisse
247 3787 391 3850 appareret
419 3786 476 3849 (qui
509 3788 635 3849 aspectus
671 3783 765 3847 primis
777 3783 900 3834 efficaces
911 3785 975 3834 sunt
990 3781 1025 3832 ad
1041 3781 1199 3832 incantatio-

105 3858 212 3910 mollire
240 3861 334 3924 posset
364 3861 498 3910 immanes
526 3865 635 3922 quoquo
671 3871 732 3918 nes,
768 3871 836 3920 quus
868 3856 1011 3921 praeparat
1043 3867 1115 3918 saga.
1156 3856 1198 3904 Sic

104 3932 262 3993 barbaros),
281 3933 471 3982 Canidiacet.»
489 3934 574 3982 Nemo
586 3943 634 3995 pro
672 3932 784 3981 Theocr.
792 3931 817 3990 e,
829 3931 872 3980 tat
883 3944 889 3978 :
902 3927 1023 3990 Σκιλλας
1036 3923 1087 3978 ἰών
1096 3929 1199 3998 γρα44ς

106 4009 183 4058 certo
205 4019 277 4056 nuno
298 4018 351 4056 nou
369 4007 497 4068 agnoscet
516 4005 635 4070 protasiu
672 3998 732 4054 oizi>
753 4000 886 4068 σάματος
902 3997 1008 4054 αὐτίκα
1023 4000 1138 4064 villota.
1169 4031 1195 4039 -

107 4094 170 4132 esse
194 4082 225 4130 Ut
248 4081 359 4130 haee„
372 4081 496 4130 44444444
514 4085 634 4142 pectora,
671 4077 772 4142 emtas]
792 4077 893 4128 omullo
916 4090 979 4128 cum
1001 4075 1092 4126 labore
1117 4075 1198 4127 elios-

106 4154 239 4220 apodosin
261 4155 350 4205 autem
368 4154 477 4204 canidio
490 4156 558 4217 cet,
582 4166 633 4218 que
672 4165 716 4204 sas
738 4165 770 4202 ex
792 4149 937 4216 lapidibus,
964 4149 1062 4214 quibus
1085 4149 1198 4200 firmiter

107 4229 143 4278 de
160 4242 190 4277 re
208 4226 272 4277 olim
290 4227 471 4290 ambigebant.
672 4225 856 4276 retinebantur
883 4236 975 4274 earum
1003 4223 1136 4273 radices.»
1168 4249 1196 4258 -
