2934 4884
464 398 522 448 ΗΒ.
541 398 583 449 111.
619 399 648 447 C.
666 398 723 449 xii.

437 714 802 773 HXCUBSUS

537 864 693 915 incuti.

144 1082 234 1145 aner
255 1079 417 1129 liirchnerus
434 1076 507 1141 (Noc.
531 1079 640 1139 Quueati
664 1078 753 1127 Horat.
771 1089 798 1142 p.
816 1078 884 1139 ccl,
902 1079 1044 1141 postquem
1062 1090 1157 1141 «pree-

86 1161 176 1213 clarum
200 1162 265 1213 illud
290 1165 345 1213 sive
363 1162 525 1213 Lachmanni
549 1163 605 1212 sive
623 1162 746 1213 Heinelrii
771 1162 827 1212 sivo
845 1160 981 1224 utriusque
999 1161 1154 1221 inventum,

85 1248 162 1296 emnia
178 1246 278 1297 Horatii
295 1246 413 1297 earmina
437 1246 464 1295 et
484 1258 553 1309 quae
571 1245 765 1309 monostropha
781 1244 869 1295 adhue
890 1246 918 1293 et
934 1257 1004 1308 quae
1021 1244 1157 1309 distropha

85 1329 148 1380 inere
173 1332 198 1382 in
224 1330 342 1381 carmina
368 1330 546 1394 tetrastropha
574 1329 728 1390 mutandlp»
757 1328 799 1379 vel
816 1329 904 1393 potius
920 1329 948 1378 in
964 1330 1156 1392 quaternorum

84 1426 199 1464 versuum
217 1414 341 1478 strophas
358 1412 509 1475 dividendi,
528 1412 632 1463 eximiis
649 1410 773 1463 laudibus
791 1411 890 1472 extth,
908 1413 1031 1462 nostrum
1047 1424 1156 1477 quoque

84 1508 181 1548 carmen
200 1497 289 1547 eidem
305 1495 356 1560 legi
374 1495 531 1547 submittere
550 1498 662 1548 conatus
680 1499 739 1559 est,
757 1497 799 1547 his
815 1496 920 1547 verbis:

140 1583 240 1633 «Unum
265 1582 349 1631 restet
372 1593 498 1641 carmen,
526 1580 596 1630 Libri
613 1582 655 1631 lli.
679 1580 868 1631 duodecimum
893 1578 973 1631 tuuc:
1003 1580 1156 1632 neceam

84 1668 113 1711 eet
126 1678 202 1727 nepae
219 1664 301 1713 amori
318 1666 392 1726 cett,
411 1664 483 1727 quod
502 1664 675 1727 quadraginin
692 1664 808 1729 pedibus
824 1666 919 1715 ionicis
936 1678 951 1714 a
968 1664 1071 1715 minore
1088 1677 1155 1715 eon-

84 1750 146 1797 stans
161 1762 176 1797 a
194 1748 292 1797 criticis
315 1748 401 1797 omnis
418 1748 526 1807 aetatis,
554 1748 608 1797 iam
631 1747 691 1798 inde
710 1762 725 1798 a
742 1749 837 1812 priscis
854 1749 1051 1809 Grammaticis,
1081 1748 1155 1797 varie

84 1830 192 1881 habitum
219 1844 251 1881 ac
272 1843 321 1895 per
343 1832 465 1896 strophas
488 1830 675 1893 distributum,
703 1834 810 1882 conatui
833 1835 924 1883 tamen
941 1833 975 1883 od
991 1830 1155 1897 reliquorum

84 1916 220 1966 mrnrinum
244 1927 366 1965 normam
388 1914 511 1979 strophas
533 1913 660 1978 aequales
682 1916 860 1967 constituendi
878 1917 1014 1979 quaternis
1031 1914 1156 1965 versibus

83 2002 224 2049 constantes
250 1996 338 2048 adhuc
364 1997 471 2049 obstitit.
507 1999 564 2059 Quo
582 1999 615 2048 de
634 2000 753 2050 carmine
770 1999 846 2049 multi
864 2012 923 2049 esse
946 2011 1105 2063 possemus,
1132 2000 1155 2049 si

84 2080 118 2130 vel
133 2082 255 2132 codicum
272 2084 425 2133 nostrorum
441 2084 584 2134 varietates
601 2085 627 2134 in
644 2083 756 2133 lectione
774 2096 807 2133 ee
822 2096 950 2133 versuum
968 2082 1154 2133 distributione

83 2164 180 2225 aliene,
216 2164 259 2215 vel
283 2166 370 2216 varias
394 2166 513 2216 virorum
539 2166 680 2217 doctorum
705 2166 740 2217 de
766 2179 798 2217 eo
823 2168 968 2217 sententias
994 2178 1154 2230 percensere

84 2247 218 2301 vellemus:
249 2249 298 2301 sed
314 2252 376 2313 post
392 2249 499 2301 doctam
516 2250 626 2302 Bentleii
644 2250 852 2315 disputationem
868 2262 965 2313 magno
982 2250 1073 2299 critico
1089 2262 1154 2300 vere

83 2330 196 2395 dignam,
226 2345 279 2396 qua
304 2344 337 2381 ex
355 2333 558 2397 Hephaestionis
580 2335 745 2398 grammatici
762 2336 907 2399 praecepto
924 2334 976 2384 hoc
993 2346 1102 2383 carmen
1119 2333 1153 2383 ad

84 2414 160 2467 hleaei
177 2414 314 2481 exemplar
329 2416 452 2468 versibus
468 2415 511 2467 vel
528 2417 644 2481 strophis
661 2418 738 2469 denis
754 2416 870 2482 pedibus
893 2415 1021 2469 absolutis
1042 2428 1154 2480 compo-

84 2500 152 2551 situm
177 2514 238 2551 esse
263 2500 369 2561 docuit,
399 2500 471 2551 unde
496 2501 554 2565 ipse
579 2500 702 2565 stropHas
728 2500 834 2552 duobus
859 2502 1020 2551 tetrametris
1045 2513 1152 2563 unoque

85 2580 186 2635 timebo
211 2585 301 2634 ionico
327 2585 487 2648 compositus
512 2584 642 2635 confecit:
672 2598 733 2635 cum
760 2586 817 2649 ipse
835 2585 922 2645 dicet,
952 2582 1015 2634 nihil
1032 2585 1151 2645 reterre,

84 2668 160 2717 utrum
179 2667 277 2729 tribus,
304 2680 337 2718 an
355 2667 460 2719 duabus
476 2671 522 2718 eut
538 2668 630 2729 unica,
658 2668 680 2719 si
702 2669 760 2719 fleri
784 2669 885 2734 possit,
911 2666 981 2718 linea
1007 2666 1152 2730 decapodia

84 2760 194 2813 quaeque
212 2750 363 2802 scribatur:
381 2750 460 2802 liceat
476 2752 552 2803 nobis
568 2753 637 2802 banc
649 2753 806 2804 divisionem
816 2764 983 2817 proponere,
1002 2765 1054 2815 qua
1066 2752 1153 2815 primo

83 2830 238 2885 Bentleianae
264 2836 392 2899 cuiusque
418 2836 542 2900 strophae
568 2848 649 2885 versu
675 2838 830 2889 tetrametro
855 2837 881 2886 in
914 2834 992 2886 binos
1025 2835 1152 2887 dimetros

84 2915 156 2967 ‹liriso
172 2932 281 2969 carmen
299 2919 496 2983 tetrastrepbon
512 2919 564 2969 hoe
581 2920 684 2969 existit:

199 3080 386 3143 Miserarum
408 3086 456 3142 est
477 3098 580 3163 neque
603 3080 702 3142 amori

198 3202 281 3264 llere
304 3198 435 3275 ludum,
463 3219 566 3283 neque
591 3198 675 3264 dulci

197 3320 276 3387 Halo
299 3322 372 3387 rino
395 3323 500 3386 lavere
527 3330 581 3386 aut
609 3318 784 3386 exanimari
808 3325 984 3383 metuentes

280 3445 414 3508 Patruae
443 3440 577 3507 verbera
600 3444 733 3525 linguae.

199 3602 267 3667 Tibi
291 3602 417 3687 qualum
444 3604 616 3690 Cythereae

197 3726 277 3789 Puer
301 3726 389 3797 ales,
419 3722 476 3788 tihi
500 3722 576 3788 telas

201 3848 424 3931 Operosaeque
444 3847 601 3911 Minervae
626 3846 762 3911 studium
783 3843 901 3921 aulem,
927 3842 1085 3918 Neobule‚

280 3968 518 4065 Liparei'nltor
545 3966 662 4032 Hebri:

201 4126 302 4191 simul
323 4134 434 4192 unctos
459 4127 616 4192 Tiberinis

203 4249 360 4314 Homeros
384 4246 460 4314 larii
484 4249 516 4313 in
542 4246 651 4321 undis,
