2934 4884
274 359 335 427 m
614 362 617 369 ’
656 362 785 413 lionam
803 358 971 412 conmittis

527 518 594 585 Ore
616 516 765 605 trilingui.

441 674 525 755 Quin
548 685 580 743 et
600 674 689 741 Ixion
712 675 887 766 Tityosque
909 672 996 739 voltu

443 796 522 865 Risit
542 798 654 875 invito,
679 796 765 864 stetit
784 816 867 863 urna
890 793 1034 883 paullum

442 918 549 996 Sicca,
574 917 652 984 dum
673 928 763 1006 grato
784 918 886 984 Danai
908 915 1032 1004 puellas

526 1040 674 1108 Carmine
696 1038 828 1105 mulces.

441 1198 557 1267 Audiat
577 1196 668 1287 Lyde
690 1194 797 1264 scelus
818 1206 916 1284 atque
938 1204 1030 1261 notas

441 1321 605 1409 virginum
625 1340 749 1407 poenas
771 1329 804 1387 et
825 1319 919 1386 inane
941 1314 1092 1406 lymphae

337 1520 378 1569 il.
415 1517 510 1583 (Habet
526 1520 684 1583 scripturam
700 1518 770 1569 voltu
786 1517 821 1579 ο.)
837 1544 865 1553 -
883 1516 924 1566 26.
939 1526 1036 1577 poenos
1046 1526 1099 1564 orn.
1113 1514 1142 1563 T.

274 1696 356 1745 iertur
381 1695 461 1745 etiam
485 1693 566 1744 adv.
591 1695 693 1756 spiritur
718 1698 793 1752 teter,
832 1694 889 1757 ipse
913 1702 1022 1755 quoquae
1047 1689 1127 1739 cessit
1151 1686 1256 1740 blandis
1281 1688 1361 1752 lyr-ae

273 1770 319 1834 qui
331 1768 438 1833 proprie
452 1769 624 1832 «prorumpit,
641 1768 793 1818 emittitur.»
831 1766 930 1817 sonis.»
963 1764 1030 1814 Vide
1047 1764 1203 1813 Excursum.

275 1872 303 1881 -
316 1844 366 1893 Ore
381 1843 502 1907 trtllopot]
517 1845 546 1891 ut
563 1842 610 1893 Od.
627 1844 657 1902 i,
677 1842 721 1901 te.
741 1841 793 1903 ³t.,
863 1841 904 1890 il.
916 1840 990 1889 leton
1002 1838 1138 1901 Tityosque]
1151 1836 1225 1887 Pind.
1237 1838 1319 1901 Pyth.
1334 1840 1360 1899 ἱ,

273 1918 319 1969 ubl
335 1916 405 1967 vide,
440 1918 498 1967 Est:
525 1916 580 1967 ude
597 1916 682 1967 tribus
699 1914 794 1979 linguis
830 1915 875 1964 il:
891 1908 1089 1978 ’rgtova--sv
1104 1907 1249 1983 πτερόεντι
1260 1912 1361 1982 τροχῷ

271 1990 380 2056 triplicis
397 1992 476 2042 oris.»
496 2016 523 2027 -
542 1991 656 2041 Naelrius
673 1991 716 2041 hic
730 2002 796 2054 quo·
830 1984 1151 2052 Hanuxvmmoperov.
1161 1988 1263 2037 Seneca
1272 1988 1359 2038 llere.

273 2078 326 2129 que
344 2068 373 2116 ut
394 2065 411 2117 l.
430 2064 447 2115 l.
467 2065 593 2129 explieat:
621 2078 724 2115 sunum
749 2077 792 2126 os,
832 2064 881 2114 iur.
909 2065 973 2115 752:
1010 2065 1119 2126 ltnpltur
1148 2063 1244 2111 colim
1275 2068 1363 2114 toran

272 2142 300 2191 in
317 2154 370 2204 qno
388 2142 442 2191 tras
460 2138 563 2203 linguae
578 2141 634 2190 sive
652 2137 797 2203 linguatul-
831 2141 906 2190 ixion
920 2146 986 2189 roto.
1004 2153 1031 2190 v.
1049 2138 1115 2189 758:
1141 2137 1244 2189 Praebet
1257 2139 1363 2189 volueri

273 2215 340 2275 flda',
358 2216 506 2280 praecessit
522 2215 594 2265 enim
610 2220 712 2276 eaput.»
741 2215 796 2264 Ve-
833 2215 914 2276 Tityos
929 2220 1045 2265 astemoe
1060 2214 1144 2275 dapes.
1178 2212 1231 2263 Cir.
1253 2212 1304 2263 (ld.
1327 2216 1360 2275 Ξ,

272 2304 333 2341 rum
361 2290 456 2355 triplex
489 2292 569 2353 caput
595 2287 795 2352 intelligendum
832 2287 916 2351 ll‚8.
935 2291 963 2339 et
978 2288 1105 2350 3,l,il.
1124 2285 1301 2348 Tibull.l,3‚
1316 2289 1360 2339 73.

273 2378 333 2417 esse
354 2366 419 2417 satis
442 2376 576 2429 superque
599 2366 678 2429 po'eta
695 2363 795 2427 signifi·
830 2364 870 2414 Ad
895 2364 982 2413 tolum
1005 2362 1095 2413 locum
1119 2360 1167 2412 0d.
1186 2361 1218 2421 2,
1241 2361 1290 2421 43,
1316 2362 1360 2412 37.

273 2454 349 2491 casse
362 2440 471 2491 videtur
483 2453 527 2488 vv.
540 2440 588 2489 Ore
599 2440 720 2503 triltopol.
740 2437 793 2488 Cir.
831 2438 926 2489 ixionis
944 2439 1086 2502 imaginem
1107 2451 1133 2486 v.
1151 2436 1268 2486 visconti
1287 2438 1360 2486 Nm.

271 2512 538 2577 Virg.Aen.6‚il'l:
558 2512 796 2563 Cerbermlceeln-
829 2513 873 2563 Plc
895 2512 970 2563 Cum.
993 2513 1025 2562 V.
1043 2512 1072 2561 T.
1090 2510 1150 2572 ts,
1177 2508 1258 2560 aliam
1278 2510 1360 2561 Arcto.

271 2601 332 2652 pots
341 2589 438 2638 latratu
450 2600 530 2651 repon
544 2580 646 2650 tristem
661 2589 792 2648 Persona,
830 2588 889 2638 Zeit.
907 2589 937 2638 ll.
956 2600 983 2651 p.
1001 2585 1058 2636 att.

272 2662 299 2713 ld
311 2664 365 2722 est,
393 2660 509 2711 «innam
520 2660 604 2711 tribus
616 2674 649 2711 ex
660 2660 793 2724 capitibus
863 2663 904 2712 22.
922 2660 996 2724 llicit]
1013 2661 1052 2710 De
1063 2671 1114 2710 usu
1126 2670 1199 2709 nnm.
1212 2659 1361 2724 singularis

272 2734 413 2800 prolaton3
443 2736 534 2797 sicque
565 2734 641 2785 Silius
665 2736 697 2795 2,
729 2736 792 2784 ssi:
831 2738 893 2787 ante
917 2734 994 2800 plura
1019 2726 1126 2783 nomina
1148 2735 1176 2783 et
1195 2736 1259 2798 post
1277 2733 1361 2798 plura

270 2811 402 2874 [οηοοφιο
424 2810 526 2873 ottooot
546 2810 665 2858 Pmooat
680 2809 796 2871 informis
830 2810 902 2876 apud
918 2809 1055 2860 Horatium
1078 2806 1187 2859 consule
1204 2807 1360 2861 Bentleinrn

273 2886 420 2935 lucrtmosae
441 2884 536 2933 ἰοοᾱεον
558 2883 640 2932 culae.
662 2909 689 2919 -
708 2884 793 2935 sitnm
831 2885 865 2936 ad
883 2884 931 2934 Od.
953 2884 981 2943 l,
1001 2881 1047 2942 al,
1068 2882 1093 2932 8.
1116 2908 1144 2918 -
1163 2882 1360 2934 Hermesianax

271 2960 362 3022 gratm
380 2958 471 3008 nostro
489 2958 561 3007 certe
573 2970 654 3008 sensu
665 2958 794 3021 imagines
830 2974 855 3009 v.
868 2960 892 3009 9.
912 2958 946 3008 de
958 2958 1076 3021 Orpheo:
1094 2952 1233 3007 Κωκυτόν
1248 2952 1362 3010 reinit-
1416 2993 1420 3002 -

271 3031 330 3082 illae
346 3046 373 3080 v.
393 3031 433 3081 tt.
453 3033 572 3095 etpron.
591 3031 655 3092 dos,
678 3045 730 3096 quo
748 3045 793 3082 so-
829 3046 934 3099 μιστον
963 3030 1005 3081 ἐπ’
1035 3025 1144 3101 ὀφρύσι
1173 3027 1360 3097 {aldricum

271 3107 327 3158 lent
343 3106 478 3157 abstinere
496 3106 564 3170 epici
582 3108 609 3156 et
626 3105 713 3157 melici
731 3107 791 3170 loir.
829 3103 896 3156 stoa
917 3104 967 3155 καὶ
991 3100 1145 3155 αἰνοτάτου
1161 3102 1267 3171 βλέμμ’
1283 3101 1359 3159 ὑπέ-

270 3186 361 3233 tumen
386 3181 433 3231 Od.
458 3180 488 3241 l,
516 3181 544 3238 8.
572 3181 633 3244 tt),
660 3182 687 3232 in
713 3194 794 3231 causa
829 3172 1360 3250 μεινεκονός,Ἐνπορὶμὲνφωνὴν

271 3258 388 3318 luerunt,
410 3269 459 3307 our
474 3256 654 3307 recentiorum
671 3254 794 3319 complu·
829 3255 1030 3319 τεθοωμένου,
1064 3253 1096 3304 ἐν
1126 3254 1194 3305 nol
1218 3252 1243 3303 δ’
1270 3247 1360 3320 ὄμμα

270 3344 315 3383 res
332 3332 401 3381 hano
417 3331 545 3395 strophen
563 3331 669 3380 Horatio
688 3330 793 3380 abiudi-
829 3325 960 3400 Σκληρὸν
976 3330 1150 3400 τριστοίχοις
1160 3270 1247 3394 delita
1257 3332 1360 3399 φέρων

271 3408 374 3468 carent,
393 3418 508 3471 quorum
519 3418 613 3457 severa
624 3405 720 3455 indicia
732 3418 794 3454 om·
829 3403 978 3468 κεφαλαῖς.
993 3432 1021 3441 -
1039 3403 1116 3468 unm]
1132 3404 1159 3454 id
1177 3407 1233 3463 est,
1254 3418 1359 3457 «urnae

270 3482 344 3531 nium
368 3482 467 3545 optime
493 3480 615 3544 exposuit
639 3479 791 3541 Llihlrerus,
829 3480 1022 3545 singtrlarum»;
1041 3492 1103 3531 nam
1121 3480 1166 3542 qni
1177 3479 1212 3530 de
1224 3478 1297 3531 dolio
1316 3483 1359 3532 in-

213 3608 220 3627 ,
271 3556 319 3605 etsi
336 3568 369 3605 ne
387 3556 431 3606 hic
448 3554 556 3617 quidem
574 3554 608 3605 de
622 3554 648 3604 h.
661 3554 678 3605 l.
692 3554 793 3622 νοθείᾳ
829 3557 1024 3620 ter-promtus,
1043 3553 1100 3605 ielsi
1116 3557 1187 3605 sunt.

270 3630 333 3680 milri
345 3630 486 3693 persuasit.
508 3628 727 3693 Videlicetpoeta
739 3643 793 3680 non
862 3631 903 3681 23.
924 3630 1011 3679 Domi
1023 3628 1134 3692 medor]
1152 3630 1274 3679 Danaum
1291 3642 1359 3680 nar-

272 3704 328 3754 sine
354 3707 428 3754 certo
454 3702 562 3753 oonsilio
586 3703 721 3755 immorari
745 3703 794 3753 ali-
829 3706 890 3754 rant
905 3702 973 3755 illios
984 3704 1096 3767 Aegypti
1112 3703 1216 3767 (irati-is)
1229 3706 1359 3754 metuen-

269 3780 399 3841 qusntum
420 3776 503 3828 voluit
526 3778 612 3829 saevis
634 3779 693 3827 Oroi
714 3779 793 3829 terri-
829 3781 884 3829 tem
901 3790 964 3829 cunr
981 3779 1169 3841 quinquaginta
1186 3776 1292 3828 filiabus
1304 3782 1359 3828 Ar-

270 3850 347 3911 onlis‚
367 3854 394 3902 et
410 3853 489 3903 totius
507 3851 632 3915 strophae
650 3853 790 3913 sententia,
829 3866 892 3917 goe,
911 3865 980 3917 quae
991 3852 1099 3914 antiqua
1110 3854 1195 3915 petria
1206 3854 1277 3910 erat,
1291 3865 1360 3902 oon-

270 3940 350 3990 quam
373 3928 440 3977 mim
464 3929 521 3976 arte
544 3924 695 3977 calumniati
720 3929 790 3988 sunt,
830 3928 936 3992 ingisse.
950 3927 989 3978 lbi
1001 3939 1083 3989 regno
1092 3928 1205 3992 potitum
1213 3928 1360 3990 Aegyptia·

270 4002 297 4050 et
321 4001 514 4065 simplicissima
539 4004 566 4051 et
586 4014 635 4065 per
651 4015 680 4052 se
699 4000 793 4053 elaris-
830 4002 885 4062 dis,
905 4002 950 4066 qui
967 4015 1000 4051 ea
1016 4014 1097 4053 ceusu
1113 4003 1197 4065 Argos
1212 4006 1356 4060 venerant,

257 4062 338 4125 *simo
351 4078 407 4125 est:
427 4078 569 4137 «Quamvis
587 4075 795 4127 Cerbenrshor·
829 4075 1005 4140 despondisse
1022 4075 1134 4139 quidem
1144 4073 1227 4136 filim,
1250 4076 1357 4127 sedilis

269 4146 345 4198 ribilc
372 4164 404 4199 ac
430 4151 558 4202 furiosum
583 4150 618 4201 sil
642 4153 792 4201 monstrum
830 4149 899 4201 clam
915 4151 1103 4211 mandavisse,
1126 4154 1156 4200 ut
1171 4150 1256 4214 prima
1275 4155 1357 4200 nocte

270 4222 468 4287 acerrimusque
485 4225 545 4275 Orci
568 4226 674 4282 eustos,
702 4226 792 4275 tamen
830 4237 943 4288 sponsos
955 4226 1151 4275 interimerent:
1173 4223 1245 4287 quod
1257 4222 1355 4275 iecisse
