2934 4884
527 353 586 403 titt.
604 355 623 402 l.
659 353 689 402 C.
708 353 761 404 XX.

329 507 499 577 Conditum
519 507 596 584 levi,
619 507 715 574 datus
737 509 768 572 lu
790 505 914 576 theatro

453 630 534 698 Cum
555 629 612 696 tibi
633 628 784 718 plausus,

328 789 410 856 Care
430 787 600 856 Maecenas
620 808 740 876 eques,
765 797 799 853 ut
819 787 944 875 paterni

326 910 480 976 Fluminis
501 911 592 999 ripae
613 907 708 976 simul
729 918 763 976 et
784 909 894 976 iocosa

324 1031 488 1100 Redderat
507 1030 621 1098 laudes
642 1029 700 1097 tibi
721 1031 863 1099 Vaticani

452 1153 566 1218 Montis
588 1152 704 1240 imago.

175 1361 202 1410 3.
221 1359 285 1410 stae
301 1362 368 1411 Pott.
386 1361 499 1424 septem.
520 1387 548 1397 -
568 1362 592 1410 o.
611 1359 677 1410 Coro
691 1357 898 1422 shsrcdncta:
922 1361 995 1412 tlara
1015 1375 1048 1412 ex
1070 1374 1123 1411 uno
1144 1359 1160 1409 λ

142 1432 228 1489 sent.
248 1439 278 1486 et
293 1437 328 1486 ll.
358 1435 398 1498 (itt
414 1447 471 1493 nos,
488 1433 521 1498 l.)

109 1616 262 1679 miurus.
299 1613 374 1664 «Laui
388 1613 467 1675 igitar
483 1624 543 1675 ego,
560 1624 637 1662 sum-
673 1613 794 1676 martire
809 1613 1192 1678 rsprmr‚1ntrofortwtomqui

109 1704 152 1741 ma
169 1690 274 1741 laetitia
290 1687 386 1748 elatas,
404 1686 573 1752 cumplausu
589 1700 637 1736 ex-
673 1688 743 1748 cupis
759 1699 808 1736 ease
824 1691 901 1736 tuom
936 1685 1027 1737 Vellei.
1046 1689 1070 1748 2,
1089 1689 1133 1739 88:
1156 1691 1193 1738 oi-

109 1768 207 1830 oeptus
224 1776 304 1814 esses
320 1764 348 1814 in
370 1763 507 1820 theatro»;
532 1761 571 1824 [ut
586 1761 634 1812 ud.
671 1762 712 1810 ait
731 1762 831 1824 cupruti
850 1761 916 1811 eluci
935 1763 985 1826 fine
1003 1767 1137 1813 contortus
1164 1790 1190 1798 -

110 1842 133 1900 2,
153 1841 197 1900 tr,
215 1840 275 1900 25„
295 1840 341 1901 qui
357 1836 468 1902 plausus
483 1836 556 1887 idem
573 1848 636 1887 essa
668 1835 779 1900 potensi]
800 1833 903 1886 Tiberis
924 1835 958 1885 ab
975 1836 1079 1886 Etruria
1095 1836 1192 1888 urbem

108 1915 217 1965 ridetur
234 1927 300 1964 cum
316 1926 358 1974 eo,
377 1925 459 1976 wem
474 1911 518 1962 laic
535 1922 637 1962 memo-
672 1910 765 1961 iuiluit.
802 1909 905 1960 Trueum
925 1911 1024 1961 αἰυοωη
1042 1915 1121 1962 vocat
1143 1911 1189 1964 Od.

108 1992 162 2048 ηις
188 2001 256 2039 uam
280 2001 330 2052 per
349 1987 489 2050 utrimque
510 1985 635 2036 carminis
672 1984 697 2045 3,
715 1985 740 2046 7,
758 1985 799 2036 28.
826 1986 918 2046 ludios
935 1985 1013 2036 tibiis
1028 1989 1071 2036 est
1085 1986 1191 2050 Virgilio

109 2067 218 2128 tempus
244 2063 338 2125 nuque
362 2062 416 2112 hoc
443 2061 523 2110 statui
549 2059 634 2123 licet2)
671 2059 736 2108 Aea.
755 2059 780 2118 2,
799 2059 855 2108 tet.
882 2057 1066 2110 Cilniaautem
1082 2073 1192 2123 gauses

110 2141 182 2188 aiam
209 2141 277 2187 taruc
301 2136 353 2186 hoc
373 2137 465 2186 viuum
486 2135 531 2185 u‘bi
555 2135 634 2186 tacita
671 2133 784 2192 Arretio,
794 2133 914 2182 Etruriae
923 2133 1030 2198 oppido.
1044 2133 1190 2194 0d.t,t,t.

109 2211 255 2276 pollicitus,
268 2209 469 2273 ubialiqrmndo
479 2221 557 2262 meus
568 2223 634 2260 cou—
704 2207 728 2256 l.
761 2207 882 2270 Vaticani]
899 2208 971 2257 Echo
985 2208 1020 2258 ad
1036 2207 1190 2268 ianiculum,

109 2289 169 2337 risa
186 2299 253 2336 csse
270 2283 380 2335 velles.»
671 2279 747 2330 collis
763 2281 882 2331 Vaticani
897 2283 1012 2346 partem,
1030 2295 1100 2346 quaa
1117 2297 1192 2333 ere-

137 2364 163 2414 5.
188 2359 265 2423 wc]
282 2361 313 2410 lu
329 2359 374 2410 tali
391 2358 483 2410 odario
499 2358 634 2410 familiaris
671 2357 748 2419 gioue
770 2358 829 2406 erat
846 2356 943 2408 theatri
959 2357 1079 2420 Pompeii
1095 2355 1193 2420 lapidei

108 2451 139 2488 sc
153 2435 258 2488 blanda
274 2433 399 2486 allocutio
416 2435 494 2484 unica
511 2437 586 2499 apta,
604 2435 635 2484 ut
669 2433 696 2481 in
724 2431 826 2495 Campo
859 2431 967 2493 Florae,
1002 2431 1091 2483 medio
1124 2434 1192 2482 iuter

108 2511 153 2562 ud.
183 2511 211 2570 2,
241 2509 285 2570 2⁰,
314 2510 342 2558 7:
371 2509 466 2559 Ditsue
490 2510 632 2571 limenas,
670 2508 815 2570 utrumque
833 2507 929 2558 Tiberi.

107 2585 190 2650 Epod.
210 2585 236 2646 t,
256 2585 285 2633 2:
311 2583 396 2633 msice
412 2584 559 2643 Hotoman
580 2598 634 2635 uon
702 2581 727 2630 8.
756 2581 850 2646 inope]
876 2583 968 2634 utOd.
993 2585 1017 2644 i,
1041 2585 1081 2644 tt,
1103 2583 1131 2634 s:
1156 2586 1192 2635 to·

107 2662 185 2721 ctare,
202 2662 235 2709 ut
253 2659 369 2709 coniecit
383 2657 476 2708 Lamb.
494 2658 530 2708 ad
546 2658 594 2708 Od.
607 2660 633 2721 2,
669 2667 729 2706 coro
744 2657 839 2720 tempo,
857 2659 953 2708 neutro
969 2657 1029 2709 loco
1046 2659 1135 2710 addito
1145 2674 1191 2710 oo·

107 2737 147 2795 su,
159 2736 185 2784 7.
196 2734 360 2797 recepitque
371 2745 404 2780 ex
415 2731 635 2784 enecassent
670 2732 718 2792 cis,
745 2734 775 2781 ut
800 2732 869 2794 Virg.
893 2735 937 2783 Ge.
961 2731 986 2794 l,
1010 2733 1054 2783 ao:
1077 2735 1192 2797 occupes

109 2809 184 2860 telus.
210 2809 269 2858 iioc
286 2808 359 2857 euim
376 2808 435 2871 ipso
451 2806 564 2858 molesto
579 2810 636 2873 epi-
670 2807 765 2868 offenso
780 2807 883 2856 recutiat
899 2807 991 2871 wiopa.
1019 2809 1111 2859 Montis
1128 2810 1192 2858 irtu-

109 2885 182 2934 tlreto
193 2882 360 2934 Maecenatis
370 2881 533 2946 prudentem
543 2881 636 2934 laesis·
669 2893 702 2944 po
718 2882 769 2942 est,
788 2893 856 2943 quaa
874 2881 984 2933 velutin
995 2885 1085 2934 monte
1097 2883 1191 2934 sedem

108 2962 148 3008 set
172 2957 347 3008 modestiam.
388 2956 481 3019 Neque
506 2955 634 3023 appellari
670 2953 770 3006 ament
787 2957 813 3006 et
829 2955 891 3008 inde
908 2969 1003 3008 vocem
1019 2957 1123 3008 reddat.
1142 2961 1191 3009 Se-

109 3031 228 3082 debebat
244 3043 296 3096 pro
312 3029 373 3081 lect.
391 3030 460 3080 ctare
480 3031 527 3081 od.
548 3033 573 3094 3,
592 3033 633 3094 to,
670 3042 739 3078 neca
755 3030 849 3080 troad.
869 3031 928 3081 toa:
946 3031 1107 3095 mumque
1123 3033 1192 3082 cavis

110 3108 151 3156 til:
172 3108 323 3166 uumerus,
340 3105 451 3166 mutin
467 3106 553 3166 docum
570 3120 635 3171 par·
669 3103 793 3153 omnim
827 3105 902 3154 Echo.
937 3107 1059 3157 Bassam.
1103 3109 1190 3170 Atque

111 3183 165 3242 tim,
183 3182 249 3244 quia
260 3181 347 3229 totum
356 3177 420 3229 illud
432 3192 542 3232 carmen
553 3180 636 3232 subli-
671 3176 793 3238 omnino,
816 3180 944 3243 quidquid
965 3183 1057 3232 contra
1074 3182 1192 3245 disputat

112 3256 200 3305 mioris
217 3257 263 3304 est
279 3251 383 3315 indolis,
402 3256 499 3318 partim
516 3257 579 3319 qiua
594 3258 634 3308 sic
672 3253 702 3303 ll.
721 3252 886 3317 Peerlkamp,
904 3256 1054 3306 rectissime
1072 3257 1110 3306 sic
1127 3255 1192 3305 dici·

109 3331 196 3380 uocari
220 3330 333 3394 poterat
353 3329 440 3392 qrairis
467 3329 522 3380 iare
549 3344 634 3394 eques
670 3329 715 3377 tur
730 3340 813 3378 sonus
830 3330 1143 3390 repercussusamonte,
1162 3331 1192 3378 ut

110 3407 244 3456 Romanus
263 3403 382 3454 illustria.
407 3433 435 3442 —
462 3407 543 3470 epm]
569 3407 634 3471 «qut
670 3403 802 3453 Ausonius
819 3404 902 3466 Epist.
926 3403 967 3462 aa,
985 3402 1013 3452 9:
1040 3404 1192 3465 Respondent

112 3481 230 3542 equestri
258 3478 353 3529 ordine
380 3483 535 3542 contentus,
564 3494 634 3532 uun·
670 3482 694 3526 ct
709 3491 777 3527 aava
792 3477 900 3536 hanun
913 3489 1046 3539 pacturus
1062 3477 1094 3526 ab
1110 3479 1192 3528 unuh

112 3567 188 3616 quarn
214 3553 323 3603 inhiasti
348 3553 509 3616 honoribus,
534 3554 634 3618 quibus
669 3553 757 3603 Sanno
777 3553 856 3614 redd,
878 3552 943 3601 redit
963 3555 986 3602 st
1000 3565 1130 3602 amman
1144 3566 1191 3602 oo-

113 3631 212 3688 lameu,
231 3628 255 3678 sl
272 3640 402 3691 cuperes,
421 3632 447 3679 te
464 3628 578 3680 libenter
588 3645 636 3682 ex·
669 3627 731 3677 calu
747 3628 839 3691 inope.
879 3626 992 3677 Vaticani
1013 3625 1191 3692 antepenulti-

112 3701 213 3752 iotlcret
230 3702 358 3752 Caesar.»
375 3703 432 3754 llac
449 3705 522 3754 euim
537 3703 634 3756 moda-
670 3716 714 3754 ma
729 3702 815 3764 brevi,
834 3716 897 3754 cum
915 3701 986 3766 apud
1002 3702 1148 3754 Martialem
1164 3707 1191 3754 et

113 3779 159 3827 otia
175 3789 243 3828 usus
261 3779 290 3827 et
305 3775 417 3828 liberius
433 3779 543 3830 vivebat
551 3780 632 3830 homo
668 3776 821 3828 iuvenalem
830 3776 957 3840 sitlouga,
970 3777 1031 3828 ideo
1043 3791 1189 3843 usurpasse

112 3851 228 3902 molitiei
244 3851 357 3902 studens
374 3855 455 3916 atqua
472 3855 579 3906 inanem
597 3855 634 3906 ia·
668 3853 782 3913 videtur,
796 3853 858 3914 quia
866 3851 982 3904 nonnulli
991 3854 1068 3904 Festo
1079 3857 1189 3904 auctora

113 3930 193 3986 dum,
212 3939 296 3990 quem
312 3928 429 3978 honores
446 3931 472 3978 ei
488 3930 633 3994 imposuis-
669 3929 696 3977 at
713 3925 794 3976 Gellio
807 3927 846 3987 t6,
860 3929 899 3978 tt.
918 3929 997 3978 huius
1015 3929 1127 3978 noninis
1139 3929 1190 3978 ori-

113 4005 177 4063 sent,
190 4002 322 4062 detitans,
342 4004 464 4066 etmagis
475 4003 632 4068 popularem
668 4003 758 4065 ginem
775 4015 791 4052 a
806 4003 932 4054 solidalis
951 4003 1123 4068 repetebant,
1147 4001 1188 4050 vet

113 4075 632 4144 scpraebebataliorumqueprocerum
669 4076 814 4143 simplicius
839 4079 919 4128 etiam
944 4078 1077 4138 dicamus,
1104 4090 1135 4126 ea
1158 4075 1190 4125 li-

114 4151 237 4202 iuu'diam
247 4153 335 4203 minus
346 4151 487 4204 excitabat.
510 4155 630 4217 Propert.
669 4153 755 4202 centia
772 4153 798 4202 h.
812 4152 828 4202 l.
847 4165 926 4204 usum
937 4167 1007 4214 esse,
1026 4163 1105 4214 quam
1117 4149 1188 4200 haud

114 4225 137 4282 3,
153 4226 178 4287 9,
198 4228 227 4276 i:
245 4227 378 4278 timenus
393 4240 467 4290 oquae
481 4229 587 4278 Etrusco
603 4229 633 4278 da
669 4241 730 4277 raro
758 4229 785 4279 iu
814 4228 968 4280 nominibus
998 4226 1111 4290 propriis
1139 4225 1188 4274 sibi
