2934 4884
702 354 831 405 llOllA'l'll
847 354 1015 405 ciuilitiuii

697 828 1012 893 cmx-

484 982 666 1048 Extremum
689 980 807 1047 Tanain
829 980 856 1045 si
877 977 1023 1055 biberes,
1046 979 1149 1067 Lyce,

483 1102 587 1168 Saevo
609 1111 709 1189 nupta
729 1100 815 1178 viro,
839 1120 891 1167 me
913 1109 1021 1165 tamen
1038 1120 1170 1186 asperas

482 1226 669 1291 Porrectum
691 1233 764 1289 anto
786 1222 872 1288 loros
893 1220 1036 1288 obiioere
1059 1220 1169 1287 incolis

567 1345 715 1411 Plorares
736 1341 956 1431 Aquilonibus.

379 1528 410 1577 ii.
429 1528 512 1577 inser.
524 1524 593 1589 volg.
611 1525 650 1575 Ad
664 1526 760 1585 Lycen,
782 1522 865 1574 etsie
880 1521 963 1572 codd.
980 1522 1043 1572 mei.
1059 1546 1085 1557 -
1100 1523 1124 1571 i.
1143 1534 1247 1584 emeras
1263 1534 1318 1573 om.
1334 1524 1361 1572 Τ.

350 1628 376 1637 -
396 1601 420 1650 3.
432 1602 571 1651 Proiectum
584 1597 667 1649 Bentl.
686 1600 755 1649 ooni.
776 1625 803 1635 -
822 1598 917 1649 obicere
934 1598 982 1650 lid.

347 1760 378 1810 x.
399 1758 446 1809 Est
462 1758 660 1821 quodammodo
671 1756 837 1829 παρωιλαο-
874 1759 919 1822 qui
943 1759 970 1808 in
995 1756 1102 1821 scythia
1126 1756 1208 1808 veluti
1232 1757 1395 1809 domicilium

316 1832 452 1903 otdepov,
478 1845 533 1883 non
549 1834 638 1883 tamen
657 1833 769 1895 iustum,
797 1833 838 1895 (nt
874 1846 954 1884 suum
970 1831 1096 1883 liabent.»

315 1908 388 1972 apud
411 1907 543 1971 Aristoph.
570 1905 672 1957 Eccles.
691 1907 748 1957 960.
771 1906 838 1958 ado-
906 1909 931 1957 3.
956 1907 980 1957 6.
1006 1906 1105 1970 emm]
1127 1904 1282 1957 viridarium
1308 1908 1396 1970 (euius

315 1981 439 2034 lescentis
464 1980 540 2031 illud:
570 1978 661 2052 Δεῦρο
688 1977 724 2046 δὴ
752 1976 837 2052 δεῦρο
874 1994 959 2044 genus
983 1993 1079 2032 nemus
1103 1980 1181 2045 volgo
1205 1982 1294 2031 εἰ4οοοι
1315 1994 1396 2031 voea-

315 2052 366 2123 δή,
390 2056 448 2107 Καὶ
463 2051 501 2105 ori
517 2070 570 2119 μοι
590 2053 776 2128 καταδραμοῦ
794 2081 803 2099 ι
822 2053 835 2108 ll
874 2056 952 2119 bant)
978 2056 1006 2105 iu
1025 2056 1123 2107 domus
1144 2055 1272 2121 impluaio
1293 2054 1397 2121 planta·

316 2147 356 2182 σα
372 2128 425 2197 τὴν
441 2127 535 2202 θύραν
551 2124 669 2195 ἄνοιξον
692 2128 789 2196 Τήνὸ·
812 2132 839 2181 el
874 2133 940 2180 tum.
959 2129 1024 2195 Epp.
1043 2131 1071 2191 l,
1090 2131 1134 2192 444,
1152 2131 1198 2180 32ε
1222 2131 1318 2192 Nmpe
1333 2132 1398 2180 ieter

314 2205 346 2257 oi
362 2202 414 2272 μή,
431 2202 603 2257 καταπεσὼν
613 2206 770 2272 κείσομαι.)
787 2220 838 2257 neo
873 2206 1085 2256 vastaremur
1094 2205 1304 2254 nmacolmmm.
1317 2208 1398 2255 Pseu·

315 2282 373 2333 sine
403 2282 487 2332 ironia
517 2280 634 2345 quadam
666 2281 755 2331 iuncti
786 2282 838 2331 mi-
874 2279 999 2341 omino,
1018 2278 1047 2339 3,
1067 2280 1112 2329 ⁴5:
1138 2280 1292 2329 Etnernom
1307 2280 1336 2328 is
1352 2280 1399 2329 do-

316 2358 357 2407 nis
381 2368 411 2406 se
437 2356 592 2419 neutiquam
617 2368 725 2420 semper
752 2357 837 2418 Lyees
872 2354 953 2403 mitris
968 2368 1053 2404 meros
1069 2354 1196 2403 imitantia
1215 2354 1290 2406 lucos.
1322 2353 1398 2405 'lales

315 2432 413 2484 lustum
430 2429 602 2481 toleraturum
616 2442 684 2481 esse.
704 2430 769 2480 'lota
779 2444 838 2480 soe-
874 2428 954 2479 silvas
970 2427 1104 2479 interdum
1122 2429 1202 2479 etiam
1219 2430 1245 2478 in
1263 2429 1343 2479 tectis
1353 2430 1399 2479 lra-

315 2518 350 2555 na
366 2504 471 2555 videtur
487 2504 558 2555 ficta.
595 2506 718 2569 (Tempus
735 2506 835 2564 autern,
873 2503 987 2566 bebant;
1009 2506 1110 2555 Seneoa
1126 2504 1175 2568 Ep.
1194 2503 1257 2553 tii:
1281 2504 1341 2553 Noe
1357 2506 1399 2553 ei-

315 2592 370 2643 quo
382 2581 558 2643 compositum
570 2579 616 2641 sit,
631 2592 742 2643 prorsus
752 2579 838 2629 ineen
873 2584 935 2629 eunt
950 2584 1040 2629 omtra
1059 2584 1194 2639 meroen,
1220 2579 1264 2642 qui
1277 2580 1400 2642 pomaeria

315 2656 373 2703 ium
390 2654 449 2717 est.)
873 2656 901 2704 in
916 2655 1019 2704 momnis
1034 2654 1146 2703 domim
1165 2658 1267 2715 senuit,
1290 2668 1400 2717 mmm

349 2729 371 2777 l.
386 2730 410 2779 3.
431 2728 536 2791 Tanain]
550 2740 672 2778 nemnem
684 2726 759 2778 illum
770 2729 838 2790 Sey·
873 2730 950 2779 silvae
966 2730 994 2778 in
1010 2729 1080 2778 tectis
1097 2730 1227 2778 domommi
1243 2742 1275 2778 ac
1289 2730 1401 2793 sestiqiu

315 2804 385 2855 tiriae
403 2816 418 2853 a
435 2806 517 2853 lioma
534 2802 686 2865 longissime
703 2806 837 2853 remotum
872 2802 981 2853 mutnet?
991 2803 1038 2853 Est
1048 2804 1138 2867 igitur:
1153 2802 1401 2866 uQuostrepitusil·

315 2879 337 2929 si
355 2878 489 2938 biberes»;
508 2880 537 2927 ut
547 2876 594 2927 0d.
608 2878 638 2937 i,
651 2879 697 2937 so,
710 2878 757 2927 2⁰:
775 2878 838 2929 llio·
873 2894 907 2930 va
919 2879 1015 2929 domus
1026 2880 1088 2928 tuae
1097 2880 1206 2928 resonet
1216 2881 1329 2942 propter
1335 2892 1401 2929 ven·

315 2954 424 3015 donique
436 2956 524 3014 ροιονς
543 2950 570 3012 4,
591 2953 636 3010 io,
655 2952 702 3001 ui:
721 2954 764 3014 qui
777 2966 838 3015 pro-
873 2955 1076 3013 tosta-satem,
1084 2953 1224 3013 consitum,
1235 2950 1313 3016 longe
1322 2966 1402 3017 prae-

314 3029 420 3091 frmdom
443 3027 588 3077 Danubium
609 3026 706 3087 biduom
733 3029 772 3077 «si
794 3026 837 3077 vel
874 3031 927 3080 stat
936 3026 1037 3090 volgari
1047 3028 1135 3088 mma,
1148 3029 1178 3076 ut
1187 3030 1261 3077 recte
1272 3026 1401 3077 iudicavit

316 3102 452 3165 Scythissa
477 3114 578 3153 esses.»
603 3128 629 3138 -
651 3102 740 3165 8οοοο]
765 3096 838 3153 ὑκο-
875 3104 955 3154 etiam
971 3103 1094 3153 Heinsius
1110 3102 1252 3152 Adversas.
1270 3115 1298 3166 p.
1316 3102 1378 3153 298.

316 3174 436 3239 θετικῶς
453 3178 521 3227 haec
532 3175 699 3241 accipienda:
719 3177 757 3227 «si
768 3178 839 3227 inter
907 3179 931 3228 7.
945 3178 970 3228 8.
994 3178 1075 3227 Ventis
1091 3176 1189 3239 abiet,
1208 3190 1274 3237 non,
1291 3179 1324 3226 nt
1335 3189 1401 3226 non

316 3251 429 3314 Scythas
449 3250 584 3301 habitares
600 3250 704 3314 ibique,
730 3253 761 3300 ut
777 3254 839 3301 sunt
875 3249 1046 3311 nullivolunt,
1060 3250 1173 3301 dativus.
1187 3250 1239 3301 Cir.
1250 3250 1399 3314 WrgAen.

316 3325 362 3386 illi,
389 3326 470 3377 leroci
495 3328 576 3390 nupta
601 3338 676 3377 esses
704 3326 787 3375 viro.»
808 3354 836 3364 -
876 3328 921 3387 ii,
939 3327 1003 3376 rm:
1029 3327 1401 3390 qmnimmmormemu-

315 3402 426 3466 οορονοο]
446 3414 568 3466 «semper
583 3415 627 3451 me
639 3389 837 3451 excludentes.»
874 3402 919 3464 qil.
943 3428 969 3435 -
999 3399 1040 3450 Ad
1059 3412 1135 3463 seqq.
1159 3413 1193 3449 ex
1211 3414 1237 3450 v.
1256 3400 1332 3449 audis
1350 3412 1401 3463 per

316 3475 399 3540 Epod,
419 3477 464 3537 44,
485 3478 530 3525 ti:
551 3478 652 3526 limma
667 3477 742 3525 dmm.
875 3487 987 3537 zeugma
1011 3472 1090 3524 elice:
1126 3474 1264 3525 «sentisi»
1299 3474 1401 3525 liuius-

348 3550 372 3599 3.
387 3549 411 3600 i.
427 3550 578 3613 Porrecium]
598 3549 689 3613 alonge
702 3551 838 3601 extentum
875 3549 947 3599 modi
956 3551 1125 3611 zeugmatum
1133 3546 1234 3599 illustre
1243 3546 1399 3612 exemplum

315 3624 443 3685 humique
458 3625 596 3673 stratum.»
631 3625 684 3675 Cir,
698 3624 781 3688 Epod.
797 3625 836 3684 40,
875 3626 918 3673 est
933 3624 1010 3674 liorn.
1029 3624 1126 3686 llymn.
1143 3621 1227 3686 Apoll.
1240 3621 1305 3674 ml:
1325 3624 1400 3672 sien

315 3698 355 3747 22.
376 3698 427 3745 Sat.
446 3698 475 3757 3,
495 3696 522 3755 3,
542 3698 598 3747 iia.
620 3698 665 3747 llis
677 3697 762 3748 tribus
773 3697 838 3748 locis
874 3694 1003 3770 ράοισθω
1014 3690 1140 3769 Ἆρμανά
1156 3699 1179 3747 τ’
1197 3690 1342 3761 simnia
1352 3698 1401 3746 καὶ

315 3768 464 3821 Bentleium
474 3769 583 3832 volgare
594 3784 619 3819 v.
627 3773 766 3833 proiectum
776 3772 839 3823 sub·
874 3767 1033 3824 ὠκυπόδων
1054 3768 1164 3823 κτύπον
1187 3770 1289 3821 ἵππων.
1327 3774 1400 3823 lianc

314 3846 432 3897 elituisse
449 3843 592 3895 dolendum
610 3847 658 3896 est.
681 3846 792 3896 Theoor.
806 3847 834 3908 3,
874 3848 989 3911 liguram
1004 3848 1128 3899 reiieiens
1144 3845 1279 3898 Bentleios
1295 3859 1331 3896 ac
1342 3860 1402 3896 son·

315 3922 362 3973 tr:
389 3914 443 3971 οὐκ
461 3911 500 3971 ἔτ’
518 3913 613 3981 ἀείδω,
632 3916 790 3986 Kelosina
806 3919 837 3972 di
875 3923 985 3972 tentiam
1001 3923 1085 3985 magis
1096 3920 1232 3985 volgarem
1243 3921 1401 3985 praeferens

316 3992 420 4046 πεσών.
454 3996 636 4047 Aristaenetus
654 3997 683 4057 4,
707 3998 754 4046 io:
783 4012 838 4056 χοι·
874 3998 956 4047 Samis
980 4001 1003 4047 et
1027 3995 1101 4046 dedit
1125 3996 1223 4046 e10d.
1244 3995 1274 4055 3,
1297 3995 1347 4057 28,
1369 3998 1399 4045 5:

315 4076 462 4134 μοιιποτοῖς
486 4067 639 4137 κοιμήσεις
662 4070 710 4121 ἐπὶ
734 4069 837 4142 θύραις
873 4072 998 4121 inclinare
1010 4071 1139 4121 meridiem
1154 4070 1243 4119 Sentis.
1265 4097 1293 4105 -
1302 4072 1401 4131 ροοϋω

316 4146 470 4195 ποιεῖσθαι.
483 4174 510 4183 -
519 4145 642 4210 plorares]
656 4146 837 4195 «miserereris
873 4151 902 4195 ui
911 4146 1003 4210 aloeiet
1012 4145 1089 4209 ames]
1108 4146 1153 4195 eut
1163 4145 1222 4204 nix,
1240 4158 1311 4209 quae
1324 4144 1400 4195 eaelo

315 4220 405 4269 tamen
426 4234 470 4273 me
493 4223 545 4285 pati
564 4220 645 4285 lrigus
662 4218 835 4284 Aquilonum,
874 4217 947 4284 lapsa
971 4223 1013 4273 est
1035 4218 1217 4285 superioribus
1238 4218 1337 4271 diebus
1360 4222 1401 4269 at-
