2934 4884
494 338 596 389 uaau.
632 339 730 391 canu.
749 327 818 391 vn*
1127 345 1188 408 635

269 495 349 558 Nam
370 491 478 579 qualis
499 503 556 559 aut
576 492 735 561 Molossus
759 506 814 562 aut
835 495 940 564 uivus
960 499 1084 576 Lacon,
1168 503 1188 564 5

309 613 421 680 Amica
442 614 492 680 vis
513 614 718 702 pastoribus,

268 736 368 820 rigam
389 754 450 820 per
471 733 552 800 uitas
577 755 656 802 aure
678 736 804 804 sublata
826 739 937 812 nives,

311 855 535 942 Quaecunque
559 857 736 943 praecedet
757 858 839 926 iera:

266 977 329 1052 Tu,
354 995 428 1042 cum
449 976 592 1042 timenda
614 999 695 1044 voce
716 979 884 1068 complesti
908 1003 1041 1061 nemus,

310 1097 493 1163 Proiectum
513 1097 662 1166 odoraris
684 1101 803 1167 cibum.
1144 1107 1184 1171 io

268 1219 370 1293 Cave,
395 1238 490 1284 cave:
517 1239 658 1308 namque
681 1221 714 1286 in
736 1222 838 1290 malos
860 1227 1059 1312 asperrimus

308 1341 423 1405 Parata
446 1338 522 1404 tollo
545 1361 689 1416 cornua,

264 1460 376 1539 Qualis
399 1460 584 1550 Lycambae
605 1473 735 1550 spretus
757 1463 854 1530 infido
877 1487 978 1550 gener

309 1585 370 1647 Aut
391 1602 468 1648 acer
488 1582 590 1648 hostis
611 1584 744 1671 Bupalo.

155 1753 181 1801 5.
199 1752 267 1800 Luco
282 1752 311 1800 B.
333 1778 361 1787 -
379 1753 404 1801 8.
419 1753 556 1814 praecedet
572 1752 657 1803 Codd.
680 1753 752 1817 apud
771 1755 865 1816 Feam,
892 1758 1008 1818 procedn
1029 1771 1045 1807 e
1063 1759 1146 1810 Codd.

122 1823 247 1874 ciusdem
264 1824 357 1874 Bothe.
378 1826 417 1886 (Ut
434 1839 497 1884 noa,
515 1825 608 1887 Bbsc.)

87 1977 151 2026 gam
174 1964 321 2013 coniecta.»
352 1965 400 2023 Qui
422 1966 513 2014 autem
537 1963 615 2027 fugit,
688 1966 728 2015 ta.
749 1965 789 2014 ⁴3.
816 1967 874 2016 totto
895 1968 999 2032 cmnua]
1017 1968 1073 2019 ntia
1092 1971 1180 2036 imago

82 2038 218 2099 praeeedit
233 2039 428 2100 insequentem.
459 2039 491 2088 Et
506 2041 618 2102 propter
654 2039 721 2087 tauri
748 2038 783 2089 ad
812 2052 931 2102 pugnam
960 2053 1022 2092 cum
1050 2043 1123 2094 rivali
1149 2059 1179 2096 se

86 2113 141 2162 hoc
170 2114 198 2160 et
224 2113 335 2176 propter
362 2112 447 2162 Codd.
474 2109 616 2162 meliorum
653 2113 779 2174 parantis.
796 2139 823 2148 ··
840 2115 925 2177 Honor]
944 2114 1179 2174 «ouaiisArchilo-

86 2187 275 2236 auctoritatem
292 2185 468 2236 reiiciendum
480 2187 613 2247 procedet,
654 2185 733 2245 chus,
753 2187 798 2249 qui
810 2186 964 2249 Lycamben
978 2201 1103 2240 socerum
1119 2205 1180 2254 pro-

86 2260 213 2310 «ohvium
230 2259 290 2320 ibit,
313 2272 422 2309 mecum
438 2261 614 2322 pugnatura»,
651 2262 758 2323 pterea,
786 2259 858 2324 quod
878 2259 919 2310 ilie
939 2261 1076 2313 Neobuien
1097 2265 1177 2316 filium

85 2331 226 2384 utvotunt.
237 2331 336 2383 Saltem
347 2331 535 2396 explicandum
547 2335 613 2383 erat:
652 2337 748 2396 poetae
766 2333 819 2384 iam
837 2333 998 2397 desponsam
1016 2337 1116 2388 mutata
1129 2352 1177 2388 vo-

86 2407 222 2473 «pmdibit
248 2406 363 2457 eiustro
382 2420 457 2457 suo.»
492 2408 530 2456 De
548 2421 615 2456 con·
652 2405 753 2456 tuntate
771 2421 800 2456 se
824 2408 950 2458 daturum
973 2413 1095 2470 negarat,
1123 2415 1177 2464 tam

84 2483 235 2533 structione
253 2481 335 2544 Apum
351 2508 365 2518 ·
376 2507 391 2518 —
409 2495 571 2543 quaeeunque
583 2494 611 2542 p.
652 2479 789 2530 maledicis
796 2479 918 2531 versibus
930 2482 1075 2532 insectatus
1085 2487 1134 2543 est,
1148 2489 1178 2536 ut

82 2559 144 2621 sero
160 2555 230 2606 cont.
249 2555 331 2618 Hpod.
351 2555 381 2616 2,
400 2555 440 2604 37.
651 2553 724 2605 illum
746 2554 902 2618 aegritudini
925 2557 1005 2606 animi
1024 2558 1176 2610 remedium

118 2631 143 2680 9.
172 2631 212 2680 tt).
243 2630 293 2691 iu]
320 2630 381 2678 «Tu
405 2632 512 2692 contra,
540 2630 614 2682 canis
650 2630 796 2692 suspendio
813 2642 944 2692 quaerere
962 2629 1079 2692 coegerit
1096 2635 1176 2695 atque

84 2706 196 2768 ignave,
223 2715 286 2753 cum
304 2704 350 2754 diu
365 2702 534 2767 multumque
555 2705 614 2755 ina·
651 2702 685 2752 ad
716 2703 790 2754 idern
817 2704 910 2754 mortis
938 2717 1022 2766 genus
1050 2719 1177 2771 sponsam

84 2780 156 2829 niter
173 2777 273 2828 latrasti
296 2775 492 2827 tormidabiIem
509 2778 535 2827 in
553 2791 613 2829 mo-
651 2789 760 2842 quoque
785 2790 862 2828 suam
880 2778 1037 2828 induxerit.»
1070 2781 1100 2830 V.
1120 2781 1172 2830 Er-

84 2854 161 2914 dum,
182 2855 272 2901 tamen
290 2851 351 2900 cibo
368 2851 415 2900 tini
432 2850 539 2902 obiecto
556 2854 613 2903 sta-
651 2864 770 2902 cursum.

83 2929 133 2977 tim
155 2925 266 2991 cupidas
288 2938 368 2976 nares
385 2925 514 2976 admoves
530 2928 612 2989 utque
683 2925 772 2975 tt-to.
797 2927 907 2991 Bupalo]
937 2925 1001 2978 Piiu.
1021 2928 1051 2977 H.
1073 2929 1104 2977 N.
1127 2927 1174 2988 36,

83 3001 291 3061 obmutescis;»
330 2999 439 3063 dempta
475 3000 609 3063 imagine:
649 2999 680 3047 δι
711 2999 823 3060 Bupalus
848 3005 871 3050 et
895 3001 994 3050 dennis
1026 3000 1100 3064 (olim
1122 3004 1176 3053 An·

83 3075 190 3138 «lingua
213 3087 345 3138 perquam
367 3076 507 3138 promptus
530 3088 560 3125 es
577 3074 612 3124 ad
649 3071 771 3136 munos)
789 3073 921 3122 cunctisne·
933 3074 960 3122 in
974 3087 1005 3123 aa
1017 3074 1174 3139 (sculpendi)

83 3149 150 3201 aiios
168 3147 336 3198 contumeliis
359 3147 535 3210 lacerandos,
562 3148 611 3198 sed
648 3147 752 3196 scicntia
777 3147 862 3208 fuera,
899 3147 1061 3209 Hipponactis
1084 3152 1176 3210 poetae

82 3236 198 3275 munere
216 3221 306 3272 obtato
323 3220 392 3271 iiiico
413 3225 513 3272 taces.»
550 3221 612 3272 Hei-
649 3225 745 3280 aetate,
765 3233 838 3281 prtem
856 3225 952 3270 certum
968 3225 1004 3270 est
1019 3222 1069 3270 LX.
1089 3223 1175 3283 ornn-

82 3298 140 3349 ium
157 3300 201 3348 eat
224 3295 289 3347 iliud
306 3297 413 3346 Catonia
434 3296 555 3347 Censorii
576 3295 611 3345 de
644 3296 721 3357 piade
737 3295 820 3358 sutem
839 3319 854 3330 -
865 3321 879 3330 -
894 3295 1046 3356 Hipponacti
1059 3295 1176 3346 notabitis

82 3375 118 3426 tt.
131 3371 222 3423 Caelio
238 3371 311 3436 apud
327 3370 391 3421 Geli.
410 3373 437 3432 t,
457 3372 502 3421 te:
521 3371 611 3420 Fntato
647 3370 753 3432 foeditas
789 3367 871 3417 colna
905 3373 973 3428 aret,
1013 3368 1174 3430 quarnobrem

79 3447 158 3510 punit
174 3447 280 3496 conduct
292 3450 385 3508 potest,
402 3446 441 3495 vet
457 3445 495 3494 nti
512 3449 610 3506 ment,
652 3444 788 3506 inopinam
823 3442 875 3491 etus
916 3441 1021 3492 lascivio
1062 3443 1175 3494 iocorum

80 3522 122 3571 cet
136 3521 176 3570 nti
199 3521 327 3581 tonnano.
348 3548 376 3556 —
394 3519 541 3582 Proteum]
566 3519 611 3568 hic
647 3517 667 3566 ii
696 3528 851 3578 proponere
886 3517 1021 3566 ridentium
1062 3517 1171 3569 circuita.

82 3598 171 3662 prima
190 3595 394 3659 significatione,
418 3596 473 3645 «itu
494 3595 609 3657 iactum,
649 3592 720 3653 Quod
757 3591 893 3653 Hipponnn
926 3590 1071 3653 indipnntue
1098 3604 1174 3640 arnu-

81 3675 114 3722 ut
134 3673 197 3721 ante
219 3669 304 3734 pedes
327 3669 374 3719 tibi
391 3669 494 3719 cadat»
529 3670 611 3732 Magis
646 3667 782 3715 rttudtnem
812 3666 954 3715 carminum
982 3665 1114 3715 destrinxit
1147 3666 1174 3714 in
1239 3661 1242 3670 ¹

84 3743 411 3802 solitumeaaetobtectnm,
424 3745 454 3792 ut
463 3743 532 3806 virg.
543 3745 608 3793 neu.
647 3745 759 3802 tuntum
776 3745 805 3790 ut
821 3741 940 3790 credatur
951 3738 1076 3800 attqnitns
1086 3740 1121 3788 nd
1136 3739 1174 3788 ta·

83 3819 185 3881 onia:
206 3817 405 3879 ottamcom'ptt
413 3816 541 3866 obtectum.
554 3817 608 3866 Liv.
648 3829 739 3879 werno
754 3829 795 3866 eoa
811 3815 969 3876 connpnttsae,
996 3813 1061 3874 qnod
1080 3813 1174 3876 sulmm

83 3893 112 3954 i,
130 3895 174 3944 tt:
193 3892 445 3954 ddoqtoeotitetendo
461 3893 611 3942 —ctctorom
647 3893 690 3937 est.
721 3888 860 3952 Hipponax
884 3887 915 3937 ἐν
937 3885 975 3953 τῷ
999 3882 1073 3936 κατὰ
1097 3885 1173 3938 Bou-

82 3966 395 4027 --inaemttutempctttct
404 3979 483 4027 poree.
495 3965 608 4015 Phaedr.
648 3959 741 4013 πάλου
759 3957 861 4033 πρώτῳ
874 3958 969 4027 ἰάμβῳ
981 3959 1053 4024 apud
1066 3961 1174 4011 Schnei-

85 4039 426 4101 omnemne-otim
442 4039 504 4088 cito.
523 4038 611 4088 Etob-
648 4036 715 4087 deu.
744 4036 863 4086 Eustuth.
890 4049 916 4099 p.
944 4033 984 4084 it.
1010 4036 1038 4084 et
1062 4033 1118 4085 Del.
1143 4049 1170 4099 p.

83 4116 175 4164 iactum
186 4113 304 4164 malebat
314 4114 345 4163 H.
359 4115 403 4172 P.,
422 4111 471 4163 sed
483 4112 534 4162 hoc
545 4127 612 4163 uun-
649 4111 705 4160 208.
724 4110 809 4172 Bergk
826 4123 853 4172 p.
867 4110 930 4158 tit:
947 4101 1061 4169 Ἐβῶσε
1077 4109 1173 4171 Μαίας

84 4201 166 4251 quam
178 4188 205 4238 in
216 4188 302 4238 rarius
315 4185 378 4237 iliud
390 4189 522 4237 mutatum
533 4186 608 4236 toret.
649 4181 750 4244 παῖδα,
773 4179 922 4248 Κυλλήνης
939 4180 1054 4248 adim
1072 4183 1082 4248 ί
1085 4181 1172 4244 βασι-
