2934 4884
664 374 792 426 tlouxtll
810 373 979 424 CARMINUM

628 719 1008 786 cmm

512 865 632 954 Lydia,
655 864 723 940 dic,
748 883 807 950 per
828 882 942 927 omnes

364 991 407 1055 Te
430 988 511 1054 deos
533 1007 606 1062 oro,
631 983 771 1072 Sybarin
794 1003 853 1049 cur
874 1001 1033 1068 properes
1055 980 1193 1046 amando

514 1106 673 1183 Perdere;
697 1125 756 1170 cur
777 1103 923 1190 apricum

363 1231 477 1300 Oderit
499 1249 664 1315 campum,
689 1225 814 1313 patiens
837 1222 980 1310 pulveris
1002 1233 1099 1309 atque
1122 1221 1224 1288 solis?

512 1389 577 1456 Cur
599 1406 706 1474 neque
733 1381 878 1448 militaris
1349 1381 1372 1442 5

346 1588 410 1637 Vlll.
445 1589 527 1636 lnscr.
548 1583 615 1646 vulg.
650 1584 688 1633 Ad
703 1582 818 1643 Lydium.
835 1607 862 1615 -
880 1580 919 1630 Ad
934 1579 1040 1640 mnam
1055 1579 1253 1630 meretricatus.
1272 1578 1333 1628 om.

313 1663 341 1711 T.
358 1689 383 1696 —
398 1660 422 1708 2.
439 1661 476 1724 Te]
489 1661 526 1709 llo
536 1672 577 1723 pr.
592 1659 620 1718 T,
632 1658 684 1707 Hoc
695 1669 765 1708 corr.
779 1657 808 1715 T,
820 1650 884 1718 βλξ,
896 1654 1012 1704 Pottierii
1024 1655 1157 1716 quattuor.
1173 1679 1200 1688 -
1211 1666 1339 1715 properas

314 1734 429 1785 Pultierii
452 1736 519 1793 tres,
546 1730 667 1782 Diomed.
690 1745 716 1795 p.
741 1730 799 1779 509.
837 1729 962 1779 victorin.
985 1743 1011 1793 p.
1035 1727 1109 1778 2533.
1149 1728 1283 1778 Fortunat.
1306 1741 1334 1792 p.

314 1810 387 1859 2683.
409 1808 518 1858 elatos.
537 1806 609 1856 haud
626 1805 740 1870 improb.
758 1803 842 1855 Bentl.
864 1833 891 1840 -
910 1803 1029 1866 Sybarim
1041 1803 1154 1865 asset.
1174 1803 1285 1865 (sibodus
1295 1803 1336 1862 Τ.)

314 1985 380 2034 Vlll.
410 1984 517 2034 Graecis
539 1982 690 2034 nominibus
713 1981 807 2044 imagi·
843 1982 959 2032 maxime
977 1981 1136 2044 expositum.
1157 2006 1184 2016 -
1202 1981 1268 2030 Mira
1285 1981 1376 2030 inter-

282 2071 345 2109 nem
371 2058 472 2108 iuvenis
493 2057 603 2107 Romani
625 2069 717 2107 umore
742 2069 807 2120 per·
844 2054 915 2104 cedit
935 2054 1078 2105 similitudo
1100 2055 1207 2103 Horatio
1228 2056 1256 2102 et
1280 2054 1376 2104 Philo-

282 2133 329 2183 dili
347 2133 464 2182 suaviter
475 2135 502 2182 et
513 2133 601 2181 iocose
614 2131 739 2195 depingit.
767 2129 805 2179 De
844 2132 927 2178 strato
938 2131 1020 2192 Epist.
1040 2129 1081 2178 Ἠ.
1102 2127 1145 2177 ed.
1164 2129 1244 2190 Kays.
1262 2141 1289 2191 p.
1308 2129 1372 2179 353.

282 2209 352 2257 veris
370 2208 492 2271 personis
508 2207 551 2256 vix
564 2205 742 2267 cogitandum.
766 2205 809 2252 lu-
843 2204 996 2274 Μειρακιῳ.
1010 2231 1026 2242 -
1036 2227 1052 2238 -
1063 2197 1124 2262 Οὐχ
1141 2201 1229 2252 ἵππον
1245 2198 1376 2263 cicadat-

282 2284 423 2331 nocentem
446 2284 536 2331 autern
562 2294 594 2330 ac
620 2281 745 2330 festivum
766 2278 808 2327 io·
843 2293 911 2340 νεις,
938 2271 992 2328 οὐκ
1014 2279 1055 2339 εἰς
1076 2275 1255 2349 παλαίστραν
1275 2272 1377 2328 ἀπαν-

283 2367 344 2404 oum
362 2357 387 2404 in
405 2357 460 2405 tolo
478 2357 529 2405 hoc
547 2355 664 2404 carmine
682 2355 712 2402 ut
728 2364 809 2414 agno-
844 2350 909 2420 τᾷς,
944 2346 1000 2411 οὐχ
1031 2346 1104 2418 ἡλίῳ
1134 2349 1219 2414 δίδως
1243 2351 1376 2403 σεαυτόν

282 2442 355 2490 scas,
379 2431 471 2478 auctor
489 2428 536 2478 tibi
558 2441 632 2488 sum,
655 2440 723 2477 neve
745 2439 807 2476 cum
846 2428 963 2491 (propter
980 2440 1113 2486 amorem,
1137 2430 1166 2477 ut
1187 2427 1314 2490 Sybaris).
1343 2456 1373 2465 —

282 2515 385 2566 nupero
411 2503 555 2565 interprete
581 2503 739 2552 Germanico
759 2500 808 2550 ad·
841 2500 948 2564 pastea]
984 2501 1057 2560 «Qui
1091 2499 1154 2550 olim
1188 2502 1222 2562 (v.
1251 2503 1374 2564 lt-ts.)

282 2589 378 2626 versus
403 2576 530 2638 Sybarin,
561 2575 808 2626 innocentissimum
845 2577 939 2640 Campi
955 2575 1094 2640 pulverem
1112 2579 1167 2624 tam
1184 2573 1377 2626 lacilelolera-

283 2647 513 2699 adolescentulum
539 2649 680 2700 horribiles
709 2651 808 2698 excites
844 2650 904 2708 bat,
926 2653 1007 2712 atque
1024 2650 1176 2699 etiamnunc
1198 2649 1246 2699 hos
1263 2648 1377 2702 labores

285 2723 444 2786 tragoedias.
476 2725 609 2787 (Tempus,
628 2737 681 2786 quo
699 2736 808 2773 carmen
845 2724 972 2786 defugere
998 2722 1071 2772 haud
1096 2722 1239 2772 deberet.»
1276 2723 1376 2776 Plures

283 2800 461 2863 compositum
479 2799 524 2859 sit,
543 2799 674 2848 incertum
692 2801 746 2851 esl;
763 2811 809 2846 re·
845 2799 934 2848 minus
951 2800 1012 2862 apte
1023 2800 1220 2861 proposuerunt
1228 2799 1375 2860 mutiens,

283 2873 371 2922 lerunt
388 2872 497 2935 quidam
515 2872 548 2922 ad
568 2886 591 2922 a.
611 2887 637 2922 u.
657 2886 680 2922 c.
700 2873 758 2921 727.
779 2897 807 2906 -
846 2875 921 2936 quasi
942 2885 1008 2921 vero
1025 2871 1092 2921 baec
1114 2874 1186 2921 esset
1206 2885 1300 2932 causa,
1322 2887 1378 2923 cur

284 2947 322 2995 De
340 2948 426 2996 metro
453 2949 479 2994 et
501 2947 618 2996 metricis
637 2946 733 2996 Latinis
755 2943 807 3007 (ed.
846 2958 973 3009 campum
991 2944 1129 2995 devitaret.

284 3019 362 3070 Gaisl.
381 3033 408 3084 p.
428 3021 485 3070 lli.
505 3022 561 3072 ll8.
580 3021 637 3070 229.
656 3019 723 3082 tlt.)
757 3019 810 3068 Hoc
878 3023 902 3071 ὅ.
928 3019 1054 3082 militaris]
1082 3021 1133 3070 ullt
1149 3017 1228 3068 decet
1244 3021 1376 3072 iuvenem

284 3095 342 3144 deos
358 3107 403 3142 oro
425 3092 574 3156 legentibus
596 3094 705 3146 consule
722 3095 808 3157 Bergk
845 3095 986 3146 robustum
1002 3107 1035 3144 ac
1052 3091 1159 3143 militiae
1177 3095 1295 3156 aptum.-

283 3171 380 3218 Auacr.
399 3166 454 3218 Rel.
474 3181 500 3232 p.
521 3169 587 3232 ⁴26.)
878 3171 902 3219 6.
922 3169 1024 3232 eqcttat]
1043 3167 1218 3230 cogitandum
1236 3168 1270 3217 de
1282 3171 1376 3231 quoti-

317 3245 341 3293 2.
372 3242 489 3307 Sybarin]
516 3245 567 3292 Per
587 3243 637 3292 boc
654 3243 742 3308 ipsum
760 3257 809 3292 no·
846 3245 930 3294 dianis
948 3241 1373 3306 equitationisexercitationibus,

283 3331 347 3367 men
373 3315 481 3366 mollem
504 3320 531 3366 et
551 3315 694 3367 delicatum
716 3317 809 3366 adole·
845 3332 898 3368 non
911 3319 944 3367 de
957 3319 1049 3366 Troiae
1061 3316 1124 3366 ludo
1137 3318 1263 3379 equestri,
1277 3330 1377 3379 quam

284 3389 433 3442 scenlulum
462 3391 599 3453 significat.
630 3419 656 3426 —
682 3393 808 3456 properes]
846 3405 927 3455 quam
945 3391 1158 3454 frequentissime
1177 3402 1239 3440 eum
1252 3390 1376 3441 exhibuit

284 3465 486 3516 Conium-titum
514 3465 547 3514 ab
575 3466 681 3516 Horatio
703 3465 809 3529 praela·
845 3468 987 3529 Augustus.
1007 3467 1078 3515 Suet.
1097 3466 1153 3514 Oct.
1172 3464 1213 3514 ld.
1228 3491 1256 3500 -
1277 3467 1317 3514 De
1329 3466 1373 3515 his

284 3541 341 3587 tum
366 3540 430 3600 puto
452 3543 562 3602 propter
587 3553 613 3588 v.
640 3541 734 3599 oderit·
760 3541 808 3591 etsi
846 3537 1078 3590 exercitationibus
1100 3538 1148 3589 cfr.
1171 3540 1243 3588 Stetit
1264 3538 1326 3588 silv.
1345 3540 1372 3598 ll,

284 3611 433 3660 Priscianus
449 3625 476 3674 p.
496 3613 568 3663 alto.
588 3616 631 3664 l’.:
661 3616 742 3664 oderit
759 3631 809 3678 μι-
845 3616 870 3673 2,
890 3613 951 3664 tlt:
978 3614 1033 3674 Ipse
1052 3626 1097 3676 eqo
1118 3617 1143 3661 te
1160 3626 1241 3674 nuper
1259 3613 1375 3662 Tiberino

284 3679 374 3748 σὴσοι
390 3677 461 3752 ἄρα,
480 3689 594 3746 querceis
610 3689 674 3738 idern
693 3689 725 3737 sit
742 3689 810 3737 indi-
845 3690 873 3736 in
893 3688 965 3737 litore
984 3687 1037 3735 uidi
1053 3713 1068 3722 -
1084 3713 1099 3723 -
1121 3688 1264 3736 tendentem
1284 3699 1375 3736 erm

284 3759 381 3808 colicus
404 3758 493 3820 [nturi.
529 3759 558 3806 ln
584 3773 659 3822 seqq.
686 3760 809 3811 indicati·
845 3765 1026 3821 cacumenque
1046 3761 1177 3810 diceudo
1196 3761 1268 3810 culce
1281 3761 1375 3822 ferocis

284 3846 333 3883 ros
349 3833 500 3895 usurpavit,
528 3846 562 3880 ne
585 3833 662 3882 nimis
684 3832 761 3896 longa
783 3838 811 3886 et
847 3836 912 3896 equi.
928 3862 955 3870 —
969 3833 1094 3884 Gallicani
1106 3836 1167 3898 equi
1180 3834 1332 3895 ferociores
1345 3839 1374 3884 ct

285 3905 434 3968 languidior
454 3905 531 3954 fieret
548 3903 664 3956 clausula
686 3910 811 3968 quattuor
848 3907 928 3959 Gallia
962 3906 1024 3958 olim
1058 3910 1183 3959 Romanis
1211 3907 1373 3958 exercitibus

284 3979 374 4028 uerbis
401 3993 433 4028 ex
459 3992 483 4026 v.
508 3979 548 4028 dic
569 3979 757 4042 pendentibus.
782 4011 809 4018 —
849 3997 933 4046 equos
950 3982 1128 4043 ministrabat,
1147 3982 1207 4031 Tac.
1226 3983 1330 4041 Anut,
1345 3983 1370 4032 ὅ.

285 4055 402 4117 curando]
427 4072 438 4098 r
447 4053 511 4103 dum
533 4067 595 4104 cum
613 4067 704 4104 amore
723 4056 811 4105 irreti-
851 4085 877 4091 —
898 4058 998 4121 lupatis]
1022 4055 1118 4120 lupinis
1136 4055 1261 4106 dentibus
1277 4055 1372 4106 similia

286 4130 462 4177 laustenes.»
849 4131 923 4180 bena
949 4132 1043 4182 terrea.
1079 4126 1176 4192 Λύκος
1195 4125 1230 4179 τὸ
1254 4128 1286 4180 ἐν
1310 4135 1373 4191 τοῖς

320 4201 342 4250 l.
363 4203 489 4266 campum]
513 4203 645 4262 lllurtium,
665 4201 711 4253 soli
730 4215 811 4266 quam
849 4203 980 4268 χαλινοῖς
995 4201 1136 4276 σιδήριον·
1158 4205 1275 4266 llesych.
1294 4203 1370 4252 ovid.
