2934 4884
485 401 544 451 tiu.
581 402 678 452 cnuti.
697 400 729 450 V.
1122 398 1184 462 683

93 557 164 608 hsnc
183 560 271 608 vicem
288 557 524 622 (chirsellcll)
542 558 698 618 hominum,
717 571 750 608 ex
768 569 820 621 que
838 558 890 606 hoc
907 557 1017 616 iustum,
1037 555 1100 606 iliud
1117 558 1186 607 iniu-

90 647 166 691 sium
184 645 251 693 est.»
286 641 309 702 3)
328 641 478 692 Νοιιοθιίι
495 640 609 691 muitum
625 641 734 704 quidem
751 639 854 701 velent,
873 639 992 690 sednon
1008 642 1121 704 possunt
1135 653 1185 704 pro

90 724 247 775 hominibus
267 725 390 784 eiiicerc,
417 727 446 774 ut
464 726 557 775 nutura
575 726 654 788 sequi
672 727 699 774 et
716 724 813 788 iniqui,
841 725 870 774 ut
887 724 925 774 iss
943 726 970 773 ei
988 724 1076 786 ncics,
1098 727 1127 774 ut
1144 726 1184 775 ins

88 814 115 858 et
142 809 238 858 inlutis
264 811 427 858 mutentur.»
471 807 495 870 i)
522 807 672 857 «Veneficio
708 821 761 857 non
797 811 911 871 possunt
943 820 1017 858 more
1049 807 1184 871 modoque

90 892 235 942 hominum
260 891 299 954 (ut
322 891 445 940 homines
470 891 606 941 interdum
629 889 767 952 conentur)
790 891 954 954 permiscere
976 889 1015 941 ius
1035 894 1062 940 et
1083 891 1184 941 nefus.»

89 977 112 1035 5)
134 973 293 1024 «veneticis
317 973 431 1023 multum
456 973 567 1036 quidem
592 972 696 1031 valent,
724 972 793 1022 adeo
817 977 846 1022 ut
869 973 1033 1024 confundant
1049 972 1184 1023 interdum

89 1059 133 1107 ies
159 1059 188 1106 et
212 1056 287 1106 nelcs
313 1056 352 1119 (ut
372 1055 429 1106 iere
455 1059 557 1106 Seneca
586 1058 712 1106 controv.
732 1058 763 1114 i,
782 1057 814 1104 7:
844 1057 946 1120 Marcis
970 1057 1100 1108 sceleribus
1124 1058 1185 1106 turc

90 1145 206 1190 murce
225 1139 376 1202 intereunti;
403 1141 431 1188 ct
451 1152 504 1189 non
527 1143 642 1204 possunt
663 1139 850 1190 condicionem
869 1137 1020 1190 mortalium
1037 1141 1141 1189 mutere
1159 1142 1186 1189 et

91 1224 217 1282 efficere,
237 1235 291 1286 quc
302 1223 391 1273 minus
403 1223 540 1274 veneticae
554 1221 658 1274 talionis
670 1223 742 1282 iure,
763 1223 819 1286 puri
831 1223 960 1281 vindicte,
979 1235 1080 1286 poenas
1095 1222 1184 1272 dent.»

92 1309 182 1367 Quam
209 1306 318 1370 quidem
343 1305 463 1356 Lambini
485 1307 731 1369 interpretationem
750 1317 821 1356 nunc
839 1319 934 1356 omnes
953 1305 1007 1355 iere
1026 1309 1184 1369 sequuntur,

93 1391 145 1441 elsi
170 1389 239 1438 durs
263 1392 305 1439 est
330 1391 509 1439 constructio:
543 1389 629 1439 count
651 1393 810 1449 conectere,
843 1404 893 1438 uon
917 1389 1000 1440 veteru
1025 1395 1185 1446 conuertere:

93 1473 261 1536 distinguunt
285 1475 393 1522 cutem:
431 1474 543 1533 Veneno,
573 1486 695 1536 maenum
720 1473 763 1535 scs
787 1473 919 1536 cesosque,
947 1487 998 1522 oon
1021 1473 1107 1522 ναιιιιι
1132 1475 1184 1523 cet.

93 1556 238 1620 Eleganter
261 1557 332 1606 hanc
356 1555 477 1606 Lambini
502 1557 636 1606 rationem
660 1556 694 1605 its
721 1557 854 1620 expressit
875 1555 1063 1608 pallavicinus:
1101 1557 1187 1607 L'crtc

92 1646 183 1690 nosue
206 1639 316 1702 insemel
340 1639 386 1689 ben
406 1639 459 1701 pud
484 1640 507 1688 le
531 1640 601 1689 lecito
624 1639 791 1690 Ekowtote
809 1652 863 1689 cose
880 1641 907 1688 in
923 1655 958 1690 un
974 1641 1139 1703 confundere,
1166 1641 1185 1691 A

93 1724 216 1789 piutizio
239 1736 289 1772 oon
311 1723 358 1786 pili
377 1736 421 1773 soe
443 1723 496 1772 occi
520 1723 629 1786 teplicre.
665 1725 766 1773 Verum
792 1725 818 1772 in
841 1736 873 1773 en
892 1737 946 1774 nou
964 1725 1028 1774 sctis
1045 1725 1188 1788 respicitur

94 1821 120 1858 v.
139 1808 296 1867 Ιιιιιιιαιιιιιιι,
325 1808 353 1856 et
374 1807 401 1856 in
417 1805 469 1855 hnc
487 1804 614 1855 irscunds
631 1809 659 1855 et
675 1807 882 1856 concitatissime
902 1808 978 1870 pueri
996 1805 1107 1858 inieiicis
1125 1821 1187 1856 orc-

94 1892 167 1941 ticne
194 1890 260 1939 mihi
285 1902 393 1953 semper
418 1890 496 1940 nimis
521 1887 644 1951 languide
670 1890 726 1940 vise
753 1891 802 1939 est.
837 1889 861 1952 6)
884 1891 1025 1940 Nonnemc
1051 1891 1184 1941 distinxit:

96 1976 124 2024 V,
143 1987 179 2023 m.
197 1973 216 2036 s.
235 1987 261 2021 ιι,
279 1987 305 2020 ιι.
323 1987 347 2021 o.
366 1977 522 2022 concutere:
548 1972 686 2021 lumnam
708 1974 788 2022 cicun
809 1973 880 2022 Dtru's
901 1986 980 2036 opum
1003 1986 1065 2021 vos:
1096 1985 1186 2022 «more
1289 2013 1292 2020 .

94 2057 234 2119 modoque
251 2055 390 2105 hominum
405 2068 454 2105 vos
471 2055 535 2106 diris
552 2055 707 2114 devoveb03
732 2067 782 2117 ego
800 2053 895 2105 iscium
911 2055 950 2115 id,
982 2055 1055 2117 quod
1071 2055 1187 2106 homiui·

94 2141 148 2190 bus
166 2141 194 2189 et
212 2149 372 2188 concessum
390 2141 417 2188 et
433 2137 540 2188 solitum
558 2140 624 2188 est.»
659 2139 682 2201 7)
702 2139 818 2187 «llorere
834 2151 955 2201 macrum
972 2137 1082 2199 ivnient,
1109 2133 1187 2208 φάρ-

93 2238 180 2289 μακα
195 2221 271 2288 μέγα
287 2237 314 2272 τι
330 2217 476 2284 δύναται),
494 2223 535 2285 sos
550 2221 670 2286 nefasque
685 2226 828 2272 convertere
839 2223 991 2282 umectent,
1011 2219 1185 2286 (convertere)

94 2310 176 2358 oleon
193 2307 344 2367 numnam,
361 2309 466 2356 mutere
483 2319 586 2370 poenas
604 2305 725 2356 scelestis
743 2307 879 2356 statutus.»
898 2307 997 2356 Bosins.
1033 2305 1057 2368 8)
1077 2306 1185 2368 «Ergo»,

95 2393 134 2442 uit
150 2404 235 2456 puer,
265 2391 415 2440 «veneticae
433 2387 580 2439 scelestae!
608 2403 671 2452 ergo
695 2402 783 2453 neque
800 2387 923 2440 infantilis
943 2389 1092 2439 innocentia
1111 2402 1185 2449 mes,

95 2488 189 2539 neque
215 2473 304 2526 scelus
329 2475 447 2524 immane
463 2475 584 2523 vestrum
601 2471 654 2522 ulio
672 2472 753 2522 modo
770 2485 883 2537 superos
900 2485 1009 2522 movere
1026 2471 1131 2534 valent,
1158 2475 1188 2523 ut

95 2560 224 2610 insinntie
250 2560 317 2608 haec
343 2557 407 2608 mihi
433 2556 485 2606 iate
510 2558 636 2605 mutent‘l
664 2559 699 2606 At
714 2556 933 2620 quandoquidem
950 2569 1031 2606 nemo
1048 2556 1188 2606 hominum

96 2645 155 2692 iure
182 2641 224 2691 vei
250 2642 343 2691 iniuria
369 2651 476 2690 summa
501 2638 553 2688 istc
579 2651 708 2703 superare
726 2641 816 2703 potest
833 2639 941 2689 etmihi
959 2639 1128 2703 pereundum
1146 2641 1189 2689 est

95 2725 195 2775 vestris
212 2724 364 2783 veneficiis,
384 2736 438 2786 quo
455 2721 536 2771 modo
553 2723 664 2786 potero,
683 2721 798 2773 ulciscar
810 2737 873 2774 vos:
893 2723 958 2773 diris
970 2735 1018 2772 vos
1031 2722 1185 2786 exegitubo»

97 2811 150 2859 cet.
175 2809 235 2858 Fer.
271 2808 295 2870 9)
313 2807 444 2857 Latinituti
461 2808 607 2869 repugnat,
627 2807 700 2870 quod
717 2821 804 2872 nuper
820 2808 955 2872 interpres
972 2807 1082 2870 quidam
1099 2805 1189 2870 opina-

96 2895 142 2943 tus
158 2894 215 2952 est,
233 2905 276 2941 vv.
294 2892 335 2955 soe
351 2890 470 2953 cesosque
486 2901 590 2939 merum
608 2901 669 2939 csse
687 2890 917 2942 exclamationem.

163 2975 204 3024 Ad
222 2989 264 3024 vv.
281 2974 323 3037 sos
346 2974 466 3036 nefasque
489 2971 583 3022 similia
610 2971 735 3022 nonnulla
759 2975 802 3024 hic
828 2973 951 3037 colligere
971 2975 1051 3024 iuvat.
1088 2974 1188 3024 Verum

96 3070 210 3109 sensum
227 3056 327 3120 optime
344 3057 430 3119 operit
444 3055 596 3107 Andocides
614 3056 649 3106 de
666 3057 798 3118 iiysteriis
817 3058 848 3106 i:
879 3053 932 3121 τὴν
950 3057 1116 3126 προθυμίαν
1131 3054 1188 3107 τῶν

96 3137 213 3209 ἐχθρῶν
237 3137 295 3190 τῶν
320 3136 414 3203 ἐμῶν,
444 3131 511 3188 ὥστ’
530 3139 582 3204 ἐμὲ
605 3137 703 3201 κακῶς
720 3143 813 3188 ποιεῖν
835 3137 867 3188 ἐκ
885 3135 992 3201 παντὸς
1008 3136 1117 3209 τρόπου
1136 3143 1188 3192 καὶ

96 3223 217 3286 demur
240 3226 291 3273 rect
314 3217 429 3285 ἀδίκως.
465 3224 569 3274 Pindon.
596 3222 635 3272 oi.
661 3223 691 3283 ἲ,
711 3225 759 3272 45;
790 3219 846 3271 τῶν
867 3219 899 3271 dt
920 3224 1125 3292 πεπραγμένων
1141 3217 1189 3272 Ἐν

96 3307 167 3375 δίκᾳ
183 3323 214 3358 τε
230 3309 281 3357 καὶ
293 3302 371 3378 παρὰ
382 3305 473 3358 δίκαν.
509 3305 632 3369 Aeschyi.
647 3305 766 3370 Choeph.
780 3305 828 3354 78:
848 3303 953 3356 Δίκαια
964 3301 1066 3370 καὶμὴ
1080 3303 1186 3356 δίκαια.

97 3393 181 3457 Soph.
196 3391 261 3444 Oed.
274 3393 336 3454 Tyr.
350 3391 416 3442 300:
430 3382 466 3441 Ὦ
484 3387 578 3440 πάντα
595 3385 708 3455 νωμῶν,
728 3389 876 3458 Τειρεσία,
894 3385 1011 3439 διδακτά
1028 3383 1188 3461 ιε’Ἀρῥητά

96 3479 123 3526 τ’
142 3469 267 3547 οὐράνιά
283 3489 314 3525 τε
330 3476 380 3525 καὶ
396 3470 587 3540 χθονοσιιβῆ.
622 3473 908 3538 Aristoph1Eqddd:
938 3474 988 3524 xci
1012 3471 1110 3524 δίκαια
1134 3467 1190 3524 κᾶ-

98 3559 176 3611 δικα.
212 3560 278 3610 Plut.
305 3560 370 3610 233:
400 3559 451 3609 καὶ
473 3556 592 3620 δικαίως
615 3551 749 3619 κάδίκως.
785 3557 875 3621 Eurip.
893 3559 956 3608 inus
973 3559 1014 3608 Fr.
1034 3558 1082 3608 ⁴3:
1111 3555 1189 3624 Σύμ-

97 3659 190 3710 μικτα
214 3639 256 3708 μή
282 3640 381 3694 δίκαια
403 3643 453 3694 καὶ
477 3640 563 3694 δίκαι’
589 3636 676 3706 ὁμοῦ.
718 3642 788 3704 Virg.
817 3644 911 3705 Georg.
939 3642 966 3703 i,
991 3643 1056 3692 505:
1085 3641 1129 3691 coi
1149 3644 1191 3706 [ιιι

97 3741 201 3780 cererem
216 3733 293 3789 atoue
308 3728 386 3790 nefor.
421 3730 486 3777 Aen.
500 3727 529 3786 9,
542 3725 607 3776 ooo:
626 3727 705 3789 dipem
720 3731 796 3787 αιᾳιιι
812 3726 917 3790 indigno
933 3726 1023 3776 relatu.
1060 3726 1105 3787 li,
1124 3725 1169 3775 lili
1185 3741 1190 3773 :

99 3813 189 3877 Dtpuo
205 3812 311 3874 indique
323 3812 389 3872 puli.
425 3810 512 3860 Livius
528 3810 575 3868 uu,
589 3809 638 3858 ⁴8:
657 3810 698 3859 rue
714 3811 782 3858 muni
799 3811 883 3860 diolco
899 3810 1058 3871 tumoreque
1074 3809 1191 3858 liberetur

99 3897 200 3946 wetere.
235 3894 310 3944 Ovid.
328 3893 512 3953 neuntio:
530 3894 619 3956 farcire
634 3893 753 3956 nefasque
769 3892 911 3954 Conpcsuro
926 3893 986 3942 ruit.
1022 3893 1102 3942 i'ucit¹
1122 3895 1188 3942 Ann.

101 3980 131 4038 t,
150 3980 200 4028 67:
227 3982 318 4040 operto
333 3983 436 4027 secreto.
472 3979 518 4037 iii,
537 3976 584 4025 37:
610 3989 660 4038 per
676 3975 747 4026 licito
763 3979 839 4037 otqru
855 3975 951 4026 inlicito
967 3976 1087 4038 foedare,
1124 3975 1188 4026 iiist.

100 4066 132 4118 2,
151 4063 200 4112 56:
230 4063 257 4111 iu
274 4076 346 4111 omne
367 4062 408 4123 scu
422 4060 542 4125 cesosque
558 4059 628 4108 ouidi
644 4065 690 4108 aul
705 4060 804 4109 venales
828 4073 878 4109 non
900 4073 991 4120 sacro,
1017 4073 1067 4108 oon
1081 4059 1190 4122 profano

101 4144 266 4194 abstinebunt.

537 4261 753 4269 .-—-—-—-—

538 4275 753 4282 ..κ-ῳ...-
