2934 4884
484 356 616 407 candart
633 356 805 409 suentana.

264 512 351 577 Litus
374 512 543 577 Etruscum
569 522 702 578 tenuere
724 522 866 590 turmae,
895 554 903 573 s

263 634 355 699 lussa
376 653 451 720 pars
473 642 598 699 mutare
620 634 718 699 Lares
744 643 776 699 et
796 635 912 701 urbem

350 755 477 841 Sospite
499 774 615 829 cursu,

263 902 320 968 Cui
344 924 402 989 per
424 902 590 969 ardentem
612 904 682 970 sine
705 903 817 971 lraude
840 907 965 973 Troiam

265 1024 379 1090 Castus
401 1028 526 1091 Aeneas
548 1024 670 1112 patriae
692 1036 859 1113 superstes

265 1144 415 1211 Liberum
437 1146 570 1211 munivit
593 1146 668 1221 iter,
692 1146 826 1213 daturus

346 1264 441 1331 Plura
463 1264 601 1333 relictis:

263 1416 315 1493 Di,
339 1417 459 1503 probos
481 1438 588 1484 mores
611 1418 707 1486 docili
730 1419 896 1493 iuventae,
1131 1422 1172 1485 to

262 1538 316 1614 Di,
341 1540 496 1604 senectuti
518 1538 665 1626 placidae
687 1540 843 1629 quietem,

156 1698 197 1748 ³9.
216 1697 289 1747 urbes
305 1698 341 1746 Bc
358 1690 419 1760 (non
431 1697 468 1761 b).
485 1728 511 1736 -
530 1698 571 1749 lo.
590 1700 675 1750 doctlts
691 1713 754 1750 cum
771 1714 811 1765 pr.
824 1700 916 1751 Battcl.
935 1700 980 1766 (ω)
996 1702 1137 1754 Bentleius.

127 1800 153 1807 —
172 1771 214 1822 lo.
233 1773 363 1821 certectetts
378 1770 427 1833 βικ
451 1776 494 1823 «et
505 1773 558 1825 duo
574 1773 616 1825 alii
628 1776 758 1826 insertoris
767 1778 871 1835 notae»,
885 1776 939 1825 duo
950 1777 1014 1827 item
1025 1778 1139 1839 Rerum..

124 1846 179 1896 duo
200 1847 329 1907 Pottierii‚
348 1846 489 1899 Bentlelus.
519 1876 546 1885 -
572 1850 702 1911 placidam
718 1866 741 1898 ω
759 1851 830 1913 (cum
847 1862 903 1899 var.
926 1848 986 1901 lect.
1001 1852 1139 1916 pusaeo),

124 1921 237 1972 Holmon
253 1921 418 1987 Peerlkamp.
438 1923 477 1985 (Ut
494 1936 559 1985 nos,
578 1924 652 1985 ahc.)

91 2058 256 2111 auounullis
275 2062 481 2126 reprehensum,
507 2062 613 2113 videtur
650 2064 700 2113 tice
717 2062 840 2125 iungunt:
867 2068 967 2112 tenuere
985 2064 1075 2126 sospite
1096 2078 1173 2115 carru
1226 2108 1230 2117 .

89 2134 191 2185 reterre
233 2148 387 2186 sermonem
428 2136 610 2189 formularum.
648 2136 706 2186 ttttts
721 2136 870 2195 Etruscam,
888 2137 995 2187 Lavinia
1009 2135 1095 2188 litore.

90 2209 171 2259 Certe
189 2210 270 2259 etiam
287 2209 360 2259 Ovid.
374 2211 480 2269 Metl,
498 2211 544 2261 at:
562 2214 613 2261 Pa-
681 2209 769 2260 tt·tt.
796 2211 961 2275 olaefractae]
981 2212 1052 2261 tsine
1070 2212 1169 2262 damno

88 2290 161 2333 cutrts
190 2284 318 2345 mitisque,
352 2290 445 2347 repant
468 2285 610 2347 Immites,
649 2287 694 2334 aut
720 2285 838 2349 pernicie
864 2288 970 2334 Aeneae
996 2287 1171 2350 omniumque

57 2402 61 2411 .
88 2359 165 2407 odeis.
186 2384 214 2394 -
239 2358 318 2422 Luto]
343 2358 431 2409 Lunae
455 2358 522 2409 deae
544 2362 612 2410 ima·
649 2360 706 2409 eius
723 2359 883 2414 comitum»;
902 2361 933 2407 ut
949 2359 1039 2419 Ode,
1059 2360 1105 2421 ts,
1124 2362 1169 2412 ts:

88 2434 179 2496 qinem
196 2444 259 2481 cum
275 2432 457 2495 antiquissima
468 2434 548 2483 inser.
562 2436 612 2484 La·
648 2434 719 2483 Nede
746 2436 844 2484 coercet
871 2433 985 2495 elperico
1017 2434 1172 2485 Bistonidum

88 2508 141 2557 tina
152 2505 259 2556 LOSNA
270 2507 330 2557 vide
343 2507 368 2557 la
380 2507 499 2557 Gerhard
509 2508 609 2558 Etnulc.
647 2509 700 2557 ooo
714 2507 806 2569 [raude
821 2508 909 2557 eines
929 2506 1003 2570 (Male
1018 2510 1125 2559 Servius
1135 2510 1171 2560 ad

87 2581 187 2645 θρίσσα
202 2580 232 2629 Ν.
246 2580 352 2631 CLlllll.
367 2582 530 2646 -puellus:]
544 2584 611 2633 Cum
648 2583 713 2632 nen.
732 2582 760 2640 l,
779 2580 836 2633 sta.
857 2583 909 2631 stoc
926 2582 1018 2645 frestde
1037 2584 1172 2647 iuterpre-

87 2655 152 2721 quid
165 2654 313 2719 supplicare
322 2654 440 2706 debeant
448 2656 522 2706 chori
533 2668 610 2720 seqq.
649 2658 719 2706 tatur
730 2656 803 2706 «sinc
814 2656 976 2720 proditioue,
985 2674 998 2700 ι
1016 2669 1098 2720 quam
1108 2662 1172 2720 poe

60 2738 65 2743 ·
86 2730 213 2781 versibus
230 2732 383 2794 exponatur,
404 2731 446 2779 hic
463 2729 539 2781 colon
562 2743 612 2794 po-
649 2733 704 2789 tae‚
726 2728 771 2779 vel
786 2730 808 2780 si
825 2732 985 2794 purgaturus
1003 2734 1087 2791 esset,
1110 2731 1136 2780 h.
1152 2730 1170 2781 l.

86 2804 209 2855 nendum
226 2806 295 2865 erat,
314 2817 367 2854 uon
385 2816 447 2854 cum
458 2803 612 2855 allismalor
648 2816 863 2861 commemorare
888 2804 1096 2869 haudquaquam
1122 2804 1172 2855 de·

86 2878 233 2938 distinctio,
260 2890 313 2940 qua
334 2876 532 2928 dissecarentur
548 2892 611 2930 seu·
649 2891 743 2929 corum
764 2878 878 2941 fuisset.)
902 2908 930 2915 -
954 2879 1053 2944 emtus]
1077 2880 1170 2944 «pius,

86 2954 196 3004 tentiae.
648 2954 690 3003 cui
707 2956 849 3017 propterea
866 2951 1023 3003 favebatis.»
1045 2956 1087 3004 Sic
1103 2956 1173 3005 tocc-
1229 2955 1232 2966 ¹

119 3024 221 3077 st-to.
245 3024 351 3089 sl·est]
377 3028 418 3077 «st
442 3029 496 3087 est,
523 3029 611 3078 utest
647 3030 710 3085 usu,
729 3026 836 3088 impius,
856 3025 903 3075 Od.
923 3027 953 3086 3,
978 3029 1007 3086 2,
1027 3027 1068 3077 30.
1098 3029 1169 3091 virg.

85 3113 217 3165 reapse.»
258 3100 288 3149 In
311 3098 439 3164 precibus
465 3100 611 3153 modestior
647 3100 828 3161 Aen.6,66t:
854 3101 951 3161 Quique
968 3103 1108 3151 secerdotes
1125 3116 1172 3153 ce·

84 3173 216 3241 particula
241 3186 323 3237 quem
347 3176 476 3235 quonian.
506 3176 610 3225 Etenim
646 3174 686 3224 ati.
708 3200 736 3209 -
753 3172 839 3237 Plura]
859 3172 1030 3223 sconditurus
1050 3188 1101 3238 per
1121 3188 1171 3238 po-

84 3252 125 3301 sic
153 3248 305 3314 procedunt
331 3250 491 3299 sententiae:
522 3251 611 3309 «Quo-
648 3250 735 3299 steros
750 3260 815 3297 suos
832 3247 975 3310 imperium
991 3248 1102 3297 molano
1121 3262 1172 3311 po-

85 3326 158 3375 nium
170 3324 518 3387 Romuvestmmestcpus‚
531 3324 610 3375 etiam
648 3322 777 3373 leutius.»
808 3348 835 3357 -
864 3320 1068 3384 Antiquissima,
1102 3334 1170 3385 quae

83 3402 113 3450 in
129 3400 269 3463 posterum
281 3398 305 3446 ei
317 3410 477 3461 quocunque
489 3397 570 3449 modo
581 3399 612 3448 ut
647 3409 719 3446 nuuc
736 3397 835 3455 exstet,
853 3395 953 3445 mentio
970 3390 1021 3458 τῆς
1035 3389 1172 3458 ἀποικίας

83 3474 210 3530 faveatis.
229 3484 398 3536 precamur.»
421 3494 448 3509 -
477 3476 611 3522 cestrum·
648 3466 765 3539 Φρυγῶν
790 3468 859 3519 duce
884 3471 975 3520 Aenea
996 3470 1128 3533 reperitur
1144 3471 1170 3520 io

82 3547 156 3612 opust]
178 3550 310 3609 quatenus
325 3544 418 3610 Apollo
436 3546 502 3609 (ciri,
520 3548 550 3596 ut
565 3559 611 3597 so-
647 3540 785 3608 Sophoclis
796 3543 954 3593 Laocoontis
967 3543 1008 3594 Fr.
1021 3544 1078 3595 3l2.
1093 3545 1169 3595 Diod.

82 3621 136 3680 let,
164 3620 279 3683 iungitur
303 3618 391 3682 soror>
416 3622 536 3670 Aeneam
558 3620 611 3670 lta·
680 3616 769 3669 tota.
794 3617 839 3681 Di]
861 3618 981 3681 proxime
1004 3617 1120 3668 retertur
1137 3618 1172 3667 ad

82 3695 148 3745 liam
173 3696 266 3758 petere
292 3694 415 3744 iusserat.
451 3695 522 3757 virg.
543 3697 608 3747 Aea.
647 3690 795 3757 Apollinem
815 3693 843 3741 et
863 3693 983 3743 Dmnam.
1005 3718 1032 3727 -
1055 3694 1172 3743 seooetstt

81 3771 114 3830 l,
137 3768 200 3819 ato:
227 3768 358 3819 Seducere
374 3768 475 3819 ltaliam
490 3782 610 3833 mepnum
643 3766 762 3829 placidae
782 3766 899 3831 queen]
924 3764 1170 3830 «tranquillitatem,

81 3846 201 3905 armes
216 3842 316 3906 Apollo,
333 3844 436 3894 ttottem
450 3844 543 3907 buono
556 3846 610 3894 tca-
647 3854 729 3905 quem
750 3842 829 3891 unice
847 3843 952 3927 optent,
970 3841 1080 3892 senibus
1098 3842 1169 3902 date,

81 3932 138 3969 sere
169 3932 296 3980 capessere
328 3922 414 3969 sortes.
451 3918 503 3969 Clr.
529 3919 609 3969 etiam
646 3919 676 3967 ut
700 3915 818 3981 placide,
844 3916 902 3966 sine
923 3914 975 3965 ulla
997 3913 1118 3965 molestia
1138 3928 1171 3965 ac

81 3992 174 4051 ool.
193 3994 259 4055 6‚2t
275 4005 379 4057 sqq.-
394 3994 467 4055 pers]
481 3994 611 4057 quotquot
647 3990 763 4050 macria,
775 3988 1169 4052 advitaeflnempcrveuiant.»

81 4072 203 4119 Aeneam
229 4067 345 4117 concitati
371 4072 495 4118 sunt.-
515 4068 611 4129 sospes
647 4064 720 4115 Piud.
732 4063 769 4114 Ol.
780 4065 805 4123 5,
817 4064 866 4112 22:
878 4063 977 4149 φέρειν
987 4078 1079 4134 γηρας
1088 4056 1172 4116 εὔθυ-

80 4140 211 4203 curcul«
199 4141 252 4190 «ita
274 4140 350 4199 iussi,
378 4142 407 4191 ut
423 4139 488 4191 salvi
513 4141 540 4192 lu
556 4142 609 4191 Ita—
645 4154 703 4203 μον
721 4138 752 4200 ἐς
773 4132 915 4187 τελευτάν.
940 4138 1045 4188 Placide
1063 4140 1170 4202 egregie

81 4217 147 4265 liam
164 4216 362 4278 pervenirent.
350 4214 427 4265 atti
445 4216 609 4279 minuspoe-
646 4213 742 4263 dicitur
762 4217 882 4271 cercone,
910 4225 979 4275 quae
1000 4211 1051 4263 sibi
1072 4213 1170 4275 placet,
