2934 4884
243 400 276 478 ll¹
700 391 887 443 PRAEFATIO.

243 554 304 620 hac
327 561 415 619 recta
432 549 575 618 iudicare
591 547 816 616 adolescentes
831 545 1028 613 condiscant.
1073 543 1236 630 sicergo,
1259 563 1335 609 cer-

244 685 311 742 tum
337 672 470 739 modum
500 671 527 738 si
557 670 814 746 servaverimus,
847 665 934 733 haud
963 665 1114 753 exiguam
1142 684 1238 730 omne
1271 663 1335 729 hoc

243 793 465 882 exemplorum
494 813 597 880 genus
625 789 792 857 utilitatem
815 787 991 856 lectoribus
1014 785 1235 874 praebiturum
1257 805 1336 852 esse

244 915 381 982 confido.

306 1039 341 1103 ln
374 1033 508 1124 singulis
540 1034 635 1100 huius
667 1032 740 1100 libri
773 1031 911 1120 plagulis
946 1039 1097 1098 accurate
1130 1024 1334 1116 corrigendis

228 1157 377 1226 'multum
402 1179 454 1225 ma
481 1157 560 1223 iuvit
582 1155 700 1222 Baiteri
727 1155 791 1221 mei
818 1154 922 1221 amica
946 1150 1128 1239 diligentia3
1153 1159 1333 1216 metrorum

243 1274 351 1346 autem
372 1278 619 1346 Horatianorum
638 1276 773 1344 brevem
795 1275 1028 1363 expositionem
1050 1271 1228 1340 elaboravit
1249 1269 1335 1357 opti-

243 1421 316 1469 mae
338 1401 410 1488 spei
442 1398 650 1476 adolescens,
683 1398 843 1465 llenricus
867 1395 1104 1471 Sehweizeros,
1137 1391 1333 1459 Turioensis.

308 1594 496 1662 scribebam
520 1595 625 1662 Turici
647 1595 698 1660 lll.
721 1595 759 1658 D.
782 1594 904 1660 mensis
927 1590 1038 1656 llartli.

498 1717 537 1781 ll.
562 1714 676 1782 DCCC.
700 1715 848 1780 xxxvll.

629 2167 941 2231 mulo

520 2320 770 2385 EDlTlONlS
805 2319 1066 2386 SECUNDAE.

718 2481 865 2489 ——---

310 2619 442 2682 Praeter
474 2615 748 2704 exspectationem
776 2635 850 2681 cum
880 2617 1040 2691 evenerit,
1075 2625 1110 2680 ut
1138 2614 1189 2682 vel
1221 2615 1334 2684 ferreis

246 2737 296 2804 his
319 2735 519 2823 temporibus
552 2736 616 2802 iam
638 2745 711 2823 post
743 2736 999 2824 quinquennium
1029 2737 1214 2806 necessaria
1241 2737 1336 2804 fieret

247 2858 369 2926 lloratii
391 2857 455 2924 mei
478 2857 639 2945 repetitio,
671 2856 826 2944 equidem
848 2858 991 2945 praestiti
1014 2857 1104 2946 quod
1125 2858 1232 2945 potui,
1262 2879 1336 2925 cor-

247 2980 316 3048 rexi
337 2999 482 3055 erroreS,
515 2977 639 3056 addidi,
674 2999 760 3066 quae
789 2976 842 3044 illo
864 2999 905 3045 ex
930 2988 1077 3066 tempore
1099 2978 1214 3046 sedulo
1235 2977 1335 3045 colle-

246 3121 366 3190 geram.
412 3099 564 3168 Ceterum
593 3098 681 3166 haud
710 3120 815 3187 pauca
845 3099 952 3167 debeo
973 3098 1235 3177 Walclienaerio,
1267 3098 1335 3164 llil-

246 3222 455 3316 lenburgoro‚
479 3220 646 3297 Lu'bkaro,
671 3221 825 3298 Frankio,
848 3220 997 3308 segeno,
1023 3231 1121 3308 atque
1135 3222 1167 3287 in
1183 3219 1334 3308 Epistolis

248 3342 392 3410 Obbario
415 3353 448 3412 et
469 3341 642 3412 Schmidio.
687 3344 777 3408 Nova
798 3350 906 3408 autem
928 3341 1075 3408 subsidia
1089 3341 1199 3409 critica
1220 3350 1334 3408 nactus

247 3482 313 3528 non
340 3483 427 3540 sum,
461 3474 689 3552 praeterquam
717 3463 751 3528 in
780 3463 930 3550 Epistolis
957 3462 1066 3530 lacera
1087 3461 1250 3551 quaedam
1270 3463 1335 3529 lra-

247 3591 376 3670 gmenta
404 3581 482 3648 Cod.
513 3584 743 3652 Einsiadlensis
775 3585 847 3651 Sec.
876 3585 912 3649 ll.
954 3585 1020 3669 (Ep
1064 3583 1124 3650 sed
1152 3584 1335 3652 accuratius

248 3723 334 3770 nuno
367 3703 491 3789 inspexi
522 3704 709 3771 varietatem
743 3705 909 3772 Codicum·
931 3685 1076 3772 Oberlini
1108 3725 1147 3772 ae
1181 3704 1334 3771 Pottierii.

249 3829 422 3892 Praeterea
451 3843 491 3890 ex
520 3823 607 3891 dono
637 3825 827 3904 amicorum,
861 3825 1029 3914 Borbergii
1051 3836 1084 3893 et
1111 3827 1252 3914 llettigii‚
1287 3827 1336 3890 in-

250 3945 442 4032 scriptiones
472 3943 572 4012 Codd.
595 3945 807 4011 Beroensium
835 3947 903 4014 Bbo
935 3957 968 4014 et
997 3946 1214 4035 Sangallensis
1243 3948 1336 4034 oppi-

251 4065 324 4132 dani
348 4067 391 4148 (Sl
415 4065 551 4154 adeptus
573 4087 661 4145 sum,
696 4065 774 4132 Cod.
797 4067 994 4144 Turioensis,
1027 4090 1126 4157 quem
1148 4079 1248 4134 totum
1277 4068 1336 4135 do-

251 4207 316 4252 nuo
346 4187 479 4262 contuli,
514 4187 739 4274 inscriptiones
772 4189 842 4275 ipse
872 4192 1029 4276 excerpsi.
1074 4190 1173 4258 Cuius
1202 4188 1336 4276 quidem
