2934 4884
660 367 789 416 donatii
806 365 975 416 clamauit

439 525 607 609 Utcunque
630 522 782 587 deiecere
804 541 930 594 mores,

482 644 673 711 lndeeorant
695 643 779 708 bene
802 653 876 707 nata
898 639 1023 728 culpae.

398 803 484 884 Quid
506 801 642 870 debeas.
666 822 686 865 ο
708 803 824 876 Roma,
848 797 1050 874 Neronibus,

399 925 501 992 Testis
524 925 702 990 Metaurum
725 919 846 986 llumen
869 931 901 986 et
922 919 1105 986 Hasdrubal

440 1045 593 1111 Devictus
616 1053 648 1109 et
669 1042 804 1130 pulcher
825 1040 942 1128 iugatis

483 1165 539 1232 llle
563 1165 634 1230 dies
656 1165 745 1230 Latio
768 1162 926 1240 tenebris,
1320 1165 1358 1227 lo

337 1403 378 1453 36.
397 1403 545 1452 Iudaeoruut
560 1396 625 1463 βξχ,
644 1412 685 1463 pr.
705 1415 729 1458 v,
748 1413 804 1448 var.
823 1397 884 1448 lect.
903 1414 936 1459 ω,
954 1399 1071 1448 Pettierii
1088 1399 1117 1459 2,
1136 1400 1165 1459 5,
1184 1399 1213 1459 6,
1232 1399 1262 1459 9,
1283 1399 1327 1458 te,

304 1478 360 1538 tt,
382 1478 449 1538 Fea,
472 1476 500 1524 J:
523 1475 702 1525 indedecorunt
722 1486 751 1533 c,
773 1474 930 1524 Dedecaruut
951 1473 1105 1536 absumet,
1127 1471 1224 1534 Beati,
1243 1475 1279 1524 ll.
1300 1502 1327 1510 -

304 1553 344 1604 38.
363 1551 488 1604 demutat
504 1565 532 1612 ο,
551 1549 678 1600 Hannibal
695 1561 830 1613 superser.
847 1548 991 1599 Hasdrubal
1007 1548 1033 1598 d.

273 1767 412 1827 Utcunque]
431 1778 464 1814 ex
484 1765 582 1814 Horatii
603 1762 795 1814 consuetudine
832 1761 1360 1828 lectus,llasdnrbalise1ercitumprae

273 1841 330 1904 (od.
357 1842 386 1900 3,
415 1841 464 1899 il,
494 1840 533 1889 tt.
564 1837 646 1906 3„t,
665 1839 716 1902 29.)
745 1850 795 1902 pro
833 1836 951 1887 validum
968 1836 1149 1887 collatiscum
1165 1837 1201 1887 u.
1219 1839 1360 1889 Liviosa-

272 1914 532 1979 «quandocunque».
556 1913 671 1963 «Verum
684 1911 797 1963 simulac
831 1911 944 1963 linatore
969 1913 1050 1975 signis
1075 1911 1111 1962 ad
1135 1913 1288 1963 Metaurum
1310 1915 1361 1964 tlu-

270 1991 343 2040 recta
370 2001 477 2038 morum
508 1986 646 2050 disciplina
676 1985 796 2050 patribus
833 1999 896 2036 men
913 1985 1074 2048 adgressus,
1092 1988 1209 2036 maxima
1226 1985 1363 2052 eladepe-

271 2065 357 2125 deest,
370 2075 452 2126 prava
463 2062 621 2112 educatione
633 2061 714 2111 etiam
725 2060 796 2110 bona
832 2061 903 2110 uitus
920 2061 1050 2110 contrivit.
1075 2062 1129 2110 Liv.
1147 2061 1195 2120 2¹1,
1213 2060 1247 2111 ie
1265 2075 1344 2127 seqq.

271 2137 418 2189 liberorum
434 2135 535 2188 indoles
552 2137 686 2199 corrumpi
702 2134 795 2186 solet.»
869 2134 912 2184 33.
931 2133 972 2185 to.
987 2134 1104 2198 pukter]
1121 2138 1151 2185 ut
1166 2135 1214 2186 od.
1227 2137 1259 2199 l,
1272 2138 1303 2198 2,
1316 2137 1359 2202 *⁶5

273 2241 301 2250 -
315 2211 430 2276 desum]
449 2211 491 2260 Sic
503 2210 623 2262 absolute
636 2209 706 2273 apud
717 2207 794 2259 Rutil.
832 2209 908 2259 aSot
928 2209 1042 2259 Pudeber.
1071 2207 1212 2259 «Similiter
1232 2210 1360 2274 Aeschyl.

272 2289 378 2352 Lupum
397 2288 425 2346 t,
443 2287 474 2336 2:
496 2298 607 2347 quarum
624 2285 727 2346 quaevis
743 2297 797 2333 uua
833 2284 905 2332 Pers.
917 2281 977 2332 30⁰:
992 2277 1091 2347 Ἐμοῖς
1104 2282 1159 2348 μὲν
1171 2279 1255 2348 εἶπας
1267 2282 1363 2350 δώμα-

270 2375 311 2412 res
333 2375 381 2424 per
404 2374 429 2410 se
453 2361 514 2410 satu
535 2363 570 2410 est
585 2360 673 2423 prauis
688 2359 723 2407 ad
739 2360 798 2422 defl-
832 2371 880 2406 atu
896 2352 975 2418 φάος
992 2359 1069 2423 μέγα
1085 2357 1142 2408 Kal
1159 2355 1265 2409 λευκὸν
1282 2351 1363 2432 ἦμαρ

270 2437 401 2497 ciendum
419 2435 516 2496 idest,
535 2437 564 2485 ut
581 2432 794 2499 explicotlacob,
832 2427 936 2493 νυκτὸς
963 2430 997 2482 ἐκ
1023 2430 1239 2498 μελαγχίμου.»
1278 2435 1360 2485 ileu.

272 2513 323 2560 «ut
339 2511 411 2560 vires
429 2509 581 2559 deliciunt.»
832 2505 908 2555 Adde
925 2505 1048 2570 Sophocl.
1067 2508 1152 2570 Antig.
1170 2509 1227 2558 tuo.
1241 2509 1360 2559 Boerkh.

304 2585 345 2634 36.
364 2584 520 2648 immorant]
534 2581 637 2646 Vulgari
649 2584 798 2632 dedecorant
835 2605 861 2617 —
877 2580 1133 2644 supuda-tenebris]
1152 2585 1363 2646 «perpetuarum

270 2673 286 2709 a
310 2661 389 2722 poeta
415 2657 564 2722 praelatum
594 2669 655 2707 esse
681 2656 796 2706 verbum
834 2653 1013 2704 calamitatum
1037 2656 1105 2705 tristi
1127 2659 1233 2706 metu.»
1269 2659 1362 2722 imago

271 2733 357 2783 rarius
375 2733 520 2795 (usurpavit
532 2731 628 2781 Accius
645 2731 716 2795 apud
727 2733 794 2780 Non.
833 2729 914 2779 etiam
930 2729 1072 2778 rhetorica.
1097 2730 1152 2779 Cic.
1166 2744 1216 2795 pro
1229 2733 1293 2782 Sex.
1309 2735 1363 2784 Ro-

271 2819 331 2870 pag.
351 2807 407 2855 tte.
429 2804 521 2865 Mero.)
548 2805 612 2854 satis
629 2804 797 2854 demonstrat
833 2804 958 2853 scioilm.
971 2803 1019 2852 32:
1038 2807 1170 2865 tamquam
1185 2807 1208 2853 ai
1221 2807 1309 2868 opilea
1325 2809 1362 2856 rei

272 2879 353 2930 etiarn
370 2877 436 2929 Cod.
456 2892 499 2938 c,
517 2879 544 2927 in
561 2891 615 2941 quo
632 2891 665 2927 ex
682 2879 796 2941 utraque
831 2877 946 2939 publicae
970 2878 1122 2939 sarmium
1137 2893 1191 2928 uox
1214 2887 1294 2942 esset,
1323 2882 1361 2932 ita

271 2953 383 3003 lectione
401 2953 541 3002 coniuncta
559 2954 648 3002 ortum
665 2953 706 3002 est
718 2963 797 3002 mon·
832 2952 940 3001 ruebant
962 2953 990 3001 iu
1014 2952 1127 3002 metria
1156 2981 1183 2989 —
1222 2956 1268 3005 Ille
1296 2957 1360 3022 dies]

272 3029 356 3078 strum
373 3027 558 3076 indedecoruut.
585 3026 616 3076 V.
631 3026 694 3076 ilem
706 3027 798 3075 Accia-
835 3021 1007 3077 ἰσοστάσιον
1023 3024 1069 3097 (τῇ
1084 3026 1132 3077 ἐπὶ
1141 3024 1272 3091 Κάνναις
1288 3025 1361 3082 ἀτο-

271 3115 336 3152 num
353 3102 476 3152 induaris
493 3101 634 3165 quinquies
659 3100 798 3162 usurpavit
834 3101 895 3168 χίᾳ)
907 3115 970 3151 eum
981 3103 1203 3166 vocatAppiauus
1211 3105 1359 3156 Anan.

271 3174 401 3240 Virgilius.
417 3202 445 3213 -
464 3175 605 3239 mutuata]
626 3168 795 3239 οτὰεῦφοῆ,
868 3175 909 3226 it.
934 3176 983 3237 Qui
993 3177 1107 3238 mareu]
1128 3178 1195 3228 Vide
1210 3179 1361 3231 Excursum

271 3263 415 3315 generosas
432 3253 567 3301 naturas.»
832 3251 864 3299 ll.
886 3249 990 3313 -n'euJ
1008 3249 1109 3300 «laetus
1125 3253 1206 3315 atque
1220 3252 1360 3304 hilaritatis

304 3325 346 3376 38.
366 3325 453 3386 Tertia]
472 3323 565 3375 Catuli.
579 3323 626 3386 ui,
640 3325 700 3374 357:
723 3325 797 3375 Testis
832 3323 928 3389 plenus
944 3323 993 3374 luit
1009 3327 1113 3375 remoto
1130 3326 1240 3378 tandem
1256 3330 1360 3378 terrore

271 3401 319 3449 erit
333 3401 434 3463 mupntr
448 3399 582 3449 uirtutibus
591 3400 663 3448 uada
674 3399 798 3449 &amau-
832 3398 946 3449 hostili.»
970 3397 1103 3449 Heliodor.
1122 3401 1161 3461 l.,
1179 3402 1254 3452 init:
1279 3396 1361 3467 Ἡμέ-

271 3474 320 3522 dtr'.
336 3500 364 3511 -
381 3473 527 3524 Metaurum
542 3473 648 3538 timaeo]
667 3476 696 3523 ut
708 3474 756 3523 od.
769 3475 794 3534 3,
833 3489 886 3544 ρας
908 3465 975 3544 ἄρτι
1001 3469 1187 3540 decretulum,
1220 3502 1246 3514 -
1280 3478 1359 3542 abac]

272 3547 301 3606 9,
318 3548 367 3598 tt:
393 3548 625 3611 illectura-ituraea.
648 3550 678 3597 Α.
698 3549 725 3596 P.
746 3548 794 3597 ⁴8:
833 3548 1000 3610 aptissimum
1025 3551 1068 3598 est
1090 3547 1225 3601 ἐπίθετον
1249 3553 1361 3615 propter

269 3623 362 3684 iturea
372 3622 491 3672 Rhenum.
515 3623 649 3672 Metaurus
662 3634 695 3670 ex
707 3622 796 3672 Piceni
832 3622 948 3684 primam
974 3635 1033 3672 voc.
1065 3624 1161 3673 σοονσσ
1186 3624 1360 3688 significatio-

271 3695 369 3747 finibus
386 3698 478 3747 oritur.
500 3723 526 3732 -
543 3695 698 3760 Haednabat]
718 3698 748 3746 Α.
767 3710 794 3746 u.
834 3708 905 3745 nem.
920 3722 948 3731 -
961 3696 1070 3758 Mareu]
1088 3695 1210 3758 donatio,
1228 3711 1283 3749 av.
1295 3701 1361 3749 adar

271 3769 371 3820 odil.
391 3769 797 3821 C.ClaudiusNerocos.cum
833 3768 955 3833 (Dialect,
981 3770 1072 3833 Spelt).
1107 3772 1164 3823 lam
1191 3785 1254 3824 cum
1276 3773 1358 3824 dere

271 3841 483 3904 Hasdrubalem,
503 3843 656 3894 Hannibalis
674 3844 793 3906 fratrem,
832 3842 939 3908 publica
960 3842 1031 3894 bene
1048 3846 1136 3895 meriti
1153 3847 1270 3910 antiquis
1287 3851 1358 3898 tem·

271 3929 334 3967 cum
359 3930 427 3966 nova
453 3915 515 3967 belli
540 3915 610 3967 mole
628 3916 718 3967 ltaliae
737 3918 796 3967 iau·
832 3917 943 3981 poribus
975 3917 1044 3967 farre
1077 3917 1258 3982 donarentur,
1296 3921 1358 3971 hinc

270 3990 347 4042 cibus
355 3991 494 4042 imminere
504 3989 683 4053 intellexisset,
697 3991 796 4042 relictis
833 3992 998 4052 factumest,
1017 3993 1047 4041 ut
1061 4005 1087 4041 v.
1106 3993 1202 4043 adorea
1217 4007 1268 4058 pro
1281 4009 1358 4058 prae-

271 4063 341 4114 clam
358 4077 420 4115 cum
438 4063 542 4115 delecto
560 4062 656 4126 milite,
680 4077 751 4128 quae
767 4066 795 4115 in
832 4068 984 4128 micatque
1001 4065 1070 4116 adeo
1086 4079 1135 4130 pro
1151 4066 1244 4128 laude,
1265 4067 1354 4134 gloria

270 4137 386 4188 Lucania
408 4138 538 4190 adversus
556 4136 731 4190 Hannibalem
753 4141 795 4189 te-
832 4140 934 4190 honore
950 4141 1073 4204 usurpari
1084 4143 1211 4205 coeptum
1222 4143 1265 4191 sit.
1285 4141 1356 4192 Glos-

272 4209 366 4272 nebat,
393 4213 503 4275 ansuis,
533 4213 559 4264 in
577 4212 712 4266 Umbriam
730 4225 795 4278 pro-
832 4227 899 4265 son:
918 4215 1026 4277 adorea
1044 4210 1116 4278 δόξα
1132 4208 1152 4279 ἦ
1167 4209 1293 4266 ἀπὸτοῦ
1305 4229 1355 4266 πο-
