2934 4884
13 2119 15 2214 i

513 401 572 452 ΗΒ.
592 401 633 452 ΙΙΙ.
670 401 698 451 C.
718 401 794 450 XXV.

465 917 700 983 cuam
727 919 861 981 XXV.

208 1074 371 1151 Quone,
395 1068 536 1144 Bacche,
562 1070 648 1156 rapis
672 1070 716 1135 tui

249 1189 406 1258 Plenum?
428 1211 513 1277 quae
536 1211 669 1257 nemora
692 1201 747 1256 aut
768 1213 852 1278 quos
874 1211 952 1278 ager
975 1193 1005 1256 in
1028 1214 1148 1280 specus

208 1312 303 1379 Veiox
326 1323 433 1379 mente
455 1311 563 1378 nova?
585 1309 704 1398 quibus

248 1435 353 1499 Antris
376 1433 497 1520 egregii
521 1432 670 1499 Caesaris
693 1431 808 1498 audiar

187 1631 261 1681 XXV.
291 1633 373 1681 inser.
393 1629 461 1692 vulg.
492 1629 605 1690 sponsu
625 1631 652 1678 tn
673 1629 806 1680 aneon
831 1659 857 1666 -
881 1630 994 1693 timenus
1013 1633 1048 1683 oti
1063 1633 1179 1685 Liberam

148 1710 250 1768 patrem
266 1705 315 1754 BT.
337 1729 365 1740 -
383 1704 421 1755 Art
442 1702 559 1754 tuanen
577 1709 679 1764 patron
698 1705 877 1766 dittprornbioo
898 1706 991 1758 &cotos
1008 1709 1033 1757 S.
1059 1736 1086 1744 -
1106 1709 1180 1760 etto-

152 1793 212 1830 mm
230 1785 332 1842 petrem
347 1779 447 1828 invocat
467 1779 618 1828 madmena
638 1778 772 1829 Caesarem
788 1778 831 1830 be.
859 1809 886 1816 -
905 1781 930 1830 2.
949 1795 1015 1843 quoa
1032 1782 1060 1832 in
1075 1796 1181 1833 nemore

151 1858 196 1916 Lt,
223 1856 287 1906 item
308 1867 386 1920 yap.
407 1854 511 1904 Kirchn.
530 1867 557 1918 p.
577 1853 634 1914 36„
662 1857 753 1904 contra
780 1868 856 1906 meos
878 1859 906 1904 et
931 1858 1047 1906 Pottierii
1072 1870 1175 1908 omnes.

155 1957 181 1966 -
202 1929 255 1993 aaa]
274 1935 298 1980 et
315 1927 423 1980 Aldinae
441 1931 467 1978 at
485 1931 505 1976 t.
527 1927 622 1988 (Nostri
639 1928 704 1990 out.)

150 2105 227 2155 XXV.
266 2106 363 2156 Bacchi
404 2106 512 2155 numine
547 2104 652 2154 uitiatus
688 2101 1100 2172 βωμῷ-ἐτίναξα--κόμην,
1119 2108 1212 2158 Rarior

123 2181 281 2230 vaticinatur
305 2193 335 2231 se
369 2178 511 2244 aliquando
546 2179 649 2230 eximiis
688 2181 780 2228 autem
804 2191 886 2242 qaam
902 2181 1130 2244 praepositionum
1155 2180 1213 2233 talis

121 2253 246 2305 laudibus
270 2253 468 2306 celebraturum
493 2267 553 2305 esso
580 2254 649 2304 Cae·
687 2251 798 2302 aliarum
815 2252 1007 2316 particularum
1024 2257 1066 2305 est
1088 2256 1213 2320 transpo-

120 2341 226 2388 sarem,
247 2341 300 2392 qao
317 2330 375 2393 ipso
392 2329 515 2378 vaticinio
533 2339 596 2377 eum
614 2326 649 2376 ad
686 2327 763 2386 sitio,
790 2324 871 2375 veluti
897 2327 988 2377 laven.
1012 2327 1042 2389 3,
1061 2329 1127 2379 309:
1157 2331 1214 2391 Quo

120 2402 225 2453 caelum
248 2401 348 2452 attollit.
373 2429 400 2438 -
428 2403 539 2467 Propius
557 2403 649 2450 autem
686 2401 756 2464 (non)
779 2400 883 2464 (mauce
904 2413 1008 2465 macer,
1038 2415 1089 2465 quo
1105 2417 1156 2452 non
1171 2405 1213 2452 in-

119 2491 200 2541 quam
221 2475 306 2526 ulium
327 2475 399 2526 atiud
416 2476 515 2526 Horatii
538 2487 647 2525 carmen
684 2475 747 2524 eudo
762 2474 888 2524 emec?

120 2551 153 2600 ud
171 2549 400 2613 dithyrambicum
418 2562 502 2612 genus
525 2548 646 2608 accedit;
718 2550 742 2598 3.
770 2548 794 2600 i.
827 2550 904 2599 Velox
926 2555 1008 2600 monte
1029 2550 1111 2614 nouo]
1130 2551 1212 2600 uinci·

121 2627 197 2676 cuius
214 2625 326 2674 imitatio
343 2625 427 2687 magis
444 2635 538 2687 pressa
550 2623 648 2672 Latinis
684 2625 754 2674 tatus
765 2625 856 2673 mente
871 2621 1107 2690 (ἐνθουσιασμῷ),
1131 2637 1214 2689 quam

120 2702 216 2762 negata
244 2699 314 2758 erat,
333 2699 360 2747 ni
383 2699 469 2763 putidi
495 2709 526 2746 ae
551 2697 648 2759 turgidi
685 2709 783 2747 novam
795 2698 918 2748 Bacchus
932 2700 997 2748 mihi
1013 2699 1134 2749 infudit.»
1164 2697 1211 2749 Alii

121 2773 177 2822 tiari
195 2770 305 2822 velient.
327 2800 354 2808 —
374 2772 558 2837 compositum
575 2771 649 2820 vide-
685 2772 842 2835 seiungunt:
859 2773 943 2833 eatae,
963 2773 1115 2837 (praeditus)
1132 2778 1213 2824 muta

122 2851 165 2898 tar
182 2861 199 2897 a
216 2847 276 2896 725.
295 2847 341 2896 aut
357 2846 415 2896 726.
684 2861 768 2905 noco;
788 2846 836 2897 sed
855 2850 988 2911 praestat,
1008 2861 1118 2898 caumm
1133 2848 1212 2898 huius

150 2923 176 2971 λ.
194 2919 313 2984 Panem]
333 2919 380 2970 Od.
400 2920 429 2979 λ,
449 2918 648 2980 te,6:1>tono-
684 2920 832 2970 velocitatis
850 2922 906 2971 sive
927 2923 1042 2986 impetus
1059 2921 1210 2984 significari.

121 3009 167 3058 pue
192 2994 287 3045 Bacchi
308 2999 408 3056 pectore
432 2994 560 3044 turbidam
582 2993 647 3043 Loe-
684 2993 776 3044 Talem
801 2992 1018 3059 ἐνθουσιασμὸν
1048 2996 1209 3046 Bacchicam

119 3075 196 3120 totrrr.
217 3071 317 3118 Lucan.
336 3067 366 3129 9,
384 3067 446 3118 563:
473 3068 517 3117 ruo
534 3069 578 3116 deo
591 3067 648 3130 pte-
685 3069 787 3132 spirant
806 3081 849 3116 vv.
873 3069 995 3118 Pratinae
1019 3069 1091 3132 apud
1113 3070 1209 3119 Athen.

118 3157 172 3194 nur.
204 3171 233 3179 -
261 3143 424 3206 praepositio
446 3143 473 3191 tn
490 3142 524 3192 ad
542 3145 648 3191 utrum·
686 3140 730 3201 tt,
752 3141 783 3191 8:
810 3133 914 3205 Ἕμός,
943 3137 1015 3206 ἐμὸς
1032 3137 1050 3190 ὀ
1068 3139 1210 3211 Βρόμιος·

121 3231 174 3282 que
193 3229 292 3267 nomen
310 3218 439 3282 pertinet,
458 3218 487 3266 ut
498 3217 568 3278 Virg.
579 3216 645 3265 Aen.
682 3208 751 3279 Ἐμὲ
767 3213 812 3263 δεῖ
826 3212 972 3287 κελαδεῖν]
991 3214 1043 3279 ἐμὲ
1059 3212 1105 3264 δεῖ
1119 3229 1213 3265 πατα-

119 3291 149 3351 6,
163 3291 226 3341 caaz
248 3291 315 3352 Quas
331 3303 375 3354 opo
392 3296 415 3340 tc
431 3295 513 3340 terras
530 3295 553 3339 ot
569 3303 649 3350 quon·
684 3293 745 3356 γεῖν
753 3283 803 3338 ’Διΐ
815 3282 885 3358 ὄρεα
895 3283 1023 3353 eriptam
1033 3284 1107 3352 μετὰ
1118 3286 1212 3338 Ναϊά-

121 3369 148 3414 ta
160 3379 211 3427 per
223 3377 338 3425 munero
348 3369 445 3414 vectum
455 3364 574 3425 Accipio!
600 3363 648 3426 (nd
685 3362 751 3414 δων.
764 3393 791 3399 -
802 3363 891 3425 witru
900 3361 994 3426 Annis]
1006 3363 1078 3411 Nova
1092 3363 1159 3413 haec
1172 3367 1213 3413 cst

121 3437 277 3490 huiusmodi
308 3439 533 3503 praepositionum
568 3449 647 3487 usam
686 3439 871 3502 interrogatio,
890 3451 944 3487 non
961 3439 991 3487 ut
1002 3435 1044 3486 aiii
1055 3449 1138 3500 prave
1151 3439 1213 3501 post

120 3514 166 3564 eir.
181 3513 264 3577 Soph.
283 3513 320 3563 iii.
335 3513 389 3564 493,
410 3513 475 3564 Oed.
492 3514 552 3576 Tyr.
574 3513 646 3562 ⁴205.
685 3529 752 3564 nova
777 3523 883 3562 comma
908 3515 1069 3576 posuemnt,
1104 3511 1210 3573 pum,

120 3591 146 3638 et
157 3586 234 3638 4349.
255 3587 288 3650 (h.
306 3586 323 3636 Ι.
337 3599 400 3637 cum
412 3587 540 3637 Dindorfli
551 3587 646 3637 Annot.
686 3590 730 3653 qui
748 3585 878 3638 ablativus
895 3587 937 3636 est
952 3585 1117 3649 pronominis
1132 3585 1213 3636 inter

119 3662 145 3710 in
155 3661 205 3711 Ed.
226 3661 319 3724 Oxou.)
338 3661 426 3726 Earip.
439 3659 570 3712 iieraciid.
584 3661 645 3710 755:
685 3663 795 3726 rogativi
814 3662 865 3727 (rin
889 3660 1022 3725 quaeso),
1049 3671 1098 3724 pro
1121 3659 1210 3709 dativo

119 3733 220 3786 Μέλλω
233 3731 285 3796 τᾶς
296 3731 484 3805 πατριώτιδος
495 3731 566 3800 γᾶς,
578 3733 649 3784 Μελ·
684 3737 817 3788 habentes
833 3735 997 3802 pronominis
1014 3733 1114 3784 relativi
1131 3745 1212 3796 syno-

119 3808 158 3858 λω
176 3809 242 3879 περὶ
255 3805 311 3857 τῶν
322 3806 421 3874 δόμων
439 3807 648 3859 --κίνδυνον-
685 3825 768 3875 nymo
793 3810 845 3861 abi.
873 3825 891 3861 a
913 3810 1014 3873 nouus,
1045 3810 1072 3858 et
1099 3808 1209 3868 audiar,

120 3886 225 3947 τεμεῖν.
245 3883 383 3947 Antipater
399 3883 452 3933 Siti.
467 3883 544 3934 anth.
560 3882 612 3932 Pai.
626 3885 645 3932 i.
685 3886 758 3948 quod
770 3888 800 3934 ut
816 3887 900 3934 αλοαω
915 3887 957 3934 est
972 3884 1091 3933 faturum
1109 3879 1211 3930 indica-

119 3971 144 4021 p.
165 3957 232 4007 ⁴89:
262 3953 320 4006 Τὸν
344 3956 399 4021 μὲν
423 3953 479 4028 γὰρ
496 3953 646 4021 ξυλόχων,
685 3960 739 4019 tivi,
749 3971 798 4023 pro
808 3959 985 4008 coniunctivc.
1000 3957 1052 4006 Cir.
1063 3954 1212 4006 Diiienbar-

119 4027 170 4080 τὸν
188 4029 210 4080 δ’
229 4024 331 4101 ἠέρος,
359 4027 394 4080 ὃν
418 4030 441 4081 δ’
460 4026 520 4081 ἀπὸ
544 4030 647 4096 λίμνας
684 4046 733 4097 ger
748 4047 776 4098 p.
797 4033 836 4082 tt.
857 4034 984 4082 Ceterum
996 4036 1074 4080 outre
1086 4029 1210 4094 (Grottan)

119 4103 180 4154 κτλ.
199 4105 310 4155 Etcum
329 4105 565 4158 casibusdiversis
584 4107 647 4156 Leo-
683 4108 786 4169 cogita,
821 4105 908 4170 qualia
939 4105 1050 4168 pulchre
1078 4101 1209 4154 describit

121 4180 198 4229 nidas
215 4179 293 4230 Anth.
313 4179 366 4230 Pal.
386 4182 404 4230 i.
423 4193 483 4247 pag.
501 4181 566 4231 278:
597 4181 646 4230 cot
685 4180 843 4232 Plutarchus
860 4181 886 4229 S.
905 4181 936 4229 N.
954 4179 985 4228 V.
1003 4191 1030 4243 p.
1049 4179 1113 4228 565:
1132 4177 1210 4227 Βακ-

121 4253 170 4302 καλ
199 4249 291 4302 πολλὰ
320 4251 460 4323 προνήῑα,
490 4256 540 4304 καλ
569 4251 646 4324 παρὰ
685 4250 770 4314 χικόν
787 4248 894 4323 ἄντρον
911 4245 966 4323 ὕλῃ
983 4252 1032 4302 καὶ
1049 4248 1209 4323 χλωρότητι
