2934 4884
521 289 580 342 bili.
598 291 640 340 lv.
678 292 706 340 C.
726 292 757 342 ΙΙ.

253 449 376 534 Teque,
401 444 478 510 dum
500 444 662 532 procedit,
687 447 718 512 io
743 445 935 533 Triumphe,

253 570 322 632 Non
345 563 446 632 semel
469 563 635 642 dicemus,
660 566 691 632 io
715 565 905 654 Triumphe,

254 687 373 755 Civitas
394 687 500 754 (imnis
523 686 740 774 dabimusque
761 685 845 751 divis

382 807 488 875 Thura
509 807 666 896 benignis.

253 951 295 1014 Te
317 947 433 1014 decem
456 947 539 1014 tauri
562 946 763 1034 totidemque
783 966 924 1041 uaccae,

192 1107 234 1160 ie.
255 1109 333 1170 Teque
348 1106 456 1168 iibScd,
475 1110 530 1158 tres
546 1104 649 1167 Blend,
669 1106 761 1170 scripti
773 1117 869 1156 omues
880 1106 1041 1158 vetustiores
1051 1108 1178 1169 Bentleii,

157 1195 253 1233 omnes
264 1181 381 1232 Pottierii
392 1183 498 1245 praeter
509 1193 602 1242 unum,
616 1180 672 1230 LCJ
680 1195 685 1228 :
707 1181 790 1242 Tuque
800 1181 867 1230 Pott.
879 1180 932 1240 22,
945 1181 1009 1241 ciii,
1020 1182 1093 1244 icore
1102 1184 1180 1234 Bent-

156 1255 224 1307 ieius
241 1256 310 1307 coni.
337 1280 365 1292 -
386 1255 499 1316 procedit
515 1257 550 1316 B,
576 1253 686 1306 firmem
706 1255 739 1304 D.
758 1254 856 1304 Heinsii
877 1255 947 1304 coni.
966 1267 982 1304 e
999 1257 1138 1320 iiutgersio
1153 1262 1181 1307 ei

155 1329 274 1382 Bentleio
289 1331 439 1394 receptum:
454 1330 570 1392 mercdis
584 1327 657 1378 bScd
669 1341 731 1400 cum
743 1329 842 1379 ceteris
852 1327 927 1380 iibrio
937 1330 1006 1382 uotis
1018 1332 1046 1380 et
1056 1332 1177 1383 LCti'iss.

123 1471 245 1522 omnium
278 1467 493 1531 antiquissimum
529 1469 649 1518 nostrum
687 1467 812 1531 ponendo
837 1468 909 1531 iscire
933 1482 982 1533 pro
1003 1469 1102 1522 Horatii
1122 1471 1212 1534 Teque.

124 1543 189 1596 Ccd.
208 1543 228 1593 B
246 1541 412 1602 firmantem,
436 1541 509 1605 quod
526 1544 557 1593 D.
572 1543 651 1592 Hein-
687 1543 811 1592 Omnium
837 1545 928 1593 eutem
954 1543 1070 1594 menime
1087 1545 1154 1594 mire
1171 1547 1213 1596 est

123 1619 179 1668 sius
196 1615 369 1667 etiientieius
383 1616 515 1679 sagaciter
525 1615 651 1666 viderunt
687 1615 819 1666 distinctio
854 1615 902 1666 Ed.
930 1615 1209 1670 Gesnerobotbienee:

123 1705 172 1757 pro
189 1705 216 1742 v.
231 1693 362 1753 procedis,
380 1694 443 1740 ueto
461 1703 493 1741 ex
510 1703 592 1754 preve
606 1703 651 1740 ec-
686 1703 796 1751 caucm,
814 1696 913 1754 recepto
924 1691 1209 1756 materiemque.

123 1765 338 1817 commodationis
356 1763 391 1814 ed
408 1763 469 1814 ieet.
496 1771 582 1826 tuere,
609 1763 649 1814 ie·
685 1766 755 1814 Dice
774 1766 899 1826 meede.
928 1793 956 1802 -
989 1767 1116 1818 Ceterum
1137 1771 1211 1818 recte

123 1839 241 1904 gendum
277 1852 338 1890 esse
363 1839 478 1901 procedit
504 1841 646 1902 Augmtus.
686 1839 740 1888 iem
751 1837 913 1889 Scholiastee
930 1842 1035 1890 cuncti:
1055 1842 1212 1906 «idipsum

124 1915 196 1977 (iiii-e
216 1915 307 1962 eutem
323 1926 356 1963 ec
377 1926 464 1977 poene
486 1912 649 1963 incredibili·
685 1913 861 1977 Triumphum
877 1926 1024 1966 conversus
1033 1915 1212 1966 secreeccie-

123 1991 164 2038 ter
180 1985 262 2050 tiegei
287 1987 437 2047 contendit,
464 1988 534 2037 benc
559 1999 649 2038 meem
686 1987 802 2038 metione
815 1987 867 2036 boe
883 1987 974 2038 dicit.»
994 2013 1022 2025 -
1041 1989 1132 2039 «Niobe
1148 1991 1212 2040 biorn

122 2062 279 2122 tectionem,
306 2075 375 2126 quae
404 2063 523 2113 innititur
547 2061 647 2122 codici,
686 2064 767 2124 teque
784 2061 845 2110 oder
860 2064 959 2124 tuque,
986 2063 1052 2112 aecii
1067 2063 1146 2126 dum,
1165 2065 1212 2114 des

122 2139 150 2186 ut
164 2137 220 2186 hoc
237 2134 327 2186 denuo
344 2136 489 2198 inculcem,
519 2137 650 2201 antiquis·
686 2137 772 2186 Horez
792 2136 859 2184 occi
880 2137 936 2185 dem
956 2141 1037 2186 ersten
1052 2137 1134 2187 Burbc
1153 2139 1211 2188 nir·

122 2211 190 2261 simo
218 2211 287 2260 inter
312 2221 407 2261 omnes
437 2209 525 2260 adbuc
552 2213 647 2272 notos,
683 2210 750 2274 pond
764 2210 793 2258 iu
809 2210 857 2259 den
871 2211 995 2260 Carmine
1012 2213 1143 2262 onweudei
1158 2215 1211 2263 wid

122 2286 219 2336 idonee
236 2286 393 2335 auctoritate
410 2285 565 2335 destitutum
577 2299 646 2336 esse.
685 2283 818 2346 eicicenci
833 2283 867 2348 (z.
883 2284 913 2334 B.
931 2284 976 2333 Od.
995 2284 1025 2345 i,
1039 2286 1084 2345 ti,
1096 2286 1138 2336 ie.
1156 2288 1210 2337 uod

123 2358 191 2419 Quid
203 2361 294 2408 eutem
307 2359 473 2410 manifestius
485 2371 566 2422 quem
579 2372 646 2410 exv.
684 2359 711 2408 ie
727 2359 807 2420 Epod.
826 2361 858 2419 e,
877 2359 918 2408 55.
941 2359 988 2407 mii
1004 2359 1052 2408 den
1067 2360 1143 2419 iim,
1168 2374 1209 2410 wo

123 2434 230 2484 Caesare
252 2433 295 2482 bic
312 2431 434 2483 ieciiiime
452 2435 537 2496 repeti
555 2434 649 2484 Caesar
685 2446 749 2484 cum
771 2433 816 2495 fiir
840 2434 888 2482 den
908 2433 1009 2496 Bepriff
1026 2445 1073 2481 zur
1097 2433 1153 2483 Zeit
1168 2447 1209 2484 no

118 2505 250 2569 precedit?
267 2506 301 2556 dc
313 2519 380 2569 quo,
398 2509 491 2571 utpote
503 2507 649 2571 triumphe·
685 2509 731 2558 ctos
748 2507 851 2572 herrm)
868 2506 1051 2558 coemite»
1061 2508 1104 2568 ist,
1116 2509 1209 2558 scirem

121 2585 193 2643 tore,
213 2581 381 2644 aptissimum
399 2583 442 2632 esi
458 2580 509 2631 hoc
523 2581 645 2643 verbum,
684 2585 724 2632 ein
749 2583 818 2632 Flicit
848 2587 908 2633 stuc
932 2582 978 2632 der
1000 2583 1209 2646 ursprtiupiicbm

121 2655 153 2706 de
166 2655 365 2720 spectatoribus
382 2667 447 2706 voro
463 2653 541 2720 longe
559 2658 647 2706 miuus
682 2658 772 2706 iecori
793 2670 828 2707 eo
851 2658 929 2706 sein.»
960 2657 1120 2707 cummim.
1156 2657 1209 2707 Sed

122 2741 270 2794 congruum
282 2729 405 2794 videtur.)
434 2731 463 2780 ln
483 2731 535 2781 hoc
556 2733 647 2781 nutem
684 2733 749 2796 quid
770 2731 988 2783 substituendum
1010 2733 1045 2781 sit
1060 2729 1207 2795 perticuiee

120 2807 216 2868 poetee
246 2802 452 2871 ἐνθουσιασμῷ
482 2806 591 2855 minime
621 2806 646 2854 in
683 2808 758 2868 dom,
776 2805 912 2870 quomodo
926 2804 1055 2870 legendus
1067 2808 1139 2856 totus
1148 2819 1209 2856 ver·

122 2893 154 2929 eo
171 2877 310 2929 oiiendere
337 2877 484 2940 debemus,
513 2879 586 2942 quod
603 2879 646 2930 bic
684 2881 798 2943 siculus,
818 2880 908 2931 dicere
924 2879 1002 2932 nobis
1019 2880 1208 2944 dignetusnon

121 2953 296 3017 iiiumphum
323 2955 350 3002 et
370 2953 480 3016 stropha
496 2955 644 3016 sequente,
684 2957 733 3007 est.
770 2955 802 3004 Et
817 2956 1017 3018 noveproiectc
1033 2956 1097 3005 mihi
1112 2956 1210 3006 eccidit

120 3027 277 3090 interposito
294 3028 385 3076 mmcd
403 3027 538 3077 communi
561 3026 645 3077 verbo
683 3029 803 3079 doctrine
837 3029 886 3080 iste
912 3029 947 3078 de
971 3033 1039 3093 pert.
1066 3031 1143 3091 dien,
1173 3031 1208 3080 eb

120 3102 236 3151 ἀαὺίπιω
261 3101 336 3164 (rego
363 3101 390 3151 et
412 3103 440 3150 tu
462 3114 548 3164 ecque
565 3103 646 3165 etque
683 3103 791 3155 Horatio
822 3105 885 3167 post
917 3104 1072 3154 Cormiuum
1103 3104 1159 3154 Lib.
1187 3107 1206 3154 i.

121 3187 216 3226 omnes
237 3173 334 3236 cives»)
361 3174 497 3224 secundae
514 3188 646 3239 personne
683 3188 817 3241 nusquam
828 3177 973 3238 usurpem
991 3177 1125 3240 reperitur
1136 3179 1229 3230 enim-

120 3249 279 3314 pronomine
291 3259 385 3300 rursus
397 3247 538 3313 alloquitur
549 3249 643 3302 lulum.
682 3253 730 3303 Od.
749 3252 778 3311 2,
798 3250 828 3311 3,
848 3251 887 3299 45.
913 3250 959 3311 io,
978 3250 1002 3299 2.
1029 3251 1075 3310 tt,
1096 3251 1136 3300 46.
1164 3252 1205 3313 te,

119 3325 182 3376 Post
205 3325 326 3374 nostrum
349 3321 492 3374 lectionem
518 3338 533 3373 e
559 3324 643 3374 codd.
682 3328 722 3377 ee.
742 3324 790 3376 0d.
809 3323 839 3385 3,
858 3325 888 3384 Ἰ,
908 3324 948 3373 48.
973 3325 1019 3384 44,
1037 3323 1078 3372 23.
1100 3324 1145 3385 47,
1165 3325 1205 3377 ie.

120 3399 266 3450 maximam
291 3397 373 3448 hebet
398 3399 583 3450 auctoritatem
601 3400 646 3449 Te-
682 3403 727 3464 20,
747 3401 771 3450 9.
800 3396 903 3460 imi.
933 3396 1017 3457 30,8.
1048 3397 1095 3447 Od.
1115 3397 1144 3458 i,
1164 3400 1205 3461 ii,

120 3487 179 3536 ece,
205 3475 266 3522 dum
277 3473 411 3534 procedis,
437 3473 538 3534 idest,
565 3473 644 3524 edum
681 3477 738 3533 264
766 3486 830 3536 ergo
848 3474 957 3538 praeter
974 3472 1096 3521 nostrum
1117 3471 1206 3523 iocum

121 3550 162 3610 tu,
181 3548 346 3611 Triumphe,
364 3548 501 3612 procedis,
521 3548 547 3597 in
566 3550 646 3614 Cepi·
682 3549 820 3600 undecies.

120 3623 214 3674 toiium
232 3621 366 3672 duceris.»
401 3623 487 3674 Tertio
504 3636 537 3674 ex
554 3635 647 3675 corre-
714 3625 755 3675 ce.
775 3623 867 3685 ibero]
885 3621 990 3673 Adoieri
1011 3618 1134 3672 solemni
1148 3621 1209 3672 thu·

120 3699 206 3748 ctione
234 3697 295 3746 nete
321 3697 379 3746 est:
407 3697 491 3760 Tuque
509 3698 569 3748 dein
581 3713 646 3760 prc-
682 3713 711 3750 ru
734 3700 761 3748 in
780 3699 832 3749 eris
852 3696 1020 3762 temporariis
1039 3709 1089 3760 per
1105 3694 1207 3760 pietees

120 3774 198 3834 meis,
228 3773 368 3833 cnutoni»,
395 3775 425 3822 ut
446 3771 566 3837 plerique
590 3777 645 3825 ste-
682 3777 709 3826 et
729 3788 821 3835 urceo,
841 3787 908 3838 quos
924 3785 1023 3838 pompe
1040 3770 1207 3835 triumphalis

120 3849 211 3906 tuuni,
238 3844 281 3896 elii
298 3845 374 3908 oiim,
393 3861 425 3897 «o
442 3846 512 3897 Sol.»
545 3849 645 3898 Verum
682 3850 831 3912 attingeret,
845 3849 995 3898 exobuctis.
1013 3846 1204 3908 SicVirg.Aen.

120 3935 201 3985 quem
220 3921 326 3984 ineptae
344 3934 438 3972 omnes
458 3923 524 3972 istae
536 3923 588 3972 sint
606 3922 646 3973 ie·
682 3925 710 3985 8,
722 3925 784 3973 roe:
803 3920 1140 3980 oneres--iboraduboci,
1159 3918 1205 3968 ubi

121 3998 237 4058 odones,
262 3995 331 4045 adeo
357 3995 428 4047 ciere
454 3996 646 4047 demonstravit
682 3997 803 4048 Servius:
819 3995 1203 4046 «Verbosecrorumususesi.

121 4070 267 4132 Bentleius,
292 4071 322 4119 ut
342 4069 450 4121 reiuturi
472 4072 579 4121 omuino
596 4083 645 4121 ne·
682 4074 748 4122 iiam
775 4070 827 4120 dici
851 4068 956 4119 sciebat
972 4069 999 4118 in
1016 4069 1116 4118 sacris:
1146 4069 1204 4124 DA,

122 4147 214 4208 queet,
236 4146 287 4196 etsi
303 4145 393 4196 minus
406 4144 465 4196 ieiin
481 4145 530 4196 tuit
544 4146 569 4196 in
581 4159 646 4209 pro-
681 4157 748 4205 ouoo
764 4155 861 4206 orem,
879 4154 1204 4195 permoneremus.»
1252 4201 1255 4204 p
