2934 4884
677 381 806 430 llORATll
824 382 993 433 conuincti

461 539 567 605 Crede
590 560 653 605 non
676 538 763 603 illam
784 538 840 604 tibi
863 536 904 603 de
928 536 1065 603 scelesta

461 660 560 727 Plebe
582 659 747 735 dilectam,
775 680 882 747 noque
906 658 952 724 sic
975 656 1121 730 fidelem5

460 782 513 848 Sic
535 782 626 849 lucro
648 802 796 847 aversam
817 780 962 867 potuisse
989 780 1076 845 nasci
1169 848 1172 857 ¹

589 904 688 969 Matre
711 901 873 989 pudenda.

459 1062 595 1130 Brachia
617 1072 650 1128 et
674 1060 793 1127 voltum
816 1072 1000 1147 teretesque
1023 1082 1116 1125 suras

467 1186 595 1271 integer
616 1182 729 1261 laud0;
753 1182 826 1269 luge
849 1182 1020 1269 suspicari,

461 1306 561 1372 Cuius
583 1316 733 1372 octavum
755 1300 927 1389 trepidavit
950 1312 1039 1368 actas

589 1424 748 1493 Claudere
770 1418 914 1490 lustruml

359 1628 398 1677 48.
418 1626 537 1675 &lectore
553 1624 625 1684 net.
641 1625 702 1687 (non
718 1622 831 1686 BbScd.)
847 1650 874 1658 -
894 1621 933 1671 49.
948 1623 1080 1671 adversam
1091 1620 1108 1671 d
1121 1624 1147 1672 et
1159 1621 1200 1671 alii
1218 1622 1346 1673 nonnulli.

324 1700 390 1750 Vide
402 1701 465 1751 lani.
481 1726 507 1735 -
520 1700 561 1749 it.
575 1698 735 1759 meropes
746 1699 773 1747 et
783 1709 823 1759 pr.
839 1697 866 1746 T.
880 1724 906 1733 -
920 1696 960 1747 ii.
976 1696 1086 1746 Condere
1096 1694 1205 1747 Bentleii
1217 1698 1346 1761 suspicio.

293 1873 392 1937 χεῦεν·
422 1875 476 1941 04η
503 1874 528 1925 δ’
553 1870 689 1938 ἀφνειοῖο
713 1873 817 1926 desolo·
854 1873 912 1925 lidis
925 1874 1050 1925 ¹formum
1072 1874 1175 1935 laudat,
1201 1875 1274 1923 extra
1298 1874 1385 1944 εἰρω-

294 1951 401 2001 σθετσα
417 1948 523 2016 δόμοιο
534 1948 642 2017 Ληῐάς,
661 1943 698 2017 ἢν
708 1964 740 1999 τε
751 1951 817 2000 νέον
854 1949 933 1999 νείαν
956 1948 1041 2012 positu
1062 1952 1140 2013 puto;
1166 1962 1228 1999 nam
1250 1950 1324 1998 omni
1342 1948 1385 1998 le-

292 2021 403 2097 πάνρης
419 2020 618 2088 ἀπενόσφισεν
630 2023 701 2076 aloa
711 2022 772 2075 κτλ.
788 2052 814 2060 —
854 2036 920 2087 pore
949 2036 980 2072 ac
1005 2025 1144 2073 venustate
1173 2021 1310 2087 spoliatur·
1328 2023 1385 2073 hoc

291 2103 394 2152 Pennus
415 2104 505 2152 autem
525 2103 606 2163 iniqui
627 2103 690 2152 sunt
706 2112 817 2165 «parum
855 2092 994 2167 ᾠδάριον,
1020 2096 1067 2146 ubi
1089 2110 1142 2147 non
1160 2096 1247 2147 solum
1264 2100 1384 2147 astutam

291 2176 407 2240 propitii,
426 2178 553 2239 quoniam
564 2176 680 2240 patrium
691 2173 817 2237 Phyllidis
855 2174 883 2223 ot
899 2170 1054 2235 quaesticuli
1072 2170 1210 2235 cupidum,
1232 2171 1385 2221 sedetiam

293 2263 407 2314 regnum
425 2252 504 2301 ttrturi
518 2250 685 2301 noluerunt.»
855 2246 1005 2297 deformem
1034 2244 1182 2310 Phyllidem
1209 2246 1256 2296 tibi
1284 2247 1383 2309 lingas.

326 2326 366 2376 47.
391 2326 525 2375 Scelestom
544 2328 624 2375 vocat
647 2322 757 2389 plebem
776 2322 818 2372 in·
858 2348 884 2357 -
901 2326 1035 2382 teretesque
1048 2321 1130 2384 noros]
1141 2322 1258 2371 Lactant.
1270 2320 1304 2370 de
1318 2322 1387 2383 Opi-

292 2399 390 2449 flmam‘
399 2402 543 2463 propterea
555 2399 627 2463 quod
639 2398 673 2448 ab
686 2397 818 2449 eiusmodi
855 2394 915 2445 licio
933 2394 976 2445 dei
994 2396 1022 2444 ti:
1044 2409 1118 2445 euros
1134 2396 1263 2445 clernertter
1280 2401 1387 2445 adon-

293 2474 410 2523 maximo
427 2472 581 2523 hominibus
598 2472 715 2534 scelera,
735 2472 819 2522 homi·
855 2476 889 2519 tes
905 2472 1042 2530 sensimque
1059 2474 1183 2519 maumas.

293 2545 376 2607 cidiu,
401 2548 509 2611 rapinae
527 2549 665 2611 patrantur
681 2546 816 2597 sordidus·
887 2546 928 2595 22.
947 2544 1052 2608 loteqer]
1073 2545 1144 2595 asine
1162 2542 1214 2594 ullu
1226 2543 1384 2608 cupiditate.

292 2634 345 2684 que
371 2622 498 2683 quaestus
521 2622 670 2671 exercetur.
708 2623 738 2671 In
755 2622 818 2685 Epi·
855 2619 983 2669 innocens
1017 2622 1045 2668 et
1076 2620 1183 2679 caseis,-
1214 2620 1305 2681 utpote
1339 2620 1387 2667 cui

292 2695 440 2757 grammme
465 2693 536 2757 npnd
565 2694 740 2745 Scholiastam
764 2698 818 2746 Ae·
855 2695 964 2744 minime
982 2694 1150 2757 propositum
1167 2694 1213 2753 sit,
1232 2691 1302 2742 illam
1320 2706 1336 2741 a
1356 2694 1386 2741 te

292 2768 392 2818 echinis
414 2767 523 2831 (Bertcltt
542 2770 605 2819 iiber
625 2770 665 2819 die
684 2770 815 2819 Verliondt.
855 2767 981 2819 divellere
994 2769 1112 2831 mihique
1124 2766 1290 2818 conciliare.»
1307 2768 1387 2817 llaec

292 2844 337 2892 der
360 2840 392 2891 K.
415 2842 511 2892 Ρνενεε.
535 2842 669 2893 Altodernie
691 2846 715 2893 d.
743 2846 815 2895 Win.
855 2846 943 2894 omnia
961 2845 1059 2893 iocose.

293 2915 366 2966 4836.
385 2930 412 2981 p.
433 2916 496 2979 43.);
515 2912 567 2966 τὸν
583 2914 747 2989 κατάρατον
758 2916 817 2984 Δῆ-
862 2918 928 2983 43.
960 2916 1100 2981 trepidavit]
1130 2917 1255 2967 «Etenim
1286 2916 1386 2979 rapido

291 3004 349 3054 μον
362 2982 528 3055 Ἀθηναίων.
854 2993 984 3057 temporis
1009 2992 1125 3043 decursu
1151 2992 1204 3041 iam
1229 2989 1387 3053 quadrage-

327 3069 366 3119 l8.
386 3066 512 3132 dilectem
532 3068 702 3129 «amatam»,
721 3070 751 3117 ut
767 3068 815 3118 Od.
854 3068 943 3117 uerius
966 3066 1050 3118 iactus
1072 3079 1132 3117 sum
1150 3066 1271 3129 adeoque
1289 3066 1385 3115 minus

297 3142 331 3203 2,
358 3142 391 3202 t,
419 3142 470 3203 ti„
497 3136 555 3192 non'
578 3142 734 3204 «selectam,
762 3142 818 3193 elo·
855 3142 907 3191 iam
930 3154 1080 3206 propensus
1104 3140 1139 3190 ad
1158 3152 1204 3190 res
1221 3152 1385 3189 venereus.»

293 3217 394 3277 enm»,
413 3217 440 3265 in
457 3228 538 3279 quem
555 3216 718 3280 frigidiorem
733 3218 819 3267 inter-
855 3217 1039 3279 compositum
1051 3216 1129 3278 igitur
1141 3217 1182 3265 est
1193 3226 1303 3264 carmen
1315 3228 1340 3263 a.
1351 3226 1384 3263 u.

292 3292 470 3353 pretationem
482 3291 668 3356 propendebat
678 3293 735 3356 ipse
747 3294 818 3345 Ben-
855 3304 879 3341 c.
898 3291 954 3341 ius.
975 3292 1088 3340 exeunte
1111 3289 1154 3339 vel
1178 3290 1250 3339 initio
1274 3302 1298 3338 a.
1320 3288 1384 3338 730.

292 3362 379 3415 tleius.
401 3392 428 3401 —
446 3366 482 3414 aio
499 3367 604 3431 fldelenr]
627 3365 756 3418 Omnibus
776 3368 817 3419 his
887 3364 927 3415 24.
953 3366 1075 3416 &audem
1097 3364 1173 3423 dicit,
1200 3377 1253 3413 non
1276 3364 1389 3413 condere

291 3442 354 3490 κατ’
383 3440 530 3511 εἰρωνείαν
558 3442 690 3492 contraria
716 3441 817 3504 signifi-
853 3440 969 3501 introeo,
989 3439 1110 3489 censorie
1128 3438 1241 3489 formula
1259 3436 1387 3488 consulto

292 3516 346 3563 cari
367 3517 487 3579 apparet.
855 3514 1005 3574 abstinens,
1024 3526 1092 3577 quae
1110 3515 1137 3563 in
1156 3514 1213 3564 eius
1225 3526 1271 3563 ore
1289 3514 1387 3563 nescio

323 3589 364 3637 io.
392 3590 476 3638 Matre
493 3589 621 3654 podeido]
646 3602 736 3652 aquae
761 3590 817 3654 ipsu
856 3588 920 3651 quid
951 3589 1033 3651 inepti
1066 3586 1212 3640 habuisset.
1259 3588 1387 3649 Figurate

292 3674 400 3725 quoquo
421 3661 515 3712 aneilla
538 3663 645 3723 luisset,
672 3665 744 3713 servi
770 3662 818 3713 ali·
855 3665 947 3713 contra
958 3663 1057 3726 optime
1069 3666 1165 3726 poetae
1175 3662 1265 3713 dicunt
1277 3663 1390 3713 condere

292 3736 369 3785 euius
386 3734 599 3798 contubernalis,
618 3738 674 3788 sive
692 3737 817 3801 focaria»,
855 3739 920 3787 diem
937 3737 985 3788 0d.
1005 3736 1033 3798 i,
1053 3739 1081 3799 5,
1100 3738 1159 3799 ts,
1177 3738 1302 3788 contendo
1323 3750 1388 3787 oon-

292 3810 323 3856 ut
340 3811 504 3871 posteriores
521 3809 708 3874 loquebantur.
856 3814 913 3863 dero
932 3813 993 3861 eoloa
1010 3813 1080 3875 Virg.
1094 3811 1184 3875 Eclog.
1198 3812 1226 3872 9,
1245 3812 1297 3871 tt..
1316 3825 1385 3861 con-

326 3881 366 3928 ti.
385 3884 503 3949 Brootio]
522 3886 608 3947 llaec,
627 3886 726 3949 quibus
738 3887 819 3950 Phyl-
855 3889 913 3938 dere
930 3888 995 3938 seclo
1012 3889 1115 3938 Luerot.
1135 3887 1163 3948 3,
1184 3886 1256 3936 4403.

718 4130 950 4139 -ι--ι-ῌ--ι

719 4140 950 4150 ..nn-...fl-
