2934 4884
483 316 542 365 tta.
566 315 607 364 lV.
643 314 672 364 C.
692 314 733 365 Ν.

220 470 340 537 Mittam
363 468 538 559 superbos:
563 470 696 547 occidit,
721 470 841 537 occidit

263 593 346 679 Spes
369 592 473 657 omnis
496 601 529 658 et
550 590 677 658 fortuna
698 593 799 658 nostri

304 712 446 780 Nominis
469 712 671 781 Hasdrubale
694 714 896 801 interempto.

219 872 267 938 Nil
292 871 446 939 Claudiae
469 892 533 939 nen
556 871 724 959 perficient
746 892 875 949 manus,

221 996 309 1073 Quas
329 1004 362 1059 et
382 993 522 1081 benigno
545 994 676 1059 numine
699 992 843 1079 luppiter

263 1115 412 1181 Defendit
434 1125 466 1181 et
489 1135 588 1181 curae
612 1135 748 1202 sagaces

305 1236 487 1323 Expediunt
507 1257 567 1323 per
589 1246 683 1303 acuta
704 1235 789 1303 belli.

161 1406 200 1456 73.
220 1406 288 1457 4444444
303 1407 332 1456 Τ.
348 1434 374 1441 -
384 1408 519 1471 palicium
534 1408 563 1467 T,
583 1405 717 1457 «Blandin.
736 1409 882 1467 vetustiss..
901 1408 968 1459 alter
984 1407 1068 1460 Palm.
1081 1410 1151 1473 opti-

129 1494 188 1531 mus
206 1480 358 1545 etquidem
383 1480 539 1543 Lambini»,
568 1480 719 1543 Bentleius,
745 1484 881 1547 4444444444
904 1484 1021 1533 Pettierii
1043 1485 1072 1543 a,
1100 1482 1149 1544 44,

128 1555 233 1617 efficiant
259 1568 321 1605 cum
347 1554 431 1605 Codd.
454 1553 514 1619 aliq.
541 1555 670 1617 (Poltierii
686 1558 701 1608 2
719 1559 748 1608 et
771 1558 805 1619 6.)
832 1556 985 1609 Glareanus.
1021 1560 1062 1621 (Ut
1086 1571 1149 1617 444,

128 1630 239 1693 nosce.)
259 1657 286 1667 -
305 1630 345 1680 75.
364 1632 495 1681 Descendit
512 1631 539 1679 T.

98 1794 151 1829 σιν.
167 1806 194 1816 -
208 1780 264 1829 iam
278 1778 381 1829 ‘similes
398 1778 551 1831 Hannibalis
563 1792 622 1829 ora-
658 1792 716 1829 ram
734 1780 869 1831 fortunam
880 1782 1039 1833 vaticinatus
1051 1783 1085 1833 sit
1102 1783 1183 1833 ettam

98 1855 181 1905 tiones
209 1852 295 1903 habes
321 1854 393 1917 apud
417 1855 472 1904 Liv.
498 1854 544 1915 at,
572 1852 618 1905 tt:
658 1854 756 1915 hostis,
775 1856 861 1905 iustus
878 1857 981 1906 44444444
997 1859 1185 1908 eorumaesti-

99 1929 173 1978 «Oeen
189 1942 218 1978 eo
240 1928 395 1987 nimirum»
419 1928 513 1991 inanit,
541 1930 622 1978 4444444
658 1929 771 1990 mator»,
791 1931 819 1979 et
835 1930 955 1993 proiecte
972 1930 1057 1992 magis
1069 1931 1183 1993 poetica,

98 2016 136 2051 res
156 2008 204 2063 est,
232 2003 276 2063 444
297 2016 342 2052 tice
358 2002 449 2053 bonam
465 2016 510 2053 nec
525 2004 622 2053 malma
658 2004 758 2066 quippe
781 2016 843 2054 cum
865 2006 904 2054 sic
926 2018 1035 2055 carmen
1057 2006 1135 2054 exeat
1157 2007 1184 2055 in

99 2077 163 2137 serre
178 2077 309 2140 fortunam
321 2082 409 2139 potest.
438 2078 488 2126 Seu
498 2078 569 2139 uicit,
586 2078 622 2141 se-
658 2075 811 2127 }lannibalis
836 2079 999 2128 vaticinium.
1039 2078 1082 2128 Sic
1107 2078 1182 2129 Piud.

98 2152 188 2201 recites
208 2152 285 2201 instet
304 2152 389 2211 oictis;
414 2166 457 2202 sen
476 2154 556 2202 victas
572 2158 620 2214 est,
658 2148 762 2214 Olymp.
792 2149 817 2201 4.
846 2152 948 2214 Ergini,
985 2165 1039 2203 uon
1071 2155 1181 2217 poetae,

101 2227 226 2275 instaurat
242 2240 299 2275 man
314 2226 449 2275 victoribus
464 2232 620 2277 certamen.»
659 2223 749 2274 verbis
765 2224 871 2285 finitur,
890 2227 970 2289 atque
987 2227 1062 2275 Nem.
1076 2227 1101 2276 4.
1114 2227 1185 2277 Tire·

99 2303 125 2349 et
142 2300 272 2351 tustinum
289 2300 333 2360 34,
352 2301 381 2349 b:
406 2301 483 2351 «Cum
499 2302 620 2362 Rmnono,
659 2298 714 2348 siae
738 2299 870 2348 vaticinio.
891 2325 919 2335 -
939 2300 1078 2363 perficient]
1102 2301 1185 2350 Futu-

100 2387 141 2424 sen
158 2376 319 2437 nominaveris
331 2374 406 2436 prior
422 2375 511 2436 aitqua
527 2389 570 2425 sea
585 2376 623 2425 oi-
659 2384 719 2423 rum
745 2386 778 2422 eo
809 2373 917 2422 nomine
947 2374 1078 2436 praestat,
1111 2374 1184 2437 quod

99 2450 173 2510 ceris,
192 2454 276 2497 temen
293 2448 369 2498 etiam
385 2462 442 2498 nem
457 2452 522 2499 victo
539 2456 562 2500 et
580 2452 622 2500 ic-
659 2446 848 2510 praedictionis
881 2448 962 2498 etiem
989 2449 1015 2497 in
1045 2450 1184 2512 posterum

99 2528 165 2572 cerate
182 2522 327 2572 taciendam
344 2536 420 2572 esse.»
658 2523 766 2585 tempus
790 2523 910 2586 speciem
936 2521 1033 2573 clarius
1060 2522 1182 2587 praebet.

129 2598 170 2647 69.
184 2598 224 2647 it).
237 2596 493 2659 nuntios-superbos]
508 2598 620 2657 Linus,
661 2621 689 2631 -
711 2596 816 2660 benigno
835 2597 945 2661 naeniae]
967 2596 1183 2658 incitabant,

99 2672 137 2723 ta.
155 2672 218 2735 post
237 2670 341 2721 cladem
360 2673 529 2723 Cannensem
546 2674 622 2735 Mago
660 2670 705 2722 at:
734 2678 833 2723 sanctos
860 2677 1021 2735 acceptosque
1044 2672 1186 2722 numinibus

100 2746 285 2808 Karthaginem
298 2746 409 2807 missus,
427 2744 469 2795 illa
485 2750 620 2797 enarrata:
660 2746 785 2797 04444444.

98 2820 131 2869 ad
144 2820 220 2882 444444
236 2846 250 2855 -
267 2823 320 2869 mm
341 2820 468 2871 4444444444
483 2834 570 2871 rernm
586 2821 624 2884 es·
692 2822 733 2871 75.
748 2822 788 2872 tc.
807 2836 884 2874 mirae
895 2822 1006 2887 macces]
1025 2814 1184 2889 «ἀγχίνοια,

98 2893 168 2955 maci
185 2893 346 2943 investibulo
363 2896 456 2945 euriae
470 2896 542 2945 iussit
556 2908 624 2945 444-
660 2894 781 2959 ipsorum
798 2897 931 2961 diligentia
950 2910 1011 2948 cum
1029 2897 1133 2960 ingenio
1153 2911 1186 2949 ac

99 2968 133 3017 tos
161 2982 253 3019 aureos
283 2968 416 3031 (equitum
442 2971 623 3020 Romanorum
661 2969 786 3032 prudenti
803 2970 913 3021 consilio
930 2972 1103 3031 coniuncta»;
1122 2985 1187 3021 neu-

99 3044 124 3091 in
141 3040 184 3092 illa
202 3044 259 3092 acie
281 3042 449 3105 caesorum),
477 3044 520 3106 qni
541 3050 625 3093 tuntas
660 3044 776 3105 tiquam,
805 3046 835 3094 ut
859 3042 914 3094 volt
939 3044 1040 3106 schel,
1067 3047 1186 3110 «optima

99 3130 203 3167 aenens
225 3116 286 3180 mit,
317 3122 346 3167 nt
370 3118 524 3167 mentientibus
548 3118 624 3168 climi-
661 3118 772 3179 Augusti
800 3116 938 3168 consilia·
971 3146 997 3153 -
1027 3119 1185 3185 Eapediant]

99 3192 167 3241 444444
184 3204 259 3254 snper
275 3196 325 3242 tres
339 3193 436 3242 modios
453 3194 561 3255 captasse
576 3194 626 3242 sint
663 3188 783 3240 italicam
800 3192 989 3255 susceptorum
1005 3192 1187 3254 periculorum

102 3268 206 3325 44444444
222 3270 344 3316 auctores.
662 3265 761 3314 exitum
786 3264 944 3328 praebent.»
977 3264 1049 3327 Virg.
1068 3267 1134 3315 Aen.
1153 3267 1185 3326 3,

130 3341 171 3390 72.
203 3340 359 3391 Hasdsaebote
383 3341 542 3405 intermipto]
568 3342 622 3391 Liv.
661 3339 724 3389 632:
751 3340 854 3389 34444444
875 3341 921 3389 dee
935 3340 1067 3402 flammasti
1082 3339 1149 3388 inter
1164 3344 1188 3388 et

101 3414 143 3474 43,
157 3415 201 3463 ⁴2:
220 3415 276 3464 Post
286 3414 475 3465 amenocta-
487 3416 625 3465 4444444444
661 3415 740 3463 testes
755 3413 893 3475 aspector.
914 3441 941 3449 -
960 3426 1009 3475 per
1025 3417 1103 3462 444444
1122 3412 1186 3473 belli]

100 3500 155 3537 crim
172 3489 247 3551 duee,
270 3489 401 3551 inquibus
416 3503 471 3553 spes
488 3491 567 3539 onmis
582 3504 625 3538 re·
662 3501 727 3553 «per
749 3501 845 3551 graves
867 3486 931 3538 belli
947 3486 1083 3537 molestias
1105 3490 1187 3551 atque

97 3564 180 3623 posita
195 3564 317 3613 victoriae
332 3565 431 3628 fueret,
451 3564 569 3625 4444444444,
588 3577 626 3613 44-
662 3563 750 3613 omnis
775 3563 880 3626 generis
905 3562 1088 3613 discrimina.»
1131 3562 1186 3611 Liv.

101 3640 227 3700 4444444444
240 3640 626 3703 4444444444344444444444444
662 3637 692 3697 6,
711 3636 755 3687 32:
781 3636 864 3686 subite
879 3637 943 3687 belli.
963 3636 1008 3696 33,
1027 3637 1071 3685 tl:
1096 3649 1189 3697 aspere

100 3713 174 3762 444444
191 3727 331 3764 concessant
349 3717 400 3764 cet.
662 3711 725 3762 belli.
752 3712 833 3762 Tacit.
847 3713 913 3762 llisl.
926 3712 956 3773 4,
973 3710 1017 3759 77:
1034 3708 1189 3772 proniorem

132 3787 173 3836 ta.
201 3786 242 3837 74.
272 3788 316 3838 Ν44
340 3788 473 3849 Ctesibica]
500 3790 569 3847 Nou,
597 3789 625 3837 ut
662 3787 766 3836 incerto.
790 3785 879 3848 4,23;
897 3786 1006 3850 (crinito
1025 3784 1088 3833 belli.
1119 3784 1149 3833 ll.
1168 3782 1185 3832 Ι.

101 3859 142 3910 4444
164 3860 271 3922 volunt,
299 3863 366 3912 haec
389 3876 421 3913 ex
443 3866 539 3926 poetae
562 3876 626 3926 per·
664 3860 718 3909 lere
741 3860 856 3920 dictum,
883 3863 913 3909 ut
932 3858 1013 3909 morbi
1032 3858 1113 3918 acati,
1140 3870 1188 3906 ve-

101 3948 165 3987 sona
182 3938 253 3987 dicta
271 3939 344 3999 sunt,
364 3936 412 3987 sed
428 3934 565 3987 Hannibali
579 3936 625 3985 tri·
662 3935 803 3985 hementes
821 3934 992 3996 celeremque
1010 3933 1126 3981 mortem
1141 3932 1189 3981 4444-

102 4008 222 4071 buenda;
242 4024 311 4075 quae
328 4012 433 4061 ratioet
451 4010 627 4061 honoriticen-
663 4012 765 4061 nantes.
780 4006 1099 4067 sinemurensem:
1119 3999 1189 4069 ὀξὺν

102 4084 151 4132 4444
163 4089 204 4135 est
216 4084 376 4143 Neronibus,
391 4085 503 4150 «quibus
515 4098 626 4150 prospe·
655 4076 755 4154 Ἄρηα.

606 4253 612 4257 .
633 4251 759 4258 Φ.....--.--.
