2934 4884
686 308 814 356 llORATll
835 308 1003 359 (tththtJli

1004 466 1023 497 O

626 528 991 587 achnst
1032 533 1056 587 Ι.

723 668 946 720 dursti-tl.

374 816 516 868 «Vindelici
529 816 681 868 incolebant
691 818 760 866 inter
772 816 935 878 Danubium,
948 819 1051 868 Aenum
1064 822 1091 869 et
1105 818 1193 869 lacum
1205 820 1392 882 Brigantinum:

307 902 383 953 Raeti
401 900 463 951 inde
481 916 496 951 a
514 900 656 952 Vindelicis
678 900 818 951 meridiem
842 914 937 952 versus
958 914 1045 965 usqua
1068 902 1101 952 ad
1124 902 1224 952 ltaliam
1244 916 1328 967 snpra
1346 906 1392 952 co-

307 996 382 1035 mum
399 988 426 1035 et
445 988 578 1035 Veronam
595 984 775 1049 pertinebant,
794 985 856 1035 hine
869 985 959 1035 Rheno
972 987 999 1035 et
1010 986 1111 1045 Ticino,
1130 985 1200 1036 illinc
1210 986 1299 1044 Plari,
1313 986 1392 1034 simiis

307 1071 447 1121 terminati.
484 1068 652 1133 attingebant
674 1070 780 1131 utrique
801 1068 836 1117 ab
858 1082 957 1118 occasu
975 1068 1120 1129 llelretios,
1147 1068 1261 1119 abortu
1278 1070 1391 1118 Noricos.

307 1154 379 1203 Raeti
401 1154 482 1203 etiam
504 1154 613 1203 Carnos.
650 1152 760 1203 Constat
782 1152 816 1201 de
833 1166 866 1202 eo
883 1154 936 1202 situ
953 1168 968 1203 e
986 1152 1072 1203 Strab.
1091 1153 1115 1203 i.
1135 1166 1195 1216 pag.
1214 1154 1274 1203 20⁰.
1294 1154 1318 1201 7.
1336 1166 1389 1215 pag,

306 1235 553 1297 martinam.
590 1237 670 1285 Erant
690 1238 782 1286 autem
803 1234 894 1300 populi
915 1249 978 1286 cum
999 1238 1222 1297 numerosissimi,
1253 1240 1313 1286 tum
1334 1236 1391 1285 loris

307 1321 486 1380 munitissimi,
505 1319 540 1370 ab
558 1318 638 1383 Alpes
655 1317 770 1378 scilieet,
790 1320 816 1368 in
833 1320 919 1382 iisqne
931 1318 1038 1369 castella
1051 1322 1136 1384 posita
1150 1320 1204 1382 (Od.
1219 1319 1248 1378 i,
1270 1319 1317 1378 li,
1336 1320 1389 1379 ta).

307 1404 423 1468 denique
449 1404 595 1463 tortissimi,
622 1400 832 1462 bellicosissimi,
859 1404 1016 1453 saevissimi.
1053 1402 1144 1453 Vellei.
1163 1405 1192 1463 2,
1219 1404 1262 1453 95.
1282 1402 1347 1452 Flor.
1365 1400 1388 1451 l.

307 1489 353 1549 tt,
377 1488 400 1538 i.
421 1486 458 1537 llli
480 1488 572 1551 igitur,
595 1487 656 1537 inde
679 1485 822 1549 abaliquo
838 1489 960 1550 tempore
977 1488 1092 1536 vicinam
1110 1485 1219 1537 Galliam
1236 1485 1390 1551 Cisalpinam

306 1570 438 1635 populati,
466 1571 545 1621 etiam
567 1570 595 1620 in
615 1569 717 1619 ltaliam
739 1568 849 1619 crebras
870 1569 1035 1621 incursiones
1058 1572 1177 1621 lacerant
1197 1584 1288 1634 neque
1311 1568 1388 1619 sulum

308 1652 419 1705 multum
440 1653 502 1703 inde
523 1652 653 1717 praedam
675 1655 798 1715 egerant,
825 1652 873 1703 sed
896 1654 978 1703 etiam
994 1666 1091 1716 magna
1108 1656 1134 1703 in
1151 1655 1272 1718 captivos
1288 1653 1388 1703 saetitta

308 1740 384 1787 erant
408 1738 458 1787 usi.
488 1738 575 1796 Quare
600 1737 735 1797 Augustus
760 1749 784 1785 a.
806 1750 832 1785 u.
855 1749 879 1785 c.
902 1736 959 1786 739.
981 1739 1097 1801 primum
1121 1739 1239 1788 Drusum
1264 1739 1387 1787 Neronem

308 1820 380 1883 (tunc
397 1820 580 1883 quaestorem)
607 1822 699 1870 eontra
723 1833 771 1870 eos
788 1833 851 1870 ram
871 1822 989 1871 exercitu
1007 1822 1092 1881 misit,
1120 1822 1164 1884 qui
1190 1820 1225 1871 ad
1243 1819 1323 1885 Alpes
1338 1819 1387 1869 Tri·

307 1904 428 1955 dentinas
453 1902 560 1953 obviam
585 1902 635 1953 sibi
661 1904 745 1954 iactos
770 1904 867 1967 ingenti
891 1904 993 1967 proelio
1027 1905 1101 1965 vicit,
1133 1906 1247 1967 eiusque
1272 1904 1387 1952 victoriae

307 2001 388 2038 causa
410 1988 558 2051 praetorios
576 1988 691 2037 honores
709 1989 822 2052 adeptus
834 1990 884 2038 est.
913 1989 1013 2038 Verum
1033 1988 1068 2038 ab
1088 1987 1160 2038 ltalia
1182 1989 1276 2038 reiecti
1289 1985 1385 2037 barbari

309 2084 371 2121 mox
399 2070 508 2121 Galliam
538 2071 627 2121 denuo
657 2076 801 2136 premunt,
838 2072 928 2135 itaque
958 2073 1092 2134 Augustus
1122 2070 1259 2121 Tiberium
1290 2080 1384 2134 quoque

306 2158 454 2215 Neronem,
485 2158 571 2206 Druso
597 2155 747 2205 adiutorem
773 2156 876 2216 datum,
903 2155 1032 2205 adversus
1048 2154 1106 2204 illos
1123 2155 1209 2204 mittit.
1247 2156 1315 2217 Ergo
1329 2154 1384 2202 Dru-

307 2252 353 2290 sus
367 2253 400 2289 ac
412 2238 532 2289 Tiberius
551 2237 640 2289 multis
657 2237 735 2289 simul
752 2238 817 2288 loeis
844 2238 880 2301 [et
897 2237 1017 2289 Tiberius
1035 2238 1144 2302 quidem
1161 2252 1192 2289 ex
1211 2238 1328 2289 Helvetia
1344 2248 1384 2299 per

307 2321 396 2372 laeum
420 2322 609 2387 Brigantinum]
645 2322 670 2371 in
696 2336 791 2371 eorum
816 2322 883 2371 fines
918 2323 1063 2385 irruptione
1097 2323 1177 2383 laeta,
1215 2323 1314 2373 divisos
1337 2320 1382 2369 dis-

307 2408 460 2471 sipatosque
495 2406 583 2457 multis
617 2408 735 2469 aggressi
765 2405 872 2470 proeliis
904 2406 1113 2470 expugnatisque
1145 2420 1241 2456 eorum
1267 2402 1380 2456 castellis.

308 2491 402 2553 exiguo
420 2503 482 2539 oum
499 2489 597 2539 danmo
615 2491 724 2540 Romani
742 2491 874 2539 exercitus
892 2491 969 2539 unica
981 2493 1082 2540 aestate
1099 2490 1317 2554 perdomuerunt.
1342 2487 1381 2536 Dia

306 2574 351 2633 Di,
371 2574 411 2623 Ξῖ.
442 2572 530 2622 Strab.
552 2576 579 2621 et
602 2572 692 2623 Vellei.
712 2571 738 2623 ll.
762 2572 787 2622 ll.
826 2574 884 2632 Duo
908 2573 978 2622 lauto
1002 2575 1092 2623 Raetia
1116 2575 1254 2638 provincia
1278 2576 1380 2623 Romano

307 2657 419 2720 irnperio
436 2656 573 2715 adiuncta,
601 2669 670 2718 (puae
688 2660 715 2707 et
732 2658 851 2707 Raetiam
867 2658 1002 2719 propriam
1020 2660 1049 2706 et
1064 2656 1241 2707 Vindelioiam
1257 2651 1378 2718 complexa

307 2740 351 2790 uni
373 2742 479 2803 pareret
499 2739 628 2801 praesidi:
658 2740 730 2788 unde
753 2752 834 2803 saepo
852 2743 965 2803 uterque
983 2740 1096 2805 populus
1112 2754 1166 2790 nno
1183 2743 1323 2791 Raetorum
1339 2749 1379 2785 πο·

306 2822 378 2872 mine
396 2820 531 2885 appellati,
549 2819 612 2869 lieet
628 2834 738 2884 semper
754 2822 852 2874 linibus
869 2825 924 2874 suis
936 2826 963 2873 et
973 2826 1088 2888 separati
1099 2826 1257 2875 manserint.
1290 2822 1378 2871 Seriooe

293 2890 409 2963 aetate,
436 2916 498 2952 oum
524 2916 592 2953 nora
617 2906 814 2967 provinciarum
837 2907 930 2957 divisio
953 2908 1147 2968 institueretur,
1175 2910 1267 2958 Raetia
1286 2903 1377 2971 propn'a

306 2990 399 3037 vocata
417 2986 464 3036 luit
482 2988 569 3036 Raetia
587 2988 687 3051 prima,
706 2988 850 3039 Vindelicia
868 2993 958 3041 Raetia
970 2992 1104 3051 secunda3
1123 2992 1185 3041 hinc
1197 2996 1224 3042 et
1241 2992 1377 3054 frequenta

306 3071 413 3121 Raetiae
423 3069 516 3135 plurali
529 3084 641 3121 numero
653 3072 752 3132 dietae,
770 3074 900 3138 imprimis
912 3070 982 3139 apud
998 3077 1177 3125 ammianum.
1193 3104 1219 3111 -
1235 3074 1304 3125 illam
1313 3072 1377 3134 igitur

306 3156 384 3205 Drusi
400 3152 551 3219 Tiberiique
569 3156 709 3207 victoriam
727 3157 865 3209 celebrare
883 3158 917 3207 ab
935 3160 1053 3221 Augusto
1071 3160 1160 3209 iussus
1177 3160 1298 3209 lloratins
1313 3154 1376 3205 nutu

305 3238 365 3289 libri
381 3252 490 3290 carmen
503 3240 554 3289 hoo
565 3244 593 3290 et
604 3244 728 3305 quartum
741 3241 891 3301 decimum,
911 3256 999 3306 neque
1012 3245 1102 3292 tamen
1112 3244 1186 3306 prius
1197 3254 1278 3305 quam
1288 3254 1310 3289 a.
1321 3252 1344 3287 u.
1355 3248 1373 3284 c.

305 3322 362 3374 stt.
376 3326 437 3388 post
445 3324 555 3386 Augusti
566 3324 681 3375 reditum
693 3326 851 3388 composuit.
871 3325 973 3388 [Eidem
985 3338 1055 3376 anno
1067 3327 1203 3389 assignant
1209 3324 1374 3381 Dillenburgtr

305 3411 333 3458 et
349 3406 493 3457 Groteiend
510 3408 737 3472 Seminationem.
752 3410 793 3459 des
803 3410 922 3458 Horatius
932 3423 958 3473 p.
971 3409 1022 3473 aa]
1041 3412 1166 3460 Nostrum
1177 3411 1230 3460 hoo
1241 3406 1338 3474 proprie
1347 3400 1373 3450 td

305 3492 431 3551 Drusum,
445 3490 673 3555 quemadmodum
685 3491 799 3542 alterum
812 3492 873 3543 illud
885 3495 1001 3543 maxime
1013 3493 1047 3544 ad
1059 3494 1195 3544 Tiberium
1205 3493 1373 3558 pertinetu-

305 3576 333 3624 ln
354 3576 479 3625 universo
497 3578 588 3624 autem
608 3574 677 3626 bollo
698 3578 805 3626 Raetico
823 3578 923 3641 primas
942 3580 1032 3640 partes
1052 3580 1138 3628 Druso
1154 3574 1372 3637 ceteriscriptous

304 3660 412 3722 praeter
422 3657 518 3707 Tiberii
531 3657 705 3716 adulatorem,
719 3658 857 3719 Vallatum,
871 3659 997 3710 tribuunt.
1011 3661 1077 3711 Vide
1088 3663 1167 3711 etiam
1176 3662 1282 3711 Sueton.
1294 3648 1368 3706 Claud.

306 3744 328 3791 t.
348 3740 420 3794 Unde
438 3740 513 3792 laeile
530 3740 693 3804 intelligitur,
713 3742 849 3807 quomodo
866 3743 965 3793 iactum
977 3745 1024 3805 sit,
1043 3749 1072 3794 ut
1089 3746 1140 3795 hoc
1156 3746 1271 3795 carmine
1286 3742 1370 3791 Dmsub

304 3826 434 3891 imprimis
446 3828 589 3876 Raetorum
601 3826 852 3891 Vindelicorumque
864 3829 949 3878 victor
960 3831 1109 3878 caneretur.
1129 3830 1271 3879 Raetorum
1280 3826 1369 3884 iniiuam

305 3912 332 3960 et
348 3909 558 3967 Vindelicorum3
583 3909 655 3973 quod
673 3911 745 3960 onim
761 3910 895 3962 Bentleius
912 3911 1041 3973 affirmat,
1060 3914 1176 3962 Drusum
1194 3924 1256 3963 eum
1272 3897 1369 3954 Vindeli-

305 3995 344 4043 eis
365 3996 481 4053 tantum,
508 4007 569 4043 oum
588 3995 674 4044 Raetis
692 3994 827 4045 Tiberium
848 4008 995 4059 pugnasse.
1023 3995 1128 4046 ideam
1150 3996 1176 4045 in
1194 3992 1281 4045 Velleii
1295 3982 1368 4037 serbis

304 4082 408 4137 mergae
424 4079 508 4127 divim
521 4078 638 4139 partibus
648 4080 737 4129 Raetos
751 4079 932 4141 t'rnoeteosqoa
942 4081 1056 4142 aggressi
1073 4080 1227 4142 nentiquam
1245 4075 1306 4126 insit,
1322 4071 1366 4116 lum

306 4160 332 4207 et
349 4160 470 4211 eiusdem
487 4160 577 4212 Velleii
596 4160 654 4213 loro
673 4162 722 4213 alio
743 4164 782 4224 (t,
803 4163 887 4223 tta),
907 4162 953 4212 nbi
974 4163 1108 4213 Tiberium
1129 4162 1301 4213 l’indetirorum
1315 4154 1365 4201 Rue·
