2934 4884
281 366 342 431 tae
663 370 792 421 aoaaru
811 370 980 422 cremnon

450 527 486 590 Et
507 547 599 591 soror
621 525 697 592 clari
721 524 813 592 ducis
835 536 868 591 et
889 525 1028 592 decorae

530 645 682 735 Supplice
705 648 781 713 vitta

448 805 608 892 Virginum
631 814 749 873 matres
772 807 991 895 iuvenumque
1013 828 1116 894 nuper

444 926 616 1014 Sospitum.
661 929 740 1003 Vos,
763 948 783 994 o
806 928 898 1015 pueri
923 938 956 993 et
977 926 1104 1015 puellae
1319 929 1359 992 to

446 1050 512 1113 iarn
535 1048 639 1114 virum
662 1059 829 1136 expertae,
853 1048 937 1116 male
960 1049 1107 1115 ominatis

345 1201 368 1249 i.
387 1201 443 1250 euri
458 1196 492 1260 β,
512 1201 578 1249 Pott.
598 1202 660 1251 tres.
681 1226 709 1236 -
730 1201 769 1250 tt.
788 1206 900 1263 asportes
917 1204 1025 1251 auctore
1042 1200 1170 1263 cuningh.
1189 1202 1215 1250 F.
1230 1228 1259 1237 -
1273 1202 1330 1250 Non

309 1277 392 1324 vnum
414 1280 533 1337 sauctae
553 1272 670 1325 malebat
691 1274 776 1326 Benti.
796 1303 824 1313 -
841 1277 916 1325 Haud
931 1276 1015 1325 otram
1031 1280 1150 1336 emortua
1166 1274 1249 1325 edidit
1266 1277 1328 1325 Pot-

310 1350 368 1399 tier.
388 1350 424 1413 (in
437 1347 527 1399 ultima
537 1349 583 1400 Ed.
593 1350 670 1410 Jahn,
689 1354 718 1400 ut
729 1351 797 1412 nos.)
808 1377 836 1387 -
849 1352 984 1401 mmtnctis
994 1351 1039 1409 Bc,
1052 1363 1092 1413 pr.
1103 1350 1131 1408 T,
1145 1362 1213 1399 corr.
1227 1348 1255 1409 b,
1276 1350 1329 1400 ndi-

312 1424 392 1474 midia
409 1437 471 1488 pars
484 1424 626 1475 Codicumn
640 1424 763 1487 Bentleii,
781 1426 846 1476 item
858 1428 885 1476 L.
899 1425 1043 1489 (noemmin
1053 1437 1187 1489 superscr.
1202 1423 1259 1475 «vei
1270 1426 1327 1480 bo»,

309 1498 402 1557 idest,
420 1498 536 1548 mutuatis
553 1512 583 1558 c,
603 1499 674 1562 quod
692 1499 780 1550 firmat
795 1499 886 1553 Bland.
906 1498 1063 1562 antiquiss),
1081 1500 1226 1548 toomtnntis
1242 1498 1327 1549 Beati.

309 1574 376 1623 coni.
397 1572 523 1635 (omittatis
538 1575 620 1624 etiam
636 1572 670 1640 yd
687 1588 729 1638 ap.
749 1575 854 1625 Kirchn.
873 1587 899 1638 p.
919 1572 960 1623 36.
978 1574 1029 1634 56.)

308 1704 332 1754 8.
363 1704 477 1765 supplies
504 1703 575 1767 vitta]
605 1715 672 1766 quas
699 1704 725 1753 in
753 1717 799 1754 ca—
835 1716 921 1767 usque
946 1703 980 1753 ad
1005 1704 1099 1753 aetatis
1125 1714 1226 1753 annum
1251 1704 1305 1753 XX.
1333 1709 1359 1753 et

276 1778 329 1841 pite
357 1776 497 1841 gestabant
524 1780 661 1828 matronae
689 1789 797 1839 omnes,
833 1777 947 1842 amptius
960 1777 1044 1840 pom)
1062 1780 1090 1826 et
1104 1777 1215 1839 otrpines
1230 1775 1360 1839 (veipad-

278 1864 331 1915 quo
363 1865 379 1901 a
413 1851 542 1902 libertinis
576 1851 802 1915 distinguerentur
833 1851 883 1915 tce)
892 1854 953 1901 unte
963 1849 1150 1901 Cantabricum
1162 1851 1358 1914 expeditionem

278 1926 342 1988 (Tib.
356 1928 384 1986 t,
403 1927 430 1986 6,
450 1928 494 1977 67:
514 1927 553 1977 Sit
566 1928 638 1978 modo
649 1933 721 1977 casta
730 1928 797 1989 doce,
833 1925 882 1977 illis
908 1927 1013 1990 nuptae)
1036 1926 1103 1975 mute
1125 1926 1243 1975 eminuit
1259 1928 1359 1987 por-atta

279 2001 393 2061 pometa
416 2016 467 2052 oon
485 2003 550 2052 uitta
569 2003 659 2066 tipatos
678 2003 799 2065 Impediat
832 2001 925 2061 vobim
944 1999 1016 2063 quod
1030 1999 1141 2063 quidem
1152 2000 1284 2050 monitum
1296 2003 1358 2064 apte

279 2076 684 2141 commemoraremus),
702 2077 798 2141 partim
833 2075 880 2125 dat
895 2076 988 2125 iuniori
1006 2075 1097 2135 aetati,
1121 2073 1155 2123 de
1173 2076 1359 2124 matronarum

279 2152 303 2201 in
322 2152 404 2201 sacris
422 2151 558 2203 iaciendis.
586 2152 663 2216 (virg.
682 2154 748 2201 Aen.
767 2151 796 2212 t,
833 2151 954 2200 cautione
972 2162 1091 2199 securus.
1111 2150 1301 2199 Ceterumetsi
1313 2163 1360 2198 no

277 2226 339 2275 637:
366 2230 441 2288 tuque
465 2228 521 2289 ipsc
542 2228 589 2289 pia
611 2232 664 2290 tepe
686 2231 799 2289 ternpore
834 2225 965 2275 tissimum
990 2225 1031 2273 est
1054 2235 1129 2273 voce.
1148 2224 1177 2272 et
1199 2223 1309 2286 otrpttts
1331 2227 1358 2272 et

275 2300 346 2349 vitta.
366 2300 418 2351 Cir.
437 2302 571 2365 boettiger
587 2300 683 2351 Sation
698 2302 718 2351 1.
735 2313 795 2365 pag.
828 2299 928 2362 poeitae
944 2296 978 2347 de
996 2310 1092 2347 recens
1110 2297 1199 2361 nuptis
1215 2297 1288 2347 band
1312 2311 1357 2346 ra-

276 2374 342 2437 ⁴57.)
372 2373 441 2425 Alias
465 2376 544 2426 etiam
567 2377 647 2439 virgis
665 2375 797 2425 involutas
831 2387 862 2424 ro
885 2373 1020 2437 usurpari,
1047 2374 1126 2423 certis
1148 2376 1238 2422 tamen
1256 2372 1357 2435 atiqnot

273 2460 337 2512 prae
360 2462 390 2499 se
414 2448 544 2500 ferebant.
585 2450 657 2512 (Aen.
677 2450 705 2510 i,
731 2450 794 2499 2³7:
832 2445 961 2512 exemplis
973 2447 1185 2498 confirmandum
1198 2449 1247 2497 est.
1264 2448 1313 2497 0d.
1327 2450 1353 2503 Ξ,

272 2522 438 2585 praeferimur
453 2523 568 2573 orandus
582 2524 659 2573 eidus
675 2537 706 2573 nc
719 2523 797 2573 uerba
830 2523 860 2581 8,
873 2523 920 2572 22:
938 2534 1019 2583 nuper
1032 2521 1143 2585 Vtrptnes
1152 2526 1252 2583 nmine.
1272 2522 1297 2579 3,
1311 2524 1353 2583 ἑὲ,

269 2596 798 2660 precantia.)Pontificinmhnrumvitta-
830 2596 860 2645 2:
888 2595 1030 2646 taboram
1052 2602 1122 2645 mero
1143 2597 1249 2658 paelics.
1279 2596 1352 2659 virg.

273 2682 332 2718 rum
353 2682 450 2719 nomen
472 2671 595 2733 supplicia
613 2672 729 2721 servavit
748 2672 796 2721 Sa·
831 2673 877 2721 Ge.
890 2670 915 2731 i,
928 2670 984 2721 458.
1012 2670 1158 2735 Eurydice,
1176 2670 1273 2734 Orphei
1290 2684 1356 2721 con-

272 2741 332 2793 iust.
351 2744 406 2806 lug.
426 2742 467 2794 ie.
831 2745 887 2805 iux,
921 2746 1048 2795 mmtturc
1075 2744 1167 2807 poeta
1198 2744 1287 2808 Eurip.
1315 2744 1353 2793 ΕΙ.

304 2818 328 2867 9.
356 2817 395 2867 to.
425 2817 532 2882 matres]
558 2818 645 2868 Liviae
669 2818 746 2881 igitur
769 2822 795 2870 et
830 2818 888 2870 tsi.
911 2816 1121 2882 Clytaemnesua
1141 2817 1241 2868 iamdiu
1258 2819 1355 2868 marito

272 2891 393 2940 Octaviae
407 2892 433 2940 in
444 2904 473 2940 re
485 2890 573 2940 divina
589 2891 708 2943 iacienda
726 2895 795 2944 assi-
830 2894 919 2944 occiso
928 2896 1183 2957 superstesvooatur
1192 2890 1355 2962 κακόφρωιΙ

271 2966 341 3014 stent
357 2969 462 3015 ceterae
474 2967 611 3017 matronae
627 2966 730 3019 nobiles
743 2969 795 3018 ito-
829 2963 911 3038 κόρα.
937 2967 1017 3018 Andr.
1040 2967 1096 3019 tio.
1123 2969 1221 3018 chorus
1250 2966 1355 3017 Andro-

271 3052 380 3101 manae,
407 3042 508 3090 matres
530 3054 622 3091 eorum
653 3043 792 3104 iuvenum,
830 3044 944 3094 macheu
977 3040 1093 3107 appellat
1125 3034 1150 3091 ὦ
1177 3038 1356 3093 nandino-a

271 3115 315 3177 qui
334 3129 348 3164 e
366 3114 436 3165 bello
453 3116 611 3167 Cantabrico
628 3115 692 3168 salvi
710 3120 795 3171 redie-
831 3114 942 3182 νύμφα,
961 3116 1129 3180 eandemque
1140 3130 1166 3165 v.
1179 3115 1237 3167 tae.
1248 3109 1356 3168 Ἰλιάδα

270 3190 341 3247 rant,
372 3188 497 3241 mulieres
523 3192 602 3254 igitur
625 3195 711 3243 aetate
741 3195 794 3245 iam
830 3188 929 3262 κόραν.
949 3218 978 3228 -
997 3190 1073 3251 Quod
1089 3190 1125 3240 ad
1140 3203 1166 3240 v.
1186 3191 1353 3253 Sospttmnv.

270 3262 325 3313 iere
337 3264 571 3328 quadragenariae.
585 3294 612 3303 -
628 3266 682 3330 Vos]
701 3269 792 3330 «Tum,
830 3268 870 3317 to.
897 3266 1001 3327 attinet,
1029 3266 1073 3316 hio
1098 3278 1206 3329 qnoque
1231 3265 1280 3327 iili,
1309 3269 1355 3331 qui

270 3350 332 3388 cum
349 3338 465 3403 prodibit
476 3340 546 3390 Livia
564 3342 591 3390 et
607 3341 726 3403 Octavia,
745 3356 794 3392 vos
830 3353 915 3404 nuper
931 3340 983 3390 boc
1000 3353 1109 3391 carmen
1127 3339 1274 3391 admodum
1287 3354 1355 3406 ope·

269 3413 368 3476 parcite
381 3416 449 3463 cet.»
468 3415 523 3464 iam
541 3416 562 3465 si
573 3415 683 3479 viraines
700 3417 795 3479 apaet-
830 3427 891 3465 rose
915 3417 1073 3475 tractarunt,
1100 3416 1209 3465 rationis
1231 3417 1355 3479 poeticae

269 3488 312 3549 tis,
329 3489 445 3550 apnots
455 3488 555 3539 iuvenes
566 3489 791 3552 discriminamus,
829 3490 912 3553 ignari
929 3489 1048 3551 inerunt,
1067 3502 1129 3539 enm
1145 3490 1277 3551 sospitibus
1293 3492 1353 3554 ipsi.

268 3575 350 3626 prope
369 3562 562 3615 inextricabiles
580 3568 726 3615 nascuntur
741 3566 793 3616 dii·
829 3576 881 3614 non
903 3563 1039 3624 Horatius,
1063 3566 1230 3629 opponerent
1250 3566 1353 3614 cestros.

269 3635 412 3697 ticuitates,
430 3649 498 3700 quas
515 3637 561 3687 tibi
574 3636 715 3690 solvendas
726 3655 792 3705 pro-
829 3640 876 3689 Hic
894 3640 966 3689 enim
983 3652 1032 3690 suo
1043 3640 1101 3688 iure
1118 3641 1258 3702 tamquam
1274 3644 1353 3703 poeta

271 3712 371 3775 ponent
399 3711 563 3763 Eiehstadius
603 3714 732 3777 imprimis
766 3719 793 3765 et
828 3715 913 3763 totum
931 3714 1076 3763 exercitum
1091 3715 1353 3775 «Augustovictoreo

268 3784 414 3836 Liibkerus.
449 3785 551 3846 Quibus
569 3787 693 3839 omnibus
711 3802 793 3840 aceu-
827 3789 943 3851 sospitem
967 3788 1070 3839 redisse
1095 3788 1160 3838 dicit
1184 3789 1258 3838 omni
1283 3788 1354 3839 maio

267 3861 324 3909 rate
341 3859 491 3923 pensitatis,
520 3873 590 3910 nunc
608 3860 642 3911 ad
659 3863 793 3927 interpre-
828 3864 931 3922 omine,
961 3862 1038 3927 quale
1063 3862 1126 3913 iilud
1152 3876 1216 3913 sane
1246 3864 1352 3921 inisset,

206 3942 212 3948 “
268 3934 393 3984 tationem
421 3936 540 3985 omnium
567 3934 790 3999 simplicissimam
828 3939 894 3987 scite
912 3937 1035 3988 devitato.

268 4007 362 4069 redeo,
391 4022 423 4059 ex
448 4021 500 4072 qua
522 4012 598 4073 poert
623 4011 703 4062 iidem
729 4016 791 4061 sunt
861 4014 980 4064 timete
990 4014 1141 4062 ommutui).
1150 4012 1185 4075 a]
1198 4006 1355 4077 «εὐφημεῖ-

266 4086 347 4145 atque
368 4084 479 4146 iuvenes,
503 4085 602 4147 poeitae
623 4084 737 4136 eaedem
758 4099 791 4136 ac
826 4101 883 4136 ra.»
907 4088 1167 4147 0d.3,t,t.rtccius
1180 4087 1352 4136 inOenomao

265 4156 382 4220 vtrptnas.
402 4157 552 4222 iincipitur
569 4159 646 4209 dicit:
678 4160 791 4210 «Vesin-
827 4162 1089 4224 (BothePoet.seen.
1108 4174 1135 4225 p.
1154 4160 1238 4221 tatii:
1261 4162 1353 4210 Vestio

266 4243 337 4281 venes
355 4231 396 4291 {ea
421 4233 510 4283 Latina
534 4234 725 4285 consuetudine
748 4234 789 4285 val
826 4241 936 4287 detritum
959 4241 1033 4299 motu
1054 4249 1128 4299 opere
1152 4248 1245 4297 macno
1267 4236 1352 4285 edicite
