2934 4884
687 376 814 426 nonnuli
835 376 1003 428 Cluuium!

516 533 655 595 Fortuna
678 552 757 596 cum
780 530 918 599 stridore
942 540 1035 595 acuto

557 650 706 728 Sustulit,
729 652 783 717 hic
804 652 954 737 posuisse.
976 650 1102 737 gaudet.

366 851 406 899 44.
425 851 482 898 444444
499 845 532 914 γδ
549 862 592 911 ap.
612 848 717 897 ilirchn.
738 849 767 897 N.
787 849 894 906 Quaest.
914 848 1002 897 Horat.
1023 861 1049 911 p.
1069 849 1109 898 36.
1129 849 1168 898 56.

299 1026 374 1083 (uvel
396 1039 428 1076 ex
452 1026 546 1075 crebra
565 1026 713 1085 mentione,
739 1038 820 1088 quam
861 1027 890 1074 ut
912 1022 955 1073 alii
977 1022 1131 1081 voluerunt,
1159 1024 1283 1075 uculmen
1304 1040 1383 1090 opunr

297 1103 421 1151 Horatius
436 1113 527 1149 rerum
544 1099 726 1149 Parthicarum
749 1098 818 1157 iacit,
858 1098 884 1145 et
899 1098 1076 1155 divitiarum»,
1087 1097 1382 1155 velusurnmumdecus,

297 1174 381 1237 colligi
397 1176 499 1238 potest,
518 1177 682 1235 quantopere
700 1186 749 1222 eae
767 1174 820 1222 Ro-
858 1169 990 1234 fastigium
1004 1173 1043 1223 rei
1055 1171 1223 1223 cuiuslibet.»
1242 1175 1288 1225 Est
1299 1176 1382 1237 igitur:

296 1249 382 1299 manis
416 1260 496 1297 curae
530 1247 658 1310 cordique
690 1245 817 1297 fuerintn
859 1246 1022 1295 «Potentiam
1039 1260 1072 1295 ao
1089 1260 1202 1309 regnum
1221 1250 1298 1311 eripit
1313 1250 1381 1315 huic,

297 1323 419 1383 Faunae.)
440 1350 467 1357 -
485 1322 515 1370 ln
532 1334 608 1384 seqq.
627 1321 740 1369 Fortwro
757 1332 819 1369 cum
858 1318 892 1369 illi
905 1320 1035 1369 confert.»
1054 1322 1140 1372 Minus
1151 1325 1229 1377 rocta
1237 1324 1383 1376 Viscontius

297 1394 349 1445 deo
371 1408 498 1459 supremo
518 1394 657 1458 copulatur
677 1397 707 1443 ut
723 1394 776 1443 iarn
792 1394 819 1443 in
856 1395 943 1443 Miueo
958 1395 1017 1443 Pio·
1019 1395 1134 1444 Cterneut.
1155 1396 1183 1443 Τ.
1202 1397 1225 1445 i.
1245 1397 1273 1445 Τ.
1292 1399 1332 1447 li
1351 1398 1383 1448 de

297 1467 505 1519 Homericisillis
519 1468 591 1518 iliad.
605 1483 632 1527 ο,
651 1468 711 1517 tl7:
729 1473 820 1537 μοῖρα
857 1468 933 1530 apice
959 1468 1015 1519 sive
1042 1467 1112 1531 pileo
1138 1470 1268 1520 Fortunae
1293 1472 1381 1533 ipsius

296 1538 373 1604 Διός.
391 1557 420 1601 r,
439 1542 484 1592 87:
503 1539 574 1603 Ζεὺς
591 1542 641 1591 καὶ
657 1542 753 1612 Μοῖρα
770 1542 819 1591 καὶ
857 1540 965 1603 qualem
987 1540 1116 1591 habent¹
1110 1555 1136 1591 444
1157 1544 1250 1593 statuis
1272 1546 1300 1593 et
1321 1558 1383 1593 ana-

296 1610 463 1685 ἠεροφοῖτις
485 1609 605 1685 Ερινύς.
631 1616 679 1665 od.
705 1614 735 1673 i,
754 1617 816 1665 44444
857 1613 962 1678 glyplns
990 1616 1121 1665 Fortunae
1150 1619 1223 1665 certe
1252 1619 1379 1677 Antiates,

295 1687 407 1753 χαλετὴ
430 1688 461 1740 δὲ
482 1688 552 1741 θεοῦ
571 1686 645 1739 κατὰ
660 1691 737 1760 porp'
754 1689 819 1741 ἐπέ·
857 1690 1046 1751 interpretatus
1065 1694 1119 1749 est,
1139 1692 1214 1753 quasi
1231 1704 1297 1740 vero
1313 1692 1383 1743 huuc

295 1764 391 1830 δησεν.
416 1792 443 1802 -
462 1766 533 1827 Aper
552 1766 658 1828 proprie
680 1766 818 1815 ilaminum
857 1764 960 1827 apicem
993 1764 1106 1814 Fortuna
1135 1764 1272 1815 sibimet
1266 1780 1324 1828 ipsa
1349 1768 1383 1817 de

294 1840 405 1901 insigne,
419 1837 504 1901 pileus
517 1840 817 1901 cumspiceeminenta;
856 1838 956 1887 vertice
980 1837 1093 1888 demens
1117 1852 1214 1901 magno
1237 1852 1300 1890 cum
1321 1842 1383 1891 stri-

294 1916 351 1963 tum
360 1914 453 1977 capitis
465 1916 652 1963 ornamentum
662 1926 757 1975 regum
769 1913 821 1962 ori·
858 1910 922 1960 dore
935 1911 1056 1973 alterius,
1076 1914 1118 1962 cui
1131 1912 1229 1972 faveat,
1244 1915 1323 1977 capiti
1336 1916 1383 1964 im-

294 1986 430 2046 entalium
445 1987 519 2037 tiara.
533 1988 581 2036 0d.
592 1986 617 2048 3,
627 1988 668 2047 m,
679 1987 719 2036 40.
730 2000 819 2049 reptes
856 1988 945 2049 ponat.
966 1985 1040 2036 Falso
1050 1988 1130 2037 etiam
1140 1986 1274 2050 Gurgallus
1286 1991 1383 2051 apicem

293 2062 383 2123 apices.
408 2064 494 2124 Atque
512 2074 545 2111 eo
559 2063 657 2112 rectius
672 2063 710 2112 sic
724 2074 818 2123 regum
857 2061 1046 2124 interpretatur
1063 2064 1195 2111 montem:
1225 2064 1272 2112 «Lr'
1289 2076 1383 2125 rapace

293 2134 459 2185 orientalium
469 2136 534 2185 tiara
540 2134 819 2199 vocaripoteratquod
856 2135 969 2183 Fortuna
986 2140 1063 2183 acuto
1078 2136 1167 2197 stride,
1186 2136 1336 2197 8444444440
1349 2152 1383 2187 tm

294 2213 352 2258 erat
368 2204 452 2279 ὀρθή
482 2211 531 2259 Dio
552 2211 647 2272 Chrys
667 2210 710 2259 Or.
730 2209 770 2259 44.
791 2223 816 2273 p
856 2214 952 2269 moute,
977 2210 1021 2270 qut
1037 2210 1054 2258 4
1073 2210 1190 2271 inostro,
1215 2211 1326 2261 eride.»

293 2282 350 2334 444.
370 2285 399 2334 R
419 2284 506 2334 schol.
525 2283 624 2334 Platon
644 2283 975 2348 puteanorum]
998 2282 1113 2343 alarum,
1138 2286 1248 2347 quaesi
1271 2288 1383 2349 propter

293 2359 413 2407 nostroe:
444 2357 535 2449 Τιάρα
551 2358 613 2409 ἐστὶ
629 2354 772 2422 κόσμος
758 2373 819 2407 su-
856 2357 1053 2407 instabilitatem
1068 2358 1226 2409 tribuuntur.
1238 2359 1286 2408 Od.
1299 2360 1327 2420 3,
1341 2360 1380 2417 49,

293 2431 460 2495 κεφάλωος,
478 2423 548 2503 ηοὶ
556 2431 676 2503 Περσων
688 2430 819 2493 pacatae
856 2432 901 2481 te:
931 2434 1044 2482 Fortuna
1066 2434 1121 2482 44-
1135 2434 1284 2483 --celeres
1302 2436 1382 2495 quatit

292 2503 380 2569 μόνοι
398 2502 506 2577 ὀρθῄ“
491 2504 628 2591 εχρῶντο,
647 2504 818 2576 οἱδὲοτρα-
855 2508 959 2555 Pennus.
996 2508 1043 2557 llic
1062 2510 1151 2557 autem
1169 2509 1275 2569 stridor,
1297 2508 1325 2558 id
1342 2510 1382 2558 est

292 2580 376 2645 τηγοὶ
392 2580 553 2651 mirram.
569 2574 815 2665 Yaxevuiwoliaqu}
855 2581 981 2631 semota
974 2582 1101 2643 imagine,
1121 2580 1208 2631 subita
1225 2594 1319 2631 rerum
1332 2584 1382 2631 im-

293 2654 387 2703 tiaram
404 2655 495 2705 tribuit
512 2658 653 2705 Persarum
670 2655 726 2716 regi
747 2656 818 2704 Cha·
855 2656 965 2704 mutatio
974 2668 1172 2718 regnorumque
1180 2668 1295 2715 eversio
1311 2669 1382 2705 mon

292 2728 375 2809 ¹ritop.
386 2726 441 2777 437.
451 2729 518 2790 Lips.
529 2727 586 2776 Vid.
595 2728 817 2789 Dariiimaginem
855 2727 921 2779 tales
938 2729 1131 2793 perterrefacit.

292 2800 318 2849 in
340 2803 426 2850 Museo
449 2801 555 2850 Borbou.
577 2802 642 2850 Vlll.
662 2803 690 2850 Τ.
708 2801 771 2849 36-
774 2800 815 2851 io.
888 2803 928 2852 46.
958 2804 1071 2867 Sustulit]
1099 2797 1310 2875 clopto‘cogoe
1331 2819 1380 2866 po-

292 2872 384 2924 Mulier
399 2874 504 2923 Dentm.
524 2876 542 2923 4.
562 2875 593 2923 N
612 2875 669 2924 273.
694 2876 768 2933 Hinc,
788 2877 818 2923 ut
853 2878 929 2927 ruisse
951 2878 1055 2941 pandet]
1079 2880 1136 2927 Non
1160 2880 1214 2928 tam
1236 2891 1286 2941 pro
1313 2880 1379 2928 sim-

290 2948 416 3008 (tiammo,
435 2950 536 3012 tropice
554 2950 641 3011 «regia
652 2951 772 3013 potestas
785 2963 816 2999 ac
853 2949 1039 3014 plicitmpoutt,
1058 2964 1185 3015 quamtu
1172 2950 1378 3003 «suourbitratu

290 3020 428 3083 dignitas.»
447 3023 526 3072 sich.
540 3023 568 3083 4.,
587 3036 639 3073 nou
651 3023 815 3089 simpliciter,
854 3026 989 3089 imponit.»
