2934 4884
535 376 594 426 LlB.
614 375 654 426 tv.
690 377 719 426 C.
739 377 781 427 lV.

243 531 308 610 Qui
331 531 455 618 primus
478 529 562 596 ulmei
583 532 653 598 risit
675 533 809 606 adorea,

242 653 339 719 Dirus
361 673 421 740 per
443 649 543 719 urbes
565 653 639 720 Aser
660 664 695 720 ut
716 654 811 720 italas

286 775 355 842 Ceu
377 772 505 840 flamma
526 795 586 862 per
607 774 720 841 taedas
743 773 795 841 vel
817 775 922 842 Eurus

327 896 390 962 Per
414 893 539 962 Siculas
561 895 716 983 equitavit
737 895 851 962 undas.

242 1053 401 1120 Posthac
424 1053 576 1120 secundis
597 1073 703 1140 usque
725 1053 892 1120 laboribus
1160 1059 1202 1123 45

241 1177 384 1242 Romana
405 1174 510 1262 pubes
533 1175 652 1250 erevit,
676 1184 710 1241 et
730 1175 829 1263 impio

282 1298 409 1362 Vastata
431 1296 614 1362 Poenorum
635 1295 773 1364 tumultu
870 1346 877 1360 .

177 1513 224 1636 til.)
246 1514 333 1562 Darou
357 1511 474 1562 nonnulli
500 1513 643 1570 Torrentii;
671 1513 754 1564 nostri
771 1526 866 1565 omnes
882 1514 969 1565 Diria.
996 1543 1024 1551 -
1043 1514 1083 1566 45.
1101 1518 1166 1583 Post}

141 1590 189 1640 Per
228 1626 232 1637 .

108 1781 209 1848 λέμου.
228 1781 293 1833 Plin.
307 1783 338 1834 Η.
346 1785 377 1833 N.
389 1781 434 1844 444,
445 1782 473 1832 3:
488 1782 637 1834 64044444--
673 1782 807 1834 debemus
824 1784 858 1835 de
875 1785 936 1835 Euri
950 1787 1027 1850 equis
1040 1787 1118 1851 (virg.
1131 1791 1197 1839 Aen.

108 1871 127 1907 a
138 1858 221 1921 faur-is
231 1857 324 1906 ἠσπονο
334 1858 455 1908 meatu
465 1857 633 1930 appellebant.
672 1859 697 1919 4,
710 1857 770 1909 iti:
785 1860 865 1909 taetra
874 1861 934 1910 Eois
943 1861 1030 1910 seor
1037 1863 1135 1925 eunio),
1149 1863 1198 1913 sed

108 1930 192 1982 Pleut.
211 1931 309 1995 Amph.
328 1932 357 1991 4,
371 1933 399 1994 4,
412 1931 461 1983 te:
476 1931 578 1994 praeda
593 1936 635 1982 at-
672 1931 706 1982 de
729 1945 835 1982 summe
857 1933 1005 1997 eeleritate,
1028 1948 1082 1999 que
1099 1938 1199 1988 Hanni-

107 2017 232 2070 qaeapro
243 2007 386 2068 admeaque
403 2006 486 2069 affecit
498 2006 636 2069 popularet
671 2005 715 2058 bul
738 2005 840 2057 ltaliam
863 2011 1023 2071 pervagatus
1044 2011 1133 2059 omnia
1147 2011 1198 2062 de·

108 2093 174 2130 uror.
211 2079 347 2130 Claudian.
367 2078 401 2130 de
418 2079 489 2130 leud.
508 2079 587 2131 stilic.
608 2082 632 2140 4,
670 2082 793 2132 vastavit.
814 2081 876 2144 (Cir.
893 2082 960 2132 Voss
976 2083 1053 2143 omit.
1071 2084 1116 2133 Br.
1134 2085 1154 2134 l.
1167 2098 1195 2149 p.

107 2153 171 2204 att:
194 2155 262 2203 Haec
282 2159 491 2206 commeamus
506 2156 635 2204 reuocauit
671 2155 728 2204 474.
748 2153 811 2205 Geel
829 2155 863 2203 ad
884 2155 945 2205 Eur.
964 2157 1063 2206 Phoen.
1081 2169 1108 2220 p.
1128 2158 1195 2220 403.)

107 2231 205 2278 adorea
227 2229 321 2278 murat.
351 2227 427 2292 Apul.
449 2230 511 2280 liei.
533 2230 562 2290 7,
585 2229 630 2278 ⁴6:
703 2227 744 2279 45.
763 2228 804 2279 46.
830 2229 955 2293 emundis]
984 2230 1099 2280 «Exinde
1117 2245 1196 2280 exer-

106 2309 134 2353 ut
148 2303 256 2367 fortibus
271 2304 346 2366 factis
362 2304 468 2353 Mariae
480 2303 533 2367 (sie)
544 2305 634 2366 plenae
671 2304 738 2354 eiius
751 2303 861 2353 bomani
878 2301 1012 2354 feliciores
1029 2305 1056 2354 in
1073 2305 1131 2355 dies
1148 2319 1196 2355 su-

105 2378 241 2442 plariuter.
269 2379 379 2440 (Amant
395 2378 447 2427 hoc
465 2391 491 2427 v.
504 2379 634 2442 posterio-
669 2379 844 2443 purioresque
870 2376 992 2428 hostibus
1017 2379 1076 2428 fieri
1095 2393 1195 2443 coepe·

105 2465 150 2502 res
165 2449 209 2500 rel
226 2453 336 2515 propter
351 2453 466 2514 sonum.)
491 2451 574 2502 Aliter
585 2467 633 2504 ex
670 2455 744 2513 runt,
771 2455 903 2515 suumque
930 2454 971 2502 est
986 2465 1032 2503 res
1049 2455 1194 2505 Romanu.»

104 2525 186 2590 plicet
208 2527 330 2576 F'estus
323 2539 394 2576 mv.
413 2527 583 2590 Adureamp.
605 2527 629 2577 3.
670 2526 846 2590 -taboribrui
864 2526 996 2588 Theognis
1008 2527 1070 2577 984
1089 2525 1193 2591 (ἵπποι)

104 2599 632 2664 Muti.:laoreumtuuaemeoepbr1em
668 2594 773 2652 Ai'te'
751 2615 865 2652 ανακτα
883 2603 1008 2672 φέρουσι
1028 2598 1193 2672 δορυσσόον

104 2675 232 2736 Meni,
252 2677 313 2737 qaia
329 2677 466 2739 pluriam
481 2690 538 2726 uem
551 2683 631 2738 puto
668 2675 698 2737 ἐς
716 2673 807 2726 πόνον
832 2669 953 2746 ἀνδρῶν.
988 2675 1082 2739 Polyb.
1101 2678 1147 2738 44,
1165 2675 1190 2727 3.

104 2750 238 2810 ianitore,
252 2749 469 2812 puisambcopia
480 2749 628 2801 abundaret.
667 2751 702 2800 de
728 2751 838 2801 victorie
859 2749 902 2800 illu
923 2750 959 2800 ad
979 2715 1192 2801 iletenrum’lln

135 2823 196 2874 44·
207 2823 248 2874 44.
275 2824 368 2888 Dim]
393 2824 451 2872 Vid.
474 2822 508 2873 ed
532 2824 580 2874 Od
599 2826 628 2882 4,
667 2821 845 2876 καθόλοοδ
868 2826 909 2887 τῖς
925 2821 1064 2890 τοιαύτην
1080 2819 1193 2875 εὔελπι-

104 2897 148 2956 44,
167 2897 247 2946 4.-
220 2899 312 2960 -ut]
341 2911 389 2947 aex
412 2911 490 2961 quo».
517 2899 628 2963 ὲ-Οατ]
668 2901 752 2950 ariae
778 2900 969 2969 παρεγένοντο
994 2900 1045 2950 καὶ
1069 2895 1190 2988 θάρσος,

104 2935 155 3021 no'e
186 2983 239 3020 uno
266 2970 325 3021 ioco
359 2973 471 3036 usurpet
495 2972 627 3023 Horatius.
667 2967 742 3024 ωστε
767 2971 877 3036 πάντας
902 2969 954 3023 τὸν
975 2969 1121 3036 Ἀννίβαν
1157 2969 1192 3025 ὃν

104 3045 157 3095 Clr.
177 3045 254 3096 ilenti
272 3047 347 3097 Turs
366 3049 398 3096 11.
416 3060 443 3110 p.
462 3044 552 3096 44·
578 3051 630 3096 tae-
665 3044 795 3112 pairarat
819 3043 959 3132 πρότερον
984 3046 1190 3115 ἐφοβήθησαν,

102 3119 183 3184 aas]
170 3119 281 3170 silvam
292 3121 440 3184 punitorum
453 3120 627 3184 Kieupeittiiz.»
665 3119 731 3173 τότε
746 3120 841 3188 μηδ”
826 3137 858 3172 εν
874 3115 980 3190 4ταλ4ρ
995 3126 1122 3188 νομίζειν
1140 3139 1193 3174 πα-
1250 3179 1253 3184 ,

103 3193 172 3242 Nihil
189 3196 280 3244 eutem
297 3193 440 3245 terribilius
457 3208 539 3258 quem
565 3194 626 3245 tulin
665 3201 803 3268 patrat.—
776 3197 1117 3261 -flooueepooesJutpro
1126 3201 1192 3249 bes

101 3281 151 3330 per
176 3269 307 3319 aestatem
340 3268 467 3320 silvorum
493 3270 625 3333 incendis,
665 3271 1034 3334 donisdixitVirg.nen.'1‚
1053 3271 1117 3321 2⁴9:
1134 3273 1192 3323 Ioue

101 3341 180 3404 quale
208 3343 265 3406 ipse
284 3345 378 3394 Curiae
396 3345 539 3394 Raetorum
565 3346 626 3396 onte
664 3347 794 3396 Dardana
805 3345 884 3408 puber
900 3345 999 3396 (ἕσασα
1013 3358 1116 3396 auo·
1131 3360 1190 3397 ore-

101 3417 151 3467 bos
176 3417 229 3466 XL.
248 3431 331 3468 annos
348 3417 468 3469 vidi.··-
497 3419 626 3483 equitavit]
663 3421 744 3485 ait]«
730 3420 867 3471 «Latinum
883 3419 1115 3482 ostentionem,
1134 3433 1189 3472 non

102 3491 192 3555 Eurip.
210 3491 347 3544 Phoeniss
366 3493 430 3543 209:
453 3487 626 3564 περιῤῥύτων
659 3493 738 3556 puber
753 3496 896 3544 bantana.»
921 3493 974 3543 ΗΡ.
992 3495 1074 3544 Recte
1097 3498 1189 3545 contre

97 3559 179 3636 Ὑπὲρ
204 3559 390 3636 ἀκαρπίστων
417 3565 523 3618 πεδίων
543 3567 626 3619 Σικε-
663 3568 782 3619 Bosscba
802 3568 1006 3631 iuterpretatur:
1034 3567 1135 3632 «pubes
1158 3570 1187 3620 ii.

100 3638 164 3702 Μας
184 3637 321 3726 Ζεφύρου
337 3647 439 3706 πνοαῖς
457 3637 625 3694 Ἱππεύσαν-
664 3641 816 3692 laetiores'
809 3656 836 3692 m
857 3642 915 3692 dies
938 3655 1000 3706 spes
1026 3642 1187 3706 concepit,

104 3727 153 3776 τος
165 3707 242 3764 ἐν
206 3729 321 3786 οορανῳ
308 3711 493 3767 Kalliaros
501 3713 625 3783 κελαδη
663 3717 794 3779 offertque
811 3717 885 3766 ovid.
900 3719 961 3768 tier.
976 3717 1019 3777 444,
1036 3717 1096 3766 itt:
1116 3717 1189 3767 Gau·

99 3803 150 3851 μα.
176 3789 333 3855 Exemplum
345 3793 504 3843 metricum
497 3805 524 3843 ιιι
536 3793 623 3856 Frgm
662 3793 702 3841 ciet
718 3795 771 3841 ete
788 3797 874 3842 norim
890 3793 977 3842 erescit
992 3803 1108 3841 maerme
1124 3791 1190 3841 Gita-

101 3863 247 3914 Censorino
257 3864 468 3918 subrectocnt.
483 3867 531 3917 Ed.
544 3867 622 3917 lehn.
661 3879 752 3916 racia.
773 3867 856 3916 44νὸ
863 3865 926 3925 ,464
947 3866 1187 3917 Veiisiuterimuoo

77 3979 83 3990 .
100 3937 159 3988 Oria
175 3938 247 3989 beatu
264 3940 369 4000 iuvene,
396 3941 504 3990 volitans
520 3942 564 4003 qui
577 3955 625 4004 per
662 3941 742 3990 animi
758 3945 857 3989 matun
872 3941 900 3988 iu
917 3941 1021 3990 αἱστεοᾱ
1036 3940 1189 3990 σ44οπτο4τστ

98 4013 195 4062 cesima
205 4015 438 4077 commoreretur.
451 4016 551 4066 Verum
560 4029 623 4066 cum
662 4013 811 4065 crescebaut.
834 4042 861 4049 -
883 4013 971 4076 iuopia]
993 4015 1103 4076 propter
1120 4012 1187 4065 deo-

97 4099 146 4149 per
157 4099 271 4151 zeugma
282 4103 307 4138 v.
318 4090 438 4152 equitavit
448 4090 579 4140 referetur
590 4091 624 4140 si·
662 4102 723 4140 rum
740 4085 973 4139 delubru'violete.
1008 4086 1074 4137 Vide
1091 4087 1126 4139 de
1141 4091 1188 4140 Fe·

99 4158 154 4210 mul
178 4161 213 4211 ad
236 4164 356 4214 Poenum
379 4165 406 4214 et
423 4163 456 4213 od
474 4163 620 4225 flammam,
663 4165 753 4214 roniue
771 4161 871 4226 templo
886 4161 997 4226 spoliato
1014 4160 1069 4212 Liv.
1079 4163 1124 4223 46,
1145 4165 1184 4214 44.

97 4235 239 4298 pruriunt,
249 4239 560 4302 pervagetur-eceptio
570 4251 623 4290 non
697 4237 736 4289 ii.
764 4237 804 4289 48.
835 4236 950 4300 44στισ4σ]
976 4238 1017 4286 Sio
1042 4238 1111 4288 inter
1136 4237 1185 4289 ulie
