<?xml version="1.0" encoding="UTF-8"?>
<!DOCTYPE html PUBLIC "-//W3C//DTD XHTML 1.0 Transitional//EN"
    "http://www.w3.org/TR/xhtml1/DTD/xhtml1-transitional.dtd">
<html xmlns="http://www.w3.org/1999/xhtml" xml:lang="en" lang="en">
 <head>
  <title>
</title>
<meta http-equiv="Content-Type" content="text/html;charset=utf-8" />
  <meta name='ocr-system' content='tesseract 3.04.00' />
  <meta name='ocr-capabilities' content='ocr_page ocr_carea ocr_par ocr_line ocrx_word'/>
</head>
<body>
  <div class='ocr_page' id='page_1' title='image "./qhoratiusflaccu04baitgoog/qhoratiusflaccu04baitgoog_0296.png"; bbox 0 0 2934 4884; ppageno 0'>
   <div class='ocr_carea' id='block_1_1' title="bbox 631 301 948 355">
    <p class='ocr_par' dir='ltr' id='par_1_1' title="bbox 631 301 948 355">
     <span class='ocr_line' id='line_1_1' title="bbox 631 301 948 355; baseline 0.006 -5"><span class='ocrx_word' id='word_1_1' title='bbox 631 301 759 351; x_wconf 73' lang='lat' dir='ltr'>florarii</span> <span class='ocrx_word' id='word_1_2' title='bbox 778 303 948 355; x_wconf 69' lang='lat' dir='ltr'>carmadas</span> 
     </span>
    </p>
   </div>
   <div class='ocr_carea' id='block_1_2' title="bbox 417 455 1038 786">
    <p class='ocr_par' dir='ltr' id='par_1_2' title="bbox 417 455 1038 786">
     <span class='ocr_line' id='line_1_2' title="bbox 417 455 1009 532; baseline 0.003 -11"><span class='ocrx_word' id='word_1_3' title='bbox 417 455 513 522; x_wconf 88' lang='lat' dir='ltr'>Victis</span> <span class='ocrx_word' id='word_1_4' title='bbox 536 456 678 521; x_wconf 89' lang='lat' dir='ltr'>minores</span> <span class='ocrx_word' id='word_1_5' title='bbox 701 455 832 522; x_wconf 88' lang='lat' dir='ltr'>volvere</span> <span class='ocrx_word' id='word_1_6' title='bbox 853 458 1009 532; x_wconf 89' lang='lat' dir='ltr'>vertices,</span> 
     </span>
     <span class='ocr_line' id='line_1_3' title="bbox 459 577 1038 665; baseline 0.007 -25"><span class='ocrx_word' id='word_1_7' title='bbox 459 579 609 663; x_wconf 83' lang='lat' dir='ltr'>Intraque</span> <span class='ocrx_word' id='word_1_8' title='bbox 635 577 873 665; x_wconf 82' lang='lat' dir='ltr'>praescriptum</span> <span class='ocrx_word' id='word_1_9' title='bbox 895 579 1038 645; x_wconf 90' lang='lat' dir='ltr'>Gelonos</span> 
     </span>
     <span class='ocr_line' id='line_1_4' title="bbox 501 697 959 786; baseline -0.002 -23"><span class='ocrx_word' id='word_1_10' title='bbox 501 697 632 784; x_wconf 81' lang='lat' dir='ltr'>Exiguis</span> <span class='ocrx_word' id='word_1_11' title='bbox 655 699 803 786; x_wconf 79' lang='lat' dir='ltr'>equitare</span> <span class='ocrx_word' id='word_1_12' title='bbox 826 699 959 786; x_wconf 85' lang='lat' dir='ltr'>eampis.</span> 
     </span>
    </p>
   </div>
   <div class='ocr_carea' id='block_1_3' title="bbox 278 895 1306 1033">
    <p class='ocr_par' dir='ltr' id='par_1_3' title="bbox 278 895 1306 1033">
     <span class='ocr_line' id='line_1_5' title="bbox 310 895 1306 960; baseline 0.006 -16"><span class='ocrx_word' id='word_1_13' title='bbox 310 897 351 944; x_wconf 73' lang='lat' dir='ltr'>Ti.</span> <span class='ocrx_word' id='word_1_14' title='bbox 369 895 475 960; x_wconf 81' lang='lat' dir='ltr'>coicere]</span> <span class='ocrx_word' id='word_1_15' title='bbox 499 900 628 960; x_wconf 82' lang='lat' dir='ltr'>certerey</span> <span class='ocrx_word' id='word_1_16' title='bbox 652 895 768 958; x_wconf 83' lang='lat' dir='ltr'>(iiirchn.</span> <span class='ocrx_word' id='word_1_17' title='bbox 786 909 813 960; x_wconf 89' lang='lat' dir='ltr'>p.</span> <span class='ocrx_word' id='word_1_18' title='bbox 832 895 898 958; x_wconf 76' lang='lat' dir='ltr'>dii),</span> <span class='ocrx_word' id='word_1_19' title='bbox 921 895 1008 946; x_wconf 78' lang='lat' dir='ltr'>tottam</span> <span class='ocrx_word' id='word_1_20' title='bbox 1030 897 1164 948; x_wconf 84' lang='lat' dir='ltr'>Luctetius</span> <span class='ocrx_word' id='word_1_21' title='bbox 1181 897 1251 949; x_wconf 86' lang='lat' dir='ltr'>Piae.</span> <span class='ocrx_word' id='word_1_22' title='bbox 1270 901 1306 950; x_wconf 81' lang='lat' dir='ltr'>ed</span> 
     </span>
     <span class='ocr_line' id='line_1_6' title="bbox 278 968 1084 1033; baseline 0.002 -14"><span class='ocrx_word' id='word_1_23' title='bbox 278 971 341 1020; x_wconf 79' lang='lat' dir='ltr'>Stet.</span> <span class='ocrx_word' id='word_1_24' title='bbox 361 968 444 1020; x_wconf 82' lang='lat' dir='ltr'>Theb.</span> <span class='ocrx_word' id='word_1_25' title='bbox 465 970 505 1030; x_wconf 87' lang='lat' dir='ltr'>ii,</span> <span class='ocrx_word' id='word_1_26' title='bbox 523 970 581 1020; x_wconf 74' lang='lat'>508.</span> <span class='ocrx_word' id='word_1_27' title='bbox 602 997 629 1006; x_wconf 92' lang='lat'>-</span> <span class='ocrx_word' id='word_1_28' title='bbox 647 969 754 1020; x_wconf 72' lang='lat' dir='ltr'>vortices</span> <span class='ocrx_word' id='word_1_29' title='bbox 770 971 798 1020; x_wconf 89' lang='lat' dir='ltr'>L.</span> <span class='ocrx_word' id='word_1_30' title='bbox 818 969 858 1031; x_wconf 86' lang='lat' dir='ltr'>(Ut</span> <span class='ocrx_word' id='word_1_31' title='bbox 874 983 932 1031; x_wconf 89' lang='lat' dir='ltr'>nos,</span> <span class='ocrx_word' id='word_1_32' title='bbox 951 969 1084 1033; x_wconf 85' lang='lat' dir='ltr'>BbSTcd.)</span> 
     </span>
    </p>
   </div>
   <div class='ocr_carea' id='block_1_4' title="bbox 245 1143 1344 2766">
    <p class='ocr_par' dir='ltr' id='par_1_4' title="bbox 245 1143 1344 2618">
     <span class='ocr_line' id='line_1_7' title="bbox 248 1143 1340 1211; baseline 0.005 -17"><span class='ocrx_word' id='word_1_33' title='bbox 248 1145 335 1211; x_wconf 81' lang='lat' dir='ltr'>Victis]</span> <span class='ocrx_word' id='word_1_34' title='bbox 362 1147 404 1196; x_wconf 89' lang='lat' dir='ltr'>Sic</span> <span class='ocrx_word' id='word_1_35' title='bbox 422 1147 517 1196; x_wconf 84' lang='lat' dir='ltr'>Cicero</span> <span class='ocrx_word' id='word_1_36' title='bbox 542 1158 592 1209; x_wconf 91' lang='lat' dir='ltr'>pro</span> <span class='ocrx_word' id='word_1_37' title='bbox 619 1145 703 1194; x_wconf 80' lang='lat' dir='ltr'>Sestio</span> <span class='ocrx_word' id='word_1_38' title='bbox 721 1144 772 1194; x_wconf 82' lang='lat' dir='ltr'>di:</span> <span class='ocrx_word' id='word_1_39' title='bbox 809 1143 855 1194; x_wconf 85' lang='lat' dir='ltr'>iiic</span> <span class='ocrx_word' id='word_1_40' title='bbox 871 1145 975 1210; x_wconf 70' lang='lat' dir='ltr'>Latmos</span> <span class='ocrx_word' id='word_1_41' title='bbox 991 1146 1122 1207; x_wconf 70' lang='lat' dir='ltr'>Carasque</span> <span class='ocrx_word' id='word_1_42' title='bbox 1136 1149 1340 1211; x_wconf 73' lang='lat' dir='ltr'>sopintserosqae</span> 
     </span>
     <span class='ocr_line' id='line_1_8' title="bbox 246 1215 1339 1283; baseline 0.003 -14"><span class='ocrx_word' id='word_1_43' title='bbox 246 1215 313 1270; x_wconf 71' lang='lat' dir='ltr'>orbis</span> <span class='ocrx_word' id='word_1_44' title='bbox 333 1223 462 1269; x_wconf 72' lang='lat' dir='ltr'>terranem</span> <span class='ocrx_word' id='word_1_45' title='bbox 481 1215 626 1283; x_wconf 77' lang='lat' dir='ltr'>ropiooes&#39;e</span> <span class='ocrx_word' id='word_1_46' title='bbox 645 1219 773 1282; x_wconf 82' lang='lat' dir='ltr'>Pompeio</span> <span class='ocrx_word' id='word_1_47' title='bbox 811 1219 916 1270; x_wconf 75' lang='lat' dir='ltr'>Gelonos</span> <span class='ocrx_word' id='word_1_48' title='bbox 928 1221 1042 1283; x_wconf 64' lang='lat' dir='ltr'>nacerat</span> <span class='ocrx_word' id='word_1_49' title='bbox 1060 1222 1182 1283; x_wconf 78' lang='lat' dir='ltr'>(victos).</span> <span class='ocrx_word' id='word_1_50' title='bbox 1220 1223 1339 1283; x_wconf 76' lang='lat' dir='ltr'>«Getoni,</span> 
     </span>
     <span class='ocr_line' id='line_1_9' title="bbox 246 1294 1339 1357; baseline 0.003 -13"><span class='ocrx_word' id='word_1_51' title='bbox 246 1295 561 1356; x_wconf 77' lang='lat' dir='ltr'>adiunctosiatcimperio</span> <span class='ocrx_word' id='word_1_52' title='bbox 572 1294 644 1354; x_wconf 87' lang='lat' dir='ltr'>dicit,</span> <span class='ocrx_word' id='word_1_53' title='bbox 658 1294 771 1342; x_wconf 89' lang='lat' dir='ltr'>etVerr.</span> <span class='ocrx_word' id='word_1_54' title='bbox 810 1294 927 1357; x_wconf 89' lang='lat' dir='ltr'>primum</span> <span class='ocrx_word' id='word_1_55' title='bbox 945 1296 1086 1344; x_wconf 86' lang='lat' dir='ltr'>memorati</span> <span class='ocrx_word' id='word_1_56' title='bbox 1103 1295 1139 1344; x_wconf 82' lang='lat' dir='ltr'>ab</span> <span class='ocrx_word' id='word_1_57' title='bbox 1157 1295 1294 1346; x_wconf 82' lang='lat' dir='ltr'>Herodoto</span> <span class='ocrx_word' id='word_1_58' title='bbox 1313 1297 1339 1356; x_wconf 78' lang='lat' dir='ltr'>i,</span> 
     </span>
     <span class='ocr_line' id='line_1_10' title="bbox 246 1367 1342 1432; baseline 0.003 -14"><span class='ocrx_word' id='word_1_59' title='bbox 246 1371 309 1418; x_wconf 79' lang='lat' dir='ltr'>Ace.</span> <span class='ocrx_word' id='word_1_60' title='bbox 323 1369 351 1428; x_wconf 81' lang='lat'>5,</span> <span class='ocrx_word' id='word_1_61' title='bbox 370 1369 385 1418; x_wconf 88' lang='grc'><strong>6</strong></span> <span class='ocrx_word' id='word_1_62' title='bbox 396 1383 401 1417; x_wconf 88' lang='lat'>:</span> <span class='ocrx_word' id='word_1_63' title='bbox 420 1370 530 1418; x_wconf 85' lang='lat' dir='ltr'>maiores</span> <span class='ocrx_word' id='word_1_64' title='bbox 545 1381 602 1417; x_wconf 82' lang='lat' dir='ltr'>com</span> <span class='ocrx_word' id='word_1_65' title='bbox 613 1367 728 1417; x_wconf 78' lang='lat' dir='ltr'>Siciliam</span> <span class='ocrx_word' id='word_1_66' title='bbox 739 1368 775 1416; x_wconf 88' lang='lat' dir='ltr'>od</span> <span class='ocrx_word' id='word_1_67' title='bbox 812 1368 884 1428; x_wconf 67' lang='lat'>⁴08,</span> <span class='ocrx_word' id='word_1_68' title='bbox 904 1369 1049 1418; x_wconf 79' lang='lat' dir='ltr'>Sarmatiae</span> <span class='ocrx_word' id='word_1_69' title='bbox 1067 1371 1124 1420; x_wconf 90' lang='lat' dir='ltr'>sive</span> <span class='ocrx_word' id='word_1_70' title='bbox 1142 1370 1267 1432; x_wconf 74' lang='lat' dir='ltr'><strong>Scythiae</strong></span> <span class='ocrx_word' id='word_1_71' title='bbox 1285 1371 1342 1421; x_wconf 83' lang='lat' dir='ltr'>Eu-</span> 
     </span>
     <span class='ocr_line' id='line_1_11' title="bbox 245 1442 1340 1509; baseline 0.005 -18"><span class='ocrx_word' id='word_1_72' title='bbox 245 1455 300 1491; x_wconf 83' lang='lat' dir='ltr'>rem</span> <span class='ocrx_word' id='word_1_73' title='bbox 313 1442 442 1504; x_wconf 73' lang='lat' dir='ltr'>patticam</span> <span class='ocrx_word' id='word_1_74' title='bbox 453 1443 633 1492; x_wconf 71' lang='lat' dir='ltr'>adtencissmt.</span> <span class='ocrx_word' id='word_1_75' title='bbox 649 1470 677 1479; x_wconf 99' lang='lat'><em>-</em></span> <span class='ocrx_word' id='word_1_76' title='bbox 689 1442 775 1490; x_wconf 79' lang='lat' dir='ltr'>mimo-</span> <span class='ocrx_word' id='word_1_77' title='bbox 811 1455 926 1505; x_wconf 83' lang='lat' dir='ltr'>ropaeoe</span> <span class='ocrx_word' id='word_1_78' title='bbox 943 1442 1047 1505; x_wconf 91' lang='lat' dir='ltr'>populi,</span> <span class='ocrx_word' id='word_1_79' title='bbox 1072 1444 1099 1494; x_wconf 86' lang='lat' dir='ltr'>in</span> <span class='ocrx_word' id='word_1_80' title='bbox 1121 1447 1261 1509; x_wconf 88' lang='lat' dir='ltr'>posterum</span> <span class='ocrx_word' id='word_1_81' title='bbox 1285 1447 1340 1496; x_wconf 82' lang='lat' dir='ltr'>iam</span> 
     </span>
     <span class='ocr_line' id='line_1_12' title="bbox 245 1514 1342 1580; baseline 0.003 -15"><span class='ocrx_word' id='word_1_82' title='bbox 245 1517 294 1580; x_wconf 80' lang='lat' dir='ltr'>res]</span> <span class='ocrx_word' id='word_1_83' title='bbox 309 1518 385 1579; x_wconf 74' lang='lat' dir='ltr'>«quis</span> <span class='ocrx_word' id='word_1_84' title='bbox 397 1514 559 1566; x_wconf 83' lang='lat' dir='ltr'>debellatum</span> <span class='ocrx_word' id='word_1_85' title='bbox 578 1530 607 1566; x_wconf 88' lang='lat' dir='ltr'>se</span> <span class='ocrx_word' id='word_1_86' title='bbox 625 1517 713 1576; x_wconf 77' lang='lat' dir='ltr'>sentit,</span> <span class='ocrx_word' id='word_1_87' title='bbox 733 1515 774 1565; x_wconf 82' lang='lat' dir='ltr'>ta·</span> <span class='ocrx_word' id='word_1_88' title='bbox 810 1517 879 1565; x_wconf 83' lang='lat' dir='ltr'>intro</span> <span class='ocrx_word' id='word_1_89' title='bbox 889 1529 953 1566; x_wconf 88' lang='lat' dir='ltr'>suos</span> <span class='ocrx_word' id='word_1_90' title='bbox 965 1516 1104 1567; x_wconf 79' lang='lat' dir='ltr'>dumtaxat</span> <span class='ocrx_word' id='word_1_91' title='bbox 1114 1518 1194 1578; x_wconf 86' lang='lat' dir='ltr'>fines,</span> <span class='ocrx_word' id='word_1_92' title='bbox 1211 1520 1241 1568; x_wconf 87' lang='lat' dir='ltr'>ot</span> <span class='ocrx_word' id='word_1_93' title='bbox 1251 1518 1342 1569; x_wconf 88' lang='lat' dir='ltr'>soient</span> 
     </span>
     <span class='ocr_line' id='line_1_13' title="bbox 247 1590 1342 1655; baseline 0.002 -15"><span class='ocrx_word' id='word_1_94' title='bbox 247 1592 332 1651; x_wconf 88' lang='lat' dir='ltr'>stum,</span> <span class='ocrx_word' id='word_1_95' title='bbox 346 1603 399 1652; x_wconf 88' lang='lat' dir='ltr'>quo</span> <span class='ocrx_word' id='word_1_96' title='bbox 411 1591 485 1653; x_wconf 89' lang='lat' dir='ltr'>prius</span> <span class='ocrx_word' id='word_1_97' title='bbox 497 1591 631 1650; x_wconf 80' lang='lat' dir='ltr'>tumebat,</span> <span class='ocrx_word' id='word_1_98' title='bbox 645 1590 771 1648; x_wconf 60' lang='lat' dir='ltr'>ahimam</span> <span class='ocrx_word' id='word_1_99' title='bbox 810 1590 953 1650; x_wconf 80' lang='lat' dir='ltr'>Nomades,</span> <span class='ocrx_word' id='word_1_100' title='bbox 971 1591 1130 1652; x_wconf 64' lang='lat' dir='ltr'>epitimium,</span> <span class='ocrx_word' id='word_1_101' title='bbox 1149 1605 1239 1655; x_wconf 86' lang='lat' dir='ltr'>neque</span> <span class='ocrx_word' id='word_1_102' title='bbox 1250 1596 1283 1642; x_wconf 88' lang='lat' dir='ltr'>ut</span> <span class='ocrx_word' id='word_1_103' title='bbox 1294 1606 1342 1642; x_wconf 86' lang='lat' dir='ltr'>an-</span> 
     </span>
     <span class='ocr_line' id='line_1_14' title="bbox 247 1658 1341 1729; baseline -0.001 -13"><span class='ocrx_word' id='word_1_104' title='bbox 247 1667 323 1716; x_wconf 89' lang='lat' dir='ltr'>ouius</span> <span class='ocrx_word' id='word_1_105' title='bbox 341 1665 449 1716; x_wconf 81' lang='lat' dir='ltr'>demissi</span> <span class='ocrx_word' id='word_1_106' title='bbox 467 1667 547 1716; x_wconf 80' lang='lat' dir='ltr'>enimi</span> <span class='ocrx_word' id='word_1_107' title='bbox 569 1667 674 1728; x_wconf 83' lang='lat' dir='ltr'>signum</span> <span class='ocrx_word' id='word_1_108' title='bbox 694 1663 773 1715; x_wconf 89' lang='lat' dir='ltr'>nobis</span> <span class='ocrx_word' id='word_1_109' title='bbox 811 1666 854 1713; x_wconf 83' lang='lat' dir='ltr'>teo</span> <span class='ocrx_word' id='word_1_110' title='bbox 879 1664 906 1712; x_wconf 88' lang='lat' dir='ltr'>in</span> <span class='ocrx_word' id='word_1_111' title='bbox 931 1658 1078 1714; x_wconf 81' lang='lat' dir='ltr'>Romodem</span> <span class='ocrx_word' id='word_1_112' title='bbox 1104 1664 1255 1726; x_wconf 88' lang='lat' dir='ltr'>dicionem,</span> <span class='ocrx_word' id='word_1_113' title='bbox 1286 1679 1341 1729; x_wconf 84' lang='lat' dir='ltr'>qna</span> 
     </span>
     <span class='ocr_line' id='line_1_15' title="bbox 247 1738 1343 1803; baseline 0.003 -17"><span class='ocrx_word' id='word_1_114' title='bbox 247 1739 373 1803; x_wconf 84' lang='lat' dir='ltr'>proponit</span> <span class='ocrx_word' id='word_1_115' title='bbox 398 1740 455 1788; x_wconf 87' lang='lat' dir='ltr'>eius</span> <span class='ocrx_word' id='word_1_116' title='bbox 478 1741 593 1789; x_wconf 81' lang='lat' dir='ltr'>vertices</span> <span class='ocrx_word' id='word_1_117' title='bbox 615 1740 703 1789; x_wconf 86' lang='lat' dir='ltr'>minus</span> <span class='ocrx_word' id='word_1_118' title='bbox 725 1752 773 1788; x_wconf 84' lang='lat' dir='ltr'>oe·</span> <span class='ocrx_word' id='word_1_119' title='bbox 811 1739 850 1787; x_wconf 87' lang='lat' dir='ltr'>eis</span> <span class='ocrx_word' id='word_1_120' title='bbox 868 1750 939 1787; x_wconf 89' lang='lat' dir='ltr'>nunc</span> <span class='ocrx_word' id='word_1_121' title='bbox 957 1738 1128 1788; x_wconf 83' lang='lat' dir='ltr'>interdictum</span> <span class='ocrx_word' id='word_1_122' title='bbox 1148 1740 1189 1788; x_wconf 89' lang='lat' dir='ltr'>est</span> <span class='ocrx_word' id='word_1_123' title='bbox 1205 1738 1239 1788; x_wconf 82' lang='lat' dir='ltr'>ab</span> <span class='ocrx_word' id='word_1_124' title='bbox 1251 1742 1343 1801; x_wconf 77' lang='lat' dir='ltr'>Augu-</span> 
     </span>
     <span class='ocr_line' id='line_1_16' title="bbox 247 1811 1341 1876; baseline -0.001 -13"><span class='ocrx_word' id='word_1_125' title='bbox 247 1815 548 1876; x_wconf 83' lang='lat' dir='ltr'>stuososquamontee,</span> <span class='ocrx_word' id='word_1_126' title='bbox 567 1827 727 1874; x_wconf 86' lang='lat' dir='ltr'>cumnune,</span> <span class='ocrx_word' id='word_1_127' title='bbox 743 1815 774 1862; x_wconf 90' lang='lat' dir='ltr'>ut</span> <span class='ocrx_word' id='word_1_128' title='bbox 810 1813 869 1871; x_wconf 82' lang='lat' dir='ltr'>oto,</span> <span class='ocrx_word' id='word_1_129' title='bbox 896 1813 1062 1861; x_wconf 85' lang='lat' dir='ltr'>incursiones</span> <span class='ocrx_word' id='word_1_130' title='bbox 1085 1811 1209 1862; x_wconf 74' lang='lat' dir='ltr'>iactent.»</span> <span class='ocrx_word' id='word_1_131' title='bbox 1244 1813 1341 1863; x_wconf 91' lang='lat' dir='ltr'>Florus</span> 
     </span>
     <span class='ocr_line' id='line_1_17' title="bbox 247 1881 1343 1958; baseline 0 -22"><span class='ocrx_word' id='word_1_132' title='bbox 247 1887 314 1936; x_wconf 76' lang='grc' dir='ltr'><em>καθ’</em></span> <span class='ocrx_word' id='word_1_133' title='bbox 332 1881 495 1958; x_wconf 78' lang='grc' dir='ltr'><strong><em>ὑπερβολὴν</em></strong></span> <span class='ocrx_word' id='word_1_134' title='bbox 512 1887 588 1948; x_wconf 80' lang='lat' dir='ltr'>dicit,</span> <span class='ocrx_word' id='word_1_135' title='bbox 606 1889 718 1951; x_wconf 77' lang='lat' dir='ltr'>pentibus</span> <span class='ocrx_word' id='word_1_136' title='bbox 728 1888 775 1936; x_wconf 84' lang='lat' dir='ltr'>ad·</span> <span class='ocrx_word' id='word_1_137' title='bbox 810 1884 838 1943; x_wconf 75' lang='lat' dir='ltr'>i,</span> <span class='ocrx_word' id='word_1_138' title='bbox 852 1887 896 1946; x_wconf 75' lang='lat'>42,</span> <span class='ocrx_word' id='word_1_139' title='bbox 910 1886 955 1934; x_wconf 75' lang='lat'>20:</span> <span class='ocrx_word' id='word_1_140' title='bbox 972 1885 1108 1934; x_wconf 77' lang='lat' dir='ltr'>Somaoiae</span> <span class='ocrx_word' id='word_1_141' title='bbox 1114 1886 1258 1948; x_wconf 75' lang='lat' dir='ltr'>potentiam</span> <span class='ocrx_word' id='word_1_142' title='bbox 1268 1900 1343 1936; x_wconf 83' lang='lat' dir='ltr'>cam·</span> 
     </span>
     <span class='ocr_line' id='line_1_18' title="bbox 247 1958 1341 2028; baseline -0.002 -16"><span class='ocrx_word' id='word_1_143' title='bbox 247 1963 341 2022; x_wconf 69' lang='lat' dir='ltr'>ditior,</span> <span class='ocrx_word' id='word_1_144' title='bbox 367 1961 394 2011; x_wconf 91' lang='lat' dir='ltr'>id</span> <span class='ocrx_word' id='word_1_145' title='bbox 420 1965 485 2028; x_wconf 79' lang='lat' dir='ltr'>est,</span> <span class='ocrx_word' id='word_1_146' title='bbox 512 1963 625 2026; x_wconf 88' lang='lat' dir='ltr'>imperio</span> <span class='ocrx_word' id='word_1_147' title='bbox 653 1964 772 2012; x_wconf 81' lang='lat' dir='ltr'>Romano</span> <span class='ocrx_word' id='word_1_148' title='bbox 805 1960 847 2022; x_wconf 79' lang='lat' dir='ltr'>pis</span> <span class='ocrx_word' id='word_1_149' title='bbox 864 1958 991 2023; x_wconf 81' lang='lat' dir='ltr'>(Stoppoo)</span> <span class='ocrx_word' id='word_1_150' title='bbox 1011 1961 1159 2020; x_wconf 81' lang='lat' dir='ltr'>inequitant.</span> <span class='ocrx_word' id='word_1_151' title='bbox 1182 1988 1209 1995; x_wconf 96' lang='lat'>—</span> <span class='ocrx_word' id='word_1_152' title='bbox 1228 1962 1341 2024; x_wconf 73' lang='lat' dir='ltr'>Enipois</span> 
     </span>
     <span class='ocr_line' id='line_1_19' title="bbox 248 2035 1341 2098; baseline -0.003 -11"><span class='ocrx_word' id='word_1_153' title='bbox 248 2035 399 2087; x_wconf 87' lang='lat' dir='ltr'>subiectum</span> <span class='ocrx_word' id='word_1_154' title='bbox 418 2037 460 2086; x_wconf 88' lang='lat' dir='ltr'>sit.</span> <span class='ocrx_word' id='word_1_155' title='bbox 496 2037 576 2086; x_wconf 83' lang='lat' dir='ltr'>Tacit.</span> <span class='ocrx_word' id='word_1_156' title='bbox 590 2038 658 2086; x_wconf 80' lang='lat' dir='ltr'>Ann.</span> <span class='ocrx_word' id='word_1_157' title='bbox 677 2038 687 2086; x_wconf 83' lang='lat' dir='ltr'>i</span> <span class='ocrx_word' id='word_1_158' title='bbox 701 2075 706 2097; x_wconf 92' lang='lat'>,</span> <span class='ocrx_word' id='word_1_159' title='bbox 726 2037 771 2086; x_wconf 81' lang='lat'>79:</span> <span class='ocrx_word' id='word_1_160' title='bbox 810 2036 913 2094; x_wconf 80' lang='lat' dir='ltr'>autern,</span> <span class='ocrx_word' id='word_1_161' title='bbox 927 2035 950 2083; x_wconf 87' lang='lat' dir='ltr'>si</span> <span class='ocrx_word' id='word_1_162' title='bbox 961 2036 1161 2097; x_wconf 79' lang='lat' dir='ltr'>comparaveris</span> <span class='ocrx_word' id='word_1_163' title='bbox 1173 2047 1235 2084; x_wconf 88' lang='lat' dir='ltr'>cum</span> <span class='ocrx_word' id='word_1_164' title='bbox 1247 2035 1341 2098; x_wconf 88' lang='lat' dir='ltr'>priore</span> 
     </span>
     <span class='ocr_line' id='line_1_20' title="bbox 248 2107 1340 2172; baseline 0.001 -14"><span class='ocrx_word' id='word_1_165' title='bbox 248 2111 309 2171; x_wconf 81' lang='lat' dir='ltr'>pain</span> <span class='ocrx_word' id='word_1_166' title='bbox 337 2110 419 2171; x_wconf 80' lang='lat' dir='ltr'>ipsam</span> <span class='ocrx_word' id='word_1_167' title='bbox 450 2109 555 2160; x_wconf 77' lang='lat' dir='ltr'>Tiberim</span> <span class='ocrx_word' id='word_1_168' title='bbox 582 2110 647 2158; x_wconf 80' lang='lat' dir='ltr'>notio</span> <span class='ocrx_word' id='word_1_169' title='bbox 668 2123 774 2172; x_wconf 79' lang='lat' dir='ltr'>prorsus</span> <span class='ocrx_word' id='word_1_170' title='bbox 811 2121 906 2157; x_wconf 89' lang='lat' dir='ltr'>eorum</span> <span class='ocrx_word' id='word_1_171' title='bbox 932 2107 1049 2168; x_wconf 83' lang='lat' dir='ltr'>licentis,</span> <span class='ocrx_word' id='word_1_172' title='bbox 1077 2121 1130 2170; x_wconf 85' lang='lat' dir='ltr'>qun</span> <span class='ocrx_word' id='word_1_173' title='bbox 1151 2108 1218 2158; x_wconf 83' lang='lat' dir='ltr'>fines</span> <span class='ocrx_word' id='word_1_174' title='bbox 1235 2111 1340 2172; x_wconf 84' lang='lat' dir='ltr'>patrios</span> 
     </span>
     <span class='ocr_line' id='line_1_21' title="bbox 248 2182 1342 2248; baseline -0.002 -14"><span class='ocrx_word' id='word_1_175' title='bbox 248 2185 340 2234; x_wconf 84' lang='lat' dir='ltr'>accolis</span> <span class='ocrx_word' id='word_1_176' title='bbox 355 2184 439 2248; x_wconf 76' lang='lat' dir='ltr'>flaviis</span> <span class='ocrx_word' id='word_1_177' title='bbox 455 2185 571 2233; x_wconf 83' lang='lat' dir='ltr'>orbatam</span> <span class='ocrx_word' id='word_1_178' title='bbox 581 2185 679 2234; x_wconf 84' lang='lat' dir='ltr'>minero</span> <span class='ocrx_word' id='word_1_179' title='bbox 689 2185 774 2247; x_wconf 74' lang='lat' dir='ltr'>plocio</span> <span class='ocrx_word' id='word_1_180' title='bbox 811 2182 941 2231; x_wconf 83' lang='lat' dir='ltr'>arbitratu</span> <span class='ocrx_word' id='word_1_181' title='bbox 958 2195 1008 2232; x_wconf 90' lang='lat' dir='ltr'>suo</span> <span class='ocrx_word' id='word_1_182' title='bbox 1026 2183 1210 2243; x_wconf 80' lang='lat' dir='ltr'>excedebant,</span> <span class='ocrx_word' id='word_1_183' title='bbox 1239 2185 1342 2233; x_wconf 81' lang='lat' dir='ltr'>Romn-</span> 
     </span>
     <span class='ocr_line' id='line_1_22' title="bbox 247 2255 1341 2322; baseline 0 -15"><span class='ocrx_word' id='word_1_184' title='bbox 247 2261 333 2322; x_wconf 77' lang='lat' dir='ltr'>ttacro.</span> <span class='ocrx_word' id='word_1_185' title='bbox 363 2285 390 2294; x_wconf 86' lang='lat'>-</span> <span class='ocrx_word' id='word_1_186' title='bbox 416 2258 527 2321; x_wconf 83' lang='lat' dir='ltr'>cortices]</span> <span class='ocrx_word' id='word_1_187' title='bbox 556 2258 630 2307; x_wconf 81' lang='lat' dir='ltr'>itanc</span> <span class='ocrx_word' id='word_1_188' title='bbox 648 2257 772 2317; x_wconf 76' lang='lat' dir='ltr'>formam,</span> <span class='ocrx_word' id='word_1_189' title='bbox 810 2271 860 2308; x_wconf 91' lang='lat' dir='ltr'>nos</span> <span class='ocrx_word' id='word_1_190' title='bbox 869 2270 948 2319; x_wconf 79' lang='lat' dir='ltr'>agros</span> <span class='ocrx_word' id='word_1_191' title='bbox 958 2255 1184 2321; x_wconf 81' lang='lat' dir='ltr'>depopulabundi.</span> <span class='ocrx_word' id='word_1_192' title='bbox 1203 2255 1256 2306; x_wconf 84' lang='lat' dir='ltr'>Cir.</span> <span class='ocrx_word' id='word_1_193' title='bbox 1266 2259 1341 2307; x_wconf 83' lang='lat' dir='ltr'>iton.</span> 
     </span>
     <span class='ocr_line' id='line_1_23' title="bbox 249 2331 1341 2397; baseline -0.003 -14"><span class='ocrx_word' id='word_1_194' title='bbox 249 2346 303 2383; x_wconf 91' lang='lat' dir='ltr'>non</span> <span class='ocrx_word' id='word_1_195' title='bbox 332 2333 450 2394; x_wconf 82' lang='lat' dir='ltr'>vortices,</span> <span class='ocrx_word' id='word_1_196' title='bbox 484 2333 591 2382; x_wconf 83' lang='lat' dir='ltr'>videtur</span> <span class='ocrx_word' id='word_1_197' title='bbox 615 2331 774 2397; x_wconf 84' lang='lat' dir='ltr'>praetulisse</span> <span class='ocrx_word' id='word_1_198' title='bbox 810 2334 909 2393; x_wconf 77' lang='lat' dir='ltr'>Aneyr.</span> <span class='ocrx_word' id='word_1_199' title='bbox 923 2331 966 2380; x_wconf 90' lang='lat' dir='ltr'>ed.</span> <span class='ocrx_word' id='word_1_200' title='bbox 979 2332 1020 2380; x_wconf 90' lang='lat' dir='ltr'>Fr.</span> <span class='ocrx_word' id='word_1_201' title='bbox 1034 2343 1061 2394; x_wconf 87' lang='lat' dir='ltr'>p.</span> <span class='ocrx_word' id='word_1_202' title='bbox 1075 2331 1124 2380; x_wconf 80' lang='lat'>36:</span> <span class='ocrx_word' id='word_1_203' title='bbox 1142 2331 1263 2379; x_wconf 81' lang='lat' dir='ltr'>Nostram</span> <span class='ocrx_word' id='word_1_204' title='bbox 1274 2332 1341 2380; x_wconf 87' lang='lat' dir='ltr'>ami-</span> 
     </span>
     <span class='ocr_line' id='line_1_24' title="bbox 250 2405 1343 2470; baseline -0.003 -13"><span class='ocrx_word' id='word_1_205' title='bbox 250 2409 331 2458; x_wconf 80' lang='lat' dir='ltr'>etinm</span> <span class='ocrx_word' id='word_1_206' title='bbox 347 2405 478 2470; x_wconf 80' lang='lat' dir='ltr'>Virgilius.</span> <span class='ocrx_word' id='word_1_207' title='bbox 523 2407 576 2457; x_wconf 87' lang='lat' dir='ltr'>Cir.</span> <span class='ocrx_word' id='word_1_208' title='bbox 596 2408 715 2469; x_wconf 79' lang='lat' dir='ltr'>Wagner</span> <span class='ocrx_word' id='word_1_209' title='bbox 740 2405 775 2455; x_wconf 85' lang='lat' dir='ltr'>sd</span> <span class='ocrx_word' id='word_1_210' title='bbox 810 2406 897 2455; x_wconf 81' lang='lat' dir='ltr'>citiam</span> <span class='ocrx_word' id='word_1_211' title='bbox 919 2406 1044 2468; x_wconf 72' lang='lat' dir='ltr'>petiommt</span> <span class='ocrx_word' id='word_1_212' title='bbox 1057 2419 1106 2468; x_wconf 87' lang='lat' dir='ltr'>per</span> <span class='ocrx_word' id='word_1_213' title='bbox 1123 2405 1216 2468; x_wconf 77' lang='lat' dir='ltr'>tepotoo</span> <span class='ocrx_word' id='word_1_214' title='bbox 1231 2405 1343 2454; x_wconf 82' lang='lat' dir='ltr'>Bostar-</span> 
     </span>
     <span class='ocr_line' id='line_1_25' title="bbox 250 2477 1344 2544; baseline -0.001 -14"><span class='ocrx_word' id='word_1_215' title='bbox 250 2482 338 2540; x_wconf 87' lang='lat' dir='ltr'>Ge.i,</span> <span class='ocrx_word' id='word_1_216' title='bbox 357 2480 415 2531; x_wconf 78' lang='lat' dir='ltr'>ist.</span> <span class='ocrx_word' id='word_1_217' title='bbox 433 2483 499 2530; x_wconf 77' lang='lat' dir='ltr'>Aen.</span> <span class='ocrx_word' id='word_1_218' title='bbox 519 2480 548 2540; x_wconf 89' lang='lat' dir='ltr'>i,</span> <span class='ocrx_word' id='word_1_219' title='bbox 568 2481 624 2529; x_wconf 77' lang='lat' dir='ltr'>iii.</span> <span class='ocrx_word' id='word_1_220' title='bbox 652 2480 773 2544; x_wconf 77' lang='lat' dir='ltr'>orthogr.</span> <span class='ocrx_word' id='word_1_221' title='bbox 811 2493 860 2529; x_wconf 84' lang='lat' dir='ltr'>noo</span> <span class='ocrx_word' id='word_1_222' title='bbox 884 2484 908 2528; x_wconf 86' lang='lat' dir='ltr'>ot</span> <span class='ocrx_word' id='word_1_223' title='bbox 932 2477 1041 2540; x_wconf 71' lang='lat' dir='ltr'>semion</span> <span class='ocrx_word' id='word_1_224' title='bbox 1063 2484 1088 2528; x_wconf 85' lang='lat' dir='ltr'>et</span> <span class='ocrx_word' id='word_1_225' title='bbox 1112 2480 1344 2529; x_wconf 73' lang='lat' dir='ltr'>Sarmatarum</span> 
     </span>
     <span class='ocr_line' id='line_1_26' title="bbox 250 2553 1340 2618; baseline -0.001 -15"><span class='ocrx_word' id='word_1_226' title='bbox 250 2553 346 2616; x_wconf 78' lang='lat' dir='ltr'>Vergil.</span> <span class='ocrx_word' id='word_1_227' title='bbox 364 2566 391 2617; x_wconf 93' lang='lat' dir='ltr'>p.</span> <span class='ocrx_word' id='word_1_228' title='bbox 405 2553 462 2603; x_wconf 76' lang='lat' dir='ltr'>tsi.</span> <span class='ocrx_word' id='word_1_229' title='bbox 812 2556 848 2604; x_wconf 83' lang='lat' dir='ltr'>eis</span> <span class='ocrx_word' id='word_1_230' title='bbox 860 2554 965 2604; x_wconf 84' lang='lat' dir='ltr'>Tanaim</span> <span class='ocrx_word' id='word_1_231' title='bbox 974 2555 1080 2618; x_wconf 69' lang='lat' dir='ltr'>ttoooictm</span> <span class='ocrx_word' id='word_1_232' title='bbox 1092 2553 1247 2615; x_wconf 79' lang='lat' dir='ltr'>Tanaimque</span> <span class='ocrx_word' id='word_1_233' title='bbox 1260 2554 1340 2603; x_wconf 60' lang='lat' dir='ltr'>otro.</span> 
     </span>
    </p>

    <p class='ocr_par' dir='ltr' id='par_1_5' title="bbox 815 2627 1341 2692">
     <span class='ocr_line' id='line_1_27' title="bbox 815 2627 1341 2692; baseline -0.004 -13"><span class='ocrx_word' id='word_1_234' title='bbox 815 2629 877 2692; x_wconf 78' lang='lat' dir='ltr'>(Cio.</span> <span class='ocrx_word' id='word_1_235' title='bbox 896 2627 964 2678; x_wconf 83' lang='lat' dir='ltr'>Tior.</span> <span class='ocrx_word' id='word_1_236' title='bbox 983 2628 1012 2689; x_wconf 78' lang='lat' dir='ltr'>i,</span> <span class='ocrx_word' id='word_1_237' title='bbox 1033 2629 1078 2689; x_wconf 80' lang='lat' dir='ltr'>ta,</span> <span class='ocrx_word' id='word_1_238' title='bbox 1098 2629 1138 2679; x_wconf 83' lang='grc'>48.</span> <span class='ocrx_word' id='word_1_239' title='bbox 1182 2629 1254 2679; x_wconf 89' lang='lat' dir='ltr'>Suet.</span> <span class='ocrx_word' id='word_1_240' title='bbox 1282 2629 1341 2678; x_wconf 87' lang='lat' dir='ltr'>Oct.</span> 
     </span>
    </p>

    <p class='ocr_par' dir='ltr' id='par_1_6' title="bbox 284 2701 1197 2766">
     <span class='ocr_line' id='line_1_28' title="bbox 284 2701 1197 2766; baseline 0 -14"><span class='ocrx_word' id='word_1_241' title='bbox 284 2702 324 2752; x_wconf 75' lang='lat'>23.</span> <span class='ocrx_word' id='word_1_242' title='bbox 344 2701 461 2765; x_wconf 77' lang='lat' dir='ltr'>Gelonos]</span> <span class='ocrx_word' id='word_1_243' title='bbox 480 2703 550 2766; x_wconf 82' lang='lat' dir='ltr'>Virg.</span> <span class='ocrx_word' id='word_1_244' title='bbox 572 2706 636 2752; x_wconf 79' lang='lat' dir='ltr'>Aen.</span> <span class='ocrx_word' id='word_1_245' title='bbox 659 2705 688 2764; x_wconf 87' lang='lat'>8,</span> <span class='ocrx_word' id='word_1_246' title='bbox 708 2705 773 2753; x_wconf 73' lang='lat'><strong>725:</strong></span> <span class='ocrx_word' id='word_1_247' title='bbox 813 2705 854 2754; x_wconf 76' lang='lat'>2⁴.</span> <span class='ocrx_word' id='word_1_248' title='bbox 873 2706 900 2754; x_wconf 89' lang='lat' dir='ltr'>et</span> <span class='ocrx_word' id='word_1_249' title='bbox 916 2703 957 2754; x_wconf 73' lang='lat' dir='ltr'>is.</span> <span class='ocrx_word' id='word_1_250' title='bbox 987 2703 1079 2754; x_wconf 84' lang='lat' dir='ltr'>lustin.</span> <span class='ocrx_word' id='word_1_251' title='bbox 1098 2702 1144 2764; x_wconf 65' lang='lat' dir='ltr'>id,</span> <span class='ocrx_word' id='word_1_252' title='bbox 1163 2703 1197 2765; x_wconf 78' lang='lat' dir='ltr'>d.)</span> 
     </span>
    </p>
   </div>
   <div class='ocr_carea' id='block_1_5' title="bbox 0 0 1483 4884">
    <p class='ocr_par' dir='ltr' id='par_1_7' title="bbox 0 0 1483 4884">
     <span class='ocr_line' id='line_1_29' title="bbox 0 0 1483 4884; baseline 0 0"><span class='ocrx_word' id='word_1_253' title='bbox 0 0 1483 4884; x_wconf 95' lang='lat' dir='ltr'> </span> 
     </span>
    </p>
   </div>
  </div>
 </body>
</html>
