2934 4884
475 329 534 378 lili.
553 329 583 378 ii.
619 329 648 378 C.
667 329 754 378 xviii.

254 484 407 548 Premuut
428 480 594 548 columnas
616 480 728 546 ultima
751 483 874 546 recisas

213 639 330 714 Africa,
355 659 464 726 neque
486 638 577 704 Attali

254 760 385 846 ignotus
407 758 503 826 heres
526 759 646 847 regiam
670 761 842 847 occupavi,

213 882 277 947 Noc
299 880 476 946 Laconicas
498 879 573 946 mihi

253 999 394 1066 Trahunt
415 1000 571 1068 honestae
594 1021 756 1088 purpuras
777 999 930 1068 clientas:

213 1161 250 1224 it
271 1157 354 1224 fides
376 1168 409 1224 et
431 1159 537 1245 ingeni

252 1281 396 1366 Benigne
418 1300 501 1346 vena
524 1290 588 1356 est,
612 1301 858 1369 pauperemque
880 1281 972 1347 dives
1129 1281 1170 1346 iii

212 1401 262 1466 lle
285 1399 379 1487 petit3
404 1399 481 1465 nihii
503 1421 603 1488 supra

149 1579 174 1629 8.
191 1579 289 1628 otiosis
304 1577 366 1636 bod.
384 1578 489 1639 cirenei
504 1577 529 1627 S.
550 1580 611 1642 (nou
628 1580 688 1642 ΒΤ.)
708 1607 736 1617 -
754 1581 803 1630 vv.
821 1581 922 1632 22-29.
940 1580 1038 1632 desunt
1055 1581 1081 1631 in
1098 1581 1126 1632 li.

91 1739 148 1776 casu
174 1727 249 1776 dives
271 1738 331 1775 sum
354 1724 464 1776 iactare.»
498 1725 527 1776 lu
544 1737 610 1790 pro-
646 1732 693 1777 ιω.
729 1727 893 1778 Lindemann
918 1728 953 1779 ad
978 1731 1084 1780 Festum
1107 1743 1168 1794 pag.

92 1801 205 1851 serbiam
221 1799 345 1850 abierant
360 1797 437 1848 iridi
454 1811 529 1862 opes.
547 1799 607 1849 vid,
646 1801 714 1864 388.)
744 1803 820 1862 Quod
840 1801 952 1853 clientae
968 1804 1041 1867 ipsae
1056 1804 1171 1854 ionum

91 1873 134 1923 0d.
152 1874 180 1934 4,
199 1873 227 1935 4,
247 1873 287 1922 ie.
310 1873 374 1922 Livii
390 1872 457 1936 EpIt.
476 1872 517 1922 448.
553 1871 607 1922 Cir.
646 1879 719 1936 sunt,
738 1889 792 1927 uon
811 1875 919 1927 intimae
936 1878 1029 1937 sortis,
1047 1877 1074 1926 id
1092 1879 1171 1940 auget

92 1944 606 2011 vanderomgiiexeursumvoi.1.p.
645 1951 750 2012 petroni
768 1949 930 2012 dignitatem.
965 1953 1023 2000 Non
1041 1951 1172 2012 significat

92 2019 142 2070 teo.
176 2021 259 2072 Nimis
279 2035 345 2071 vero
361 2033 428 2084 vege
445 2021 551 2071 videtur
567 2021 609 2070 in·
646 2022 822 2086 «pulchrum
840 2022 904 2072 nihil
919 2024 991 2072 enim
1006 2025 1059 2073 hoc
1074 2025 1171 2074 attine-

92 2097 251 2158 terpreteiio,
271 2108 353 2159 quam
369 2109 456 2161 nuper
472 2098 610 2162 proposuit
645 2095 705 2158 bat,
731 2099 820 2146 utrum
838 2093 965 2159 pulchrae
982 2099 1073 2146 esseut
1091 2095 1171 2146 ciieu-

92 2168 159 2217 iletre
177 2170 238 2220 iior.
259 2172 301 2220 Pr.
321 2183 347 2234 p.
367 2171 431 2225 220:
455 2173 608 2223 aiios-atium
645 2172 703 2230 tae,
734 2182 805 2232 qrrae
829 2167 973 2218 lanificium
999 2174 1169 2230 exercerent,

93 2245 192 2304 augere
203 2243 327 2294 homines
339 2244 380 2294 sui
392 2245 521 2309 temporis
532 2245 609 2308 igno-
645 2255 740 2294 necne.
760 2242 905 2305 (u0stendit
921 2245 1013 2292 votum
1029 2240 1169 2303 clientum,

92 2318 141 2376 tos,
166 2330 263 2368 recens
288 2317 385 2367 divites
409 2319 507 2380 iactos,
536 2321 608 2369 tanta
645 2328 884 2381 quorumuxores,
902 2329 964 2366 cum
982 2315 1116 2367 nobilibus
1132 2317 1172 2365 to-

93 2386 193 2450 lmone,
207 2393 281 2440 mute
291 2391 425 2456 snperbia,
439 2394 476 2443 nii
487 2391 606 2454 domum,
646 2403 694 2454 gae
711 2391 866 2454 praetextae
884 2390 951 2440 iiunt
967 2389 1002 2440 sd
1019 2401 1098 2454 spem
1115 2401 1173 2439 me·

94 2462 170 2524 qualis
186 2464 230 2514 vei
248 2463 325 2515 Attali
342 2465 444 2528 meret,
474 2480 607 2531 occupare
645 2465 805 2528 gistratuum
821 2464 1015 2528 gerendorum,
1039 2477 1172 2528 purpuras

94 2537 241 2590 auderent.»
646 2540 1170 2604 carpentes,iuvanimatrouasmscnoe.

121 2612 142 2660 t.
173 2615 277 2677 ippotae
300 2613 381 2678 iteres]
410 2614 512 2666 Attalus
536 2617 609 2666 euim
647 2615 719 2664 ilaec
745 2614 767 2664 si
793 2627 825 2664 ex
850 2615 965 2678 antiquis
982 2612 1172 2677 interpretibus

94 2697 148 2744 eos.
174 2701 243 2751 quos
267 2691 426 2740 testamento
449 2703 498 2744 suo
514 2690 609 2741 divites
647 2687 809 2752 desumpsit,
828 2687 899 2738 bene
916 2687 1015 2738 habet:
1034 2687 1084 2738 sed
1100 2687 1171 2746 vide,

94 2758 238 2812 redditurus
264 2765 337 2822 erat,
364 2777 397 2813 ne
415 2766 528 2814 noverat
549 2764 610 2827 qui-
647 2774 681 2811 ne
698 2763 732 2811 sit
748 2764 904 2813 recentioris
915 2761 1174 2812 alicuiuscommeu·

95 2831 165 2896 dem,
193 2848 256 2885 cum
278 2833 341 2885 illud
364 2837 503 2888 scriberet.
538 2838 610 2888 inest
648 2836 723 2898 tum.)
752 2837 860 2886 iliriiice
884 2839 926 2888 esi
946 2838 998 2888 ΗΡ.
1017 2838 1174 2899 interpreta-

95 2919 175 2959 amara
201 2911 339 2980 εἰρωνεία.
379 2912 417 2961 De
442 2912 608 2972 Aristonico,
647 2909 696 2958 tio:
725 2909 869 2960 ui’uichrae
891 2910 1003 2961 clientae
1025 2923 1080 2960 uon
1097 2910 1171 2970 mihi,

97 2983 148 3043 uqui
164 2987 271 3034 mortino
288 2997 352 3048 rege
369 2985 464 3048 Attalo,
483 2986 609 3037 mentitus
647 2983 701 3034 mei
718 2983 828 3034 honoris
845 2997 925 3035 causa
943 2987 971 3034 et
986 2985 1017 3034 ut
1032 2983 1097 3033 mihi
1114 2981 1173 3047 pla-

96 3057 173 3117 regiae
183 3058 274 3122 stirpis
283 3059 421 3122 originem,
433 3060 610 3110 armisisiam
648 3059 726 3108 ceant
742 3059 769 3107 iu
785 3057 870 3120 longis
889 3059 1031 3122 purpureis
1054 3056 1174 3108 vestibus

96 3136 264 3196 occupaverat
274 3133 414 3197 victusque
425 3148 441 3184 a
453 3135 486 3186 li.
500 3137 611 3199 Perper·
648 3130 776 3181 incedunt
792 3133 820 3180 et
836 3131 871 3180 ad
888 3143 932 3180 me
949 3132 1085 3181 veniunt.»

97 3205 469 3273 uednctuequeiuiriumpiro,
485 3208 608 3262 seduli.
680 3205 720 3254 40.
739 3205 854 3268 Bseipnu
868 3205 945 3267 uero]
964 3207 994 3254 ut
1008 3205 1039 3254 Α.
1058 3205 1086 3253 P.
1104 3203 1172 3254 too:

97 3279 202 3343 Aquilio,
221 3283 308 3345 capite
325 3293 426 3347 poenes
438 3283 526 3334 dedit»
540 3283 611 3348 (Vei-
648 3279 876 3337 sudatoriam
895 3290 977 3341 quam
987 3278 1174 3340 metaphoram

97 3349 132 3401 lei.
143 3357 171 3416 2,
188 3353 238 3418 4.),
258 3369 429 3420 nequaquam
443 3356 527 3408 verba
539 3358 608 3408 iacit.
648 3367 662 3404 a
681 3352 781 3415 metalli
797 3354 873 3404 venis
891 3351 1012 3416 plerique
1032 3351 1174 3414 repetitam

123 3428 144 3477 l.
167 3429 319 3493 uomicas]
348 3431 460 3494 alioque
478 3430 567 3482 ianam
584 3433 611 3482 in
647 3431 758 3494 puteot;
776 3427 852 3478 aliter
863 3425 938 3477 Ovid.
952 3426 1028 3476 Trist.
1041 3424 1070 3485 3,
1084 3425 1115 3474 te
1129 3422 1170 3486 iel.

98 3500 613 3570 laconiapurpuraiinctamiquaepur-
649 3502 699 3566 tii,
726 3501 771 3551 33:
807 3501 938 3565 lapsam
966 3500 1064 3563 [repen
1091 3511 1175 3548 mewa

97 3585 153 3635 pura
171 3577 308 3628 nobilioris
327 3580 432 3641 generis
452 3581 510 3630 erat
530 3581 611 3642 atque
647 3577 731 3636 mula,
749 3577 821 3626 ciere
836 3580 859 3626 et
875 3580 934 3625 uste
949 3575 1015 3625 Foris
1030 3573 1176 3638 infaciem

97 3645 204 3714 lucidior)
237 3653 303 3702 mini
328 3654 393 3703 ueut
416 3652 546 3714 clientas,
584 3655 613 3703 ut
645 3665 780 3714 pomoque
799 3665 865 3702 veru
883 3650 949 3718 pet,
977 3649 1023 3700 ubi
1049 3652 1091 3700 est
1106 3660 1174 3699 vens

98 3722 209 3776 solebant
218 3725 262 3776 vei
273 3726 400 3777 mercede
413 3726 561 3778 conductae
569 3726 613 3778 vel
649 3739 745 3790 aquae.

97 3800 184 3860 eatis,
202 3804 232 3850 ut
242 3802 416 3864 patronorum
433 3803 545 3864 gratiam
562 3802 614 3851 ini-
682 3801 723 3851 ii.
750 3801 792 3851 lie
811 3800 887 3865 petit]
918 3812 1014 3863 «saepe
1032 3799 1066 3848 ed
1083 3811 1113 3848 se
1130 3809 1176 3847 me

97 3875 163 3932 rent;
181 3871 266 3924 nullas
284 3867 357 3925 euim
375 3874 485 3926 clientes
497 3875 611 3926 habeo.»
649 3875 728 3924 vocet
750 3873 918 3938 dhsnterque
939 3877 967 3924 et
987 3874 1100 3923 comiter
1116 3883 1176 3920 me-

98 3943 135 3993 Est
146 3947 222 4010 igitur
233 3947 338 3999 sublate
349 3951 476 4013 imagine:
505 3949 528 4011 i)
547 3961 612 3999 «neo
650 3961 712 3999 curn
730 3951 861 3999 versetur.
897 3946 967 3999 Ultra
988 3948 1057 3996 haec
1084 3946 1176 3995 eutem

97 4023 229 4083 purpureis
249 4023 369 4074 vestibus
389 4025 463 4083 utor,
481 4023 506 4086 ἲ)
524 4036 612 4086 neque
650 4021 714 4073 nihii
740 4037 756 4073 a
781 4023 823 4072 dis
846 4023 969 4085 impenso
993 4019 1082 4070 dudio
1100 4017 1176 4068 edla-

25 4143 26 4146 ,
98 4093 223 4146 nobilitate
255 4097 415 4161 conspicuus
448 4111 535 4149 eum.»
573 4099 611 4161 (v.
651 4097 730 4160 pto.»
756 4095 942 4146 Claudiam.
965 4092 1011 4154 43,
1033 4093 1063 4154 4,
1086 4093 1177 4143 tzeos

25 4149 26 4217 4
96 4165 178 4220 chuta
195 4170 338 4222 lormutum
354 4173 493 4236 tamquam
510 4171 615 4223 actuu-
651 4185 701 4221 ooo
726 4171 891 4233 momatur,
921 4169 965 4230 eoi
983 4181 1024 4219 me
1041 4167 1175 4231 potatuan
