2934 4884
282 334 344 399 628
764 336 893 388 itonam

281 497 348 546 sisse
368 496 477 559 insuper
495 492 698 559 simplieitatem,
723 496 754 544 ut
764 497 793 544 et
803 495 960 546 eonventret
970 495 1058 545 choris
1070 493 1120 546 illis
1130 508 1280 560 puerorum
1290 496 1365 561 puel-

282 578 423 641 larnmque
443 580 470 627 et
490 590 505 627 a
524 576 623 641 populo
641 577 699 641 ipso
721 576 797 626 haud
816 578 896 628 nimis
914 576 1056 629 difficulter
1071 578 1277 643 intelligentam
1295 580 1368 629 deni-

281 674 334 725 que
354 666 438 713 totum
455 660 548 711 debuit
566 673 628 711 esse
641 656 790 711 πολιτικὸν
801 664 837 722 et,
858 674 928 725 quae
944 676 989 713 res
1003 662 1108 713 vincula
1125 663 1262 726 quaedam
1272 666 1366 726 poetae

282 746 434 797 necessario
455 745 551 805 iniecit,
570 746 662 808 aptum
679 746 744 795 item
754 745 789 794 ad
800 758 911 795 sensum
922 744 1141 809 voluntatemque
1153 748 1276 809 Augusti,
1295 748 1367 797 enias

282 842 316 879 ex
336 831 411 881 iussu
433 842 465 879 ae
491 829 621 879 senwntla
638 840 733 878 versus
753 826 872 890 Sibyllini
890 841 905 877 a
930 830 1035 879 Zosimo
1053 831 1166 891 servati,
1198 844 1215 879 a
1238 829 1366 881 Graeculo

281 911 381 976 aliquo,
400 910 511 963 tortasse
529 911 681 969 Parthenlo,
701 910 830 962 elaborati
849 925 910 963 esse
932 913 1068 972 videatur,
1090 926 1160 975 quos
1179 916 1262 977 poeta
1274 927 1365 977 presse

283 998 359 1059 sequi
378 994 502 1046 debebat.
538 995 637 1045 Verum
657 995 734 1058 igitur
752 997 780 1045 in
799 995 888 1046 medio
907 996 1025 1059 positum
1042 1008 1103 1047 esse
1123 995 1249 1046 arbitror.

793 1391 845 1467 1·

497 1592 839 1651 consiliumeunt
857 1590 1153 1660 cubabimus.

347 1758 428 1809 eludi
445 1758 580 1811 seculares
597 1758 658 1810 ideo
676 1758 739 1809 dicti
756 1762 829 1821 sunt,
848 1758 921 1823 quon
937 1761 1111 1824 peruentum
1127 1760 1271 1811 etdeeem
1282 1773 1363 1812 annos

281 1840 486 1893 celebrabantur
502 1842 636 1904 trinoctio,
654 1842 680 1893 ld
697 1846 750 1903 est,
771 1842 856 1895 tribus
873 1842 968 1894 diebus
985 1846 1012 1893 et
1023 1842 1108 1894 tn'bus
1119 1843 1262 1905 noctibus;
1289 1858 1364 1897 sectr-

279 1924 349 1978 lnres
367 1930 466 1989 autem,
484 1927 558 1992 quod
574 1939 589 1975 a
606 1928 692 1991 primo
709 1926 814 1988 seculo,
832 1927 860 1976 id
879 1930 932 1987 est,
954 1926 988 1977 ab
1009 1927 1109 1990 olimae
1125 1930 1262 1979 Romanae
1279 1930 1364 1993 geniis

280 2012 380 2076 reperti
397 2014 424 2061 et
439 2011 549 2061 instituti
568 2013 641 2071 sunt,
659 2009 762 2061 scillcet
780 2024 796 2060 a
814 2012 901 2060 Numa
912 2009 1049 2075 Pompilio,
1067 2024 1084 2059 a
1100 2024 1154 2074 quo
1165 2012 1292 2063 Romanis
1303 2016 1364 2077 post

280 2098 388 2147 eentum
406 2098 433 2145 et
449 2096 544 2146 decem
561 2107 645 2146 annos
663 2106 772 2158 semper
787 2094 814 2143 in
830 2106 882 2144 usn
898 2093 982 2144 luere.
1012 2094 1120 2144 Verrius
1141 2098 1233 2147 auum
1254 2095 1363 2147 Flaccus

278 2178 361 2229 refert
377 2192 485 2229 carmen
502 2177 623 2229 seculare
644 2181 671 2228 et
689 2177 850 2257 sacrificium
868 2176 1016 2227 institutum
1032 2178 1101 2227 intra
1116 2190 1201 2229 annos
1218 2180 1271 2229 CX.
1293 2181 1362 2244 {tepet

279 2262 319 2325 C.)
356 2264 408 2314 Diti
427 2264 455 2313 et
474 2262 648 2327 Proserpinae
665 2262 752 2325 primo
768 2252 839 2310 bello
856 2261 955 2310 Punico
972 2260 1068 2311 decem
1084 2261 1203 2311 vlromm
1219 2273 1362 2326 responso.

280 2356 343 2395 oum
370 2346 433 2398 iussi
454 2348 545 2397 essent
566 2344 647 2395 libros
669 2343 809 2406 Sibyllinos
829 2344 960 2407 inspicere
981 2343 1016 2393 ob
1039 2344 1202 2408 prodigium,
1233 2346 1310 2409 quod
1331 2360 1363 2397 eo

280 2427 352 2480 bello
372 2429 479 2491 accidit,
510 2442 571 2479 nem
593 2441 655 2493 pars
671 2440 810 2477 murorum
827 2428 878 2477 ieta
893 2426 1001 2477 fulmine
1018 2428 1122 2478 cecidit.
1160 2431 1248 2491 Atque
1265 2431 1303 2479 ita
1320 2444 1363 2481 re-

278 2512 443 2578 sponderant
465 2511 565 2563 bellum
587 2512 717 2562 adversus
738 2511 968 2575 Karthaginienses
989 2524 1118 2575 prospere
1138 2513 1195 2575 geri
1213 2526 1312 2577 posse,
1341 2514 1363 2565 si

277 2596 328 2646 Diti
346 2599 373 2647 et
389 2597 563 2660 Proserpinae
582 2595 683 2655 triduo,
701 2595 729 2645 id
746 2598 799 2656 est,
819 2594 903 2645 tribua
920 2594 1016 2645 diebus
1028 2598 1056 2646 et
1066 2594 1152 2646 tribus
1163 2596 1290 2647 noctibus
1301 2610 1363 2648 con·

277 2678 372 2740 tinnis,
390 2676 445 2728 ludi
462 2678 572 2729 luissent
589 2676 716 2728 celebrati
734 2680 762 2727 et
777 2692 887 2729 carmen
904 2680 1038 2729 cantatum
1054 2680 1123 2729 inter
1139 2679 1279 2730 sacrificia.
1307 2682 1362 2731 lloe

277 2763 369 2813 autem
386 2761 482 2811 accidit
497 2760 581 2825 Appio
599 2758 707 2811 Claudio
725 2759 839 2811 Pulchro
855 2776 911 2813 cos.
935 2762 968 2825 (o.
987 2776 1013 2811 u.
1031 2776 1053 2811 o.
1072 2761 1129 2813 teo.
1147 2764 1302 2827 Primores
1317 2766 1362 2815 tue

275 2845 375 2895 &detis
393 2844 461 2893 loeus
484 2844 605 2893 Paeonis
624 2844 693 2905 opud
714 2844 876 2895 cmsonoeo
896 2847 926 2897 C.
949 2846 995 2895 ti:
1025 2846 1109 2898 «cum
1130 2846 1213 2897 multa
1237 2852 1361 2913 portenta

277 2927 374 2977 flerent
391 2929 419 2976 et
435 2938 529 2976 murus
546 2939 578 2975 ae
594 2926 686 2987 turris,
705 2940 775 2990 quae
792 2934 855 2979 snut
870 2932 939 2981 intra
954 2934 1061 2995 portam
1078 2931 1207 2983 Collinam
1224 2936 1254 2983 et
1270 2934 1362 2997 Esqiu

276 3008 369 3071 buum,
399 3010 433 3060 de
451 3008 525 3061 eaelo
541 3012 632 3061 essent
648 3013 732 3074 taeta,
762 3016 791 3063 et
806 3013 867 3064 ideo
883 3012 966 3065 libros
982 3014 1123 3079 Sibyllinos
1139 3017 1212 3066 liviri
1228 3016 1359 3079 adissent,

276 3094 468 3155 renuntiarunt,
487 3094 524 3143 uti
541 3094 591 3145 Diti
603 3096 670 3159 patri
683 3098 710 3145 et
721 3098 895 3160 Proserpinae
906 3097 962 3148 ludi
972 3100 1104 3150 Tarentini
1115 3101 1142 3149 in
1154 3100 1258 3165 Campo
1269 3103 1361 3153 llartio

276 3177 373 3229 flerent
389 3180 416 3228 et
431 3178 534 3229 hostiae
553 3178 645 3230 nuvae
662 3179 877 3243 immolarentur,
906 3184 998 3246 utique
1015 3182 1069 3234 ludi
1085 3184 1235 3235 eentesimo
1252 3198 1361 3249 quoque

277 3274 347 3313 anno
364 3262 493 3323 flerent»)

343 3348 498 3397 «Praeterea
517 3344 570 3397 ludi
587 3346 721 3398 seculares
738 3346 865 3399 celebrati
882 3352 955 3411 eunt,
974 3364 1036 3401 eum
1053 3352 1136 3401 Roma
1153 3350 1306 3415 pestilentia
1322 3352 1359 3402 la-

275 3428 393 3490 boraret,
411 3428 518 3492 quando
535 3443 568 3479 ex
584 3428 657 3480 libris
675 3429 807 3493 Sibyllinis
819 3432 925 3494 jussum
942 3436 992 3494 est,
1011 3436 1041 3484 ut
1057 3435 1108 3485 Diti
1125 3436 1247 3499 petriad
1264 3438 1359 3487 Peren

276 3514 333 3561 tum
352 3513 435 3576 stipes
457 3513 614 3563 mitteretur.
653 3515 708 3563 lloe
729 3515 810 3565 etlam
830 3515 911 3565 tidem
932 3514 993 3567 libri
1007 3518 1155 3579 insumat,
1184 3522 1215 3568 ut
1230 3518 1357 3571 nobilium

275 3594 352 3645 liberi
369 3596 396 3645 in
413 3593 541 3659 Capitolio
559 3608 667 3647 eumen
685 3597 860 3649 decantarent
875 3600 1024 3652 trinoctio.»

342 3681 470 3738 Carmen,
497 3677 531 3727 de
557 3692 610 3742 quo
635 3678 751 3743 loquitur
771 3682 982 3747 Commentariun,
1011 3685 1194 3737 «medimna
1211 3688 1356 3739 111101111-

275 3762 384 3813 dronieo
401 3762 427 3811 in
444 3763 574 3812 lunonem
590 3764 716 3827 reginam,
735 3764 779 3815 illa
790 3768 948 3831 tempestate
966 3770 1074 3821 lorsitan
1092 3770 1225 3821 laudabile
1245 3772 1356 3823 mnibus

274 3846 398 3909 ingeniis,
426 3858 497 3897 nuno
516 3845 664 3897 abhorrens
682 3849 709 3898 et
725 3848 905 3901 inconditum·
930 3856 1010 3903 vocat
1024 3855 1110 3905 livius
1126 3854 1177 3915 27,
1196 3854 1237 3905 31.
1256 3856 1294 3906 ad
1309 3869 1356 3906 en·

274 3940 339 3979 num
356 3943 382 3981 u.
402 3942 425 3980 c.
444 3928 501 3981 tlt.

338 4012 441 4078 Duplex
463 4016 553 4065 autem
574 4016 739 4066 enumeratio
761 4017 933 4081 antiquorum
949 4018 1072 4071 ludorum
1088 4020 1250 4074 secularium
1267 4028 1355 4075 exsta·

272 4095 330 4158 bat,
348 4098 421 4161 apud
437 4096 571 4148 Valerium
588 4099 719 4150 Antiatem
736 4098 828 4160 altera,
847 4100 930 4153 altere
941 4102 968 4155 in
980 4104 1183 4157 Commentariis
1191 4106 1353 4158 xvvirorum

273 4181 340 4228 teste
359 4182 503 4231 censorino
521 4182 550 4231 C.
572 4182 610 4231 17.
