2934 4884
655 350 783 400 llOllA'l'll
800 350 968 401 CAulttrturt

524 509 652 586 Quaere
676 506 792 573 modus
816 505 937 573 leviore
960 504 1091 592 plectro.
1310 506 1351 569 40

269 687 473 757 igiturputrum
489 686 586 734 Veneri
609 685 738 747 dicatum,
766 687 791 735 in
863 686 903 735 40.
939 686 1029 734 4044040
1053 686 1156 750 plectro]
1185 686 1259 736 0440.
1287 687 1350 737 4404.

269 760 342 823 quod
358 760 478 822 ingresso
495 762 591 822 poetae
609 759 792 811 deamoribus
830 759 876 819 40,
907 760 971 808 tao:
1005 761 1086 810 000444
1110 760 1206 821 plectro
1233 762 1353 824 94004040

269 834 466 893 4004004040οο,
494 848 547 884 000
565 835 598 884 00
617 835 698 885 rebus
715 834 792 898 lugu-
830 834 952 897 thaotaa
964 862 977 871 -
994 862 1015 882 -.
1038 836 1110 883 Nunc
1126 848 1188 896 opus
1204 840 1239 884 ert
1260 836 1353 885 leniore

269 908 363 961 bribus
380 923 477 960 cauere
493 909 563 960 licet.
828 909 893 969 4440.

629 1320 990 1377 EXCURSUS

748 1490 785 1537 Au
803 1489 832 1538 C.
851 1490 869 1537 l.

305 1620 427 1669 Horatius
450 1630 512 1667 cum
534 1616 642 1668 Pollioni
665 1617 797 1681 permulta
821 1617 934 1668 deberet
952 1618 1007 1682 (etr.
1027 1620 1078 1668 Sat.
1100 1620 1126 1677 4,
1147 1620 1190 1679 40,
1209 1620 1269 1683 844),
1289 1632 1354 1669 cou-

209 1742 215 1746 .
273 1705 430 1753 sentaneum
442 1704 508 1761 erat,
527 1703 556 1750 ut
566 1700 649 1763 lyrico
662 1703 742 1751 etiam
755 1702 871 1751 carmine
884 1704 941 1752 eius
952 1702 1045 1753 laudes
1057 1703 1230 1767 praedicaret.
1252 1702 1354 1753 Nihilo-

272 1787 359 1836 minus
377 1799 439 1836 cum
456 1785 498 1835 ille
517 1785 672 1835 iamdudum
689 1785 858 1849 refrigeratus
879 1790 950 1837 esset
969 1787 1003 1837 ab
1023 1788 1179 1847 Octaviano,
1206 1787 1277 1837 baud
1294 1788 1355 1838 inti-

272 1884 332 1931 mus
350 1871 377 1919 in
393 1870 451 1921 eius
468 1869 581 1919 amicitia
598 1869 704 1918 videtur
727 1868 807 1921 tuisse
823 1874 916 1933 poeta,
939 1871 986 1921 sed
1004 1870 1100 1921 eodem
1118 1870 1172 1923 lere
1190 1884 1288 1935 genere
1307 1886 1356 1922 ne-

272 1953 439 2004 cessitudinis
451 1966 529 2014 usus,
548 1966 617 2016 quae
629 1954 653 2003 ei
665 1950 848 2002 intercedebat
859 1966 921 2003 cum
933 1954 1048 2004 Munatio
1060 1952 1166 2015 Planco,
1184 1968 1246 2005 cum
1258 1954 1353 2015 004440,

272 2052 335 2087 cum
352 2036 463 2088 Salustio
481 2038 576 2101 Crispo
593 2037 710 2096 minore,
729 2049 791 2087 cum
808 2038 864 2100 ipso
877 2038 909 2087 44.
923 2038 1051 2101 Agrippa,
1070 2036 1166 2101 quibus
1180 2037 1288 2101 singulis
1300 2040 1357 2090 040-

272 2121 332 2184 gula
350 2122 486 2172 dumtaxat
500 2119 574 2189 μέλη
591 2121 732 2185 inscripsit.
769 2119 904 2184 (Messalae
928 2121 1014 2171 obiter
1035 2124 1138 2173 tautum
1160 2124 1280 2173 meminit
1302 2122 1352 2173 Od.

273 2206 304 2265 3,
324 2207 372 2267 st,
390 2207 405 2255 7
423 2218 483 2269 sqq.
503 2207 555 2255 Sat.
571 2207 597 2265 4,
617 2206 646 2266 6,
664 2204 705 2256 ts.
719 2208 747 2255 et
764 2206 807 2265 40,
826 2205 866 2255 85.
885 2210 914 2255 A.
928 2207 956 2255 Ρ.
970 2206 1036 2269 374.)
1054 2208 1175 2268 Attamen
1188 2208 1254 2269 grati
1272 2208 1355 2257 enimi

272 2288 367 2352 plenus
385 2303 445 2340 eam
462 2291 631 2341 occasionem
648 2287 770 2339 Pollionis
787 2286 912 2338 laudandi
929 2290 1022 2350 sumit,
1048 2301 1129 2352 quam
1146 2290 1276 2340 offerebat
1292 2289 1355 2340 bel-

272 2370 359 2422 lorum
384 2372 499 2423 civilium
524 2374 631 2423 historia
656 2360 749 2423 ab'eo
776 2372 921 2435 composita
946 2371 988 2422 vel
1014 2373 1067 2423 iam
1092 2374 1201 2424 recitata
1224 2372 1266 2425 404
1290 2388 1355 2423 mox

274 2455 387 2506 edenda.
422 2455 550 2519 Singulari
573 2460 663 2506 eutem
686 2459 743 2505 0440
766 2470 873 2507 omnem
895 2458 1029 2507 Octaviani
1052 2459 1215 2509 mentionem
1238 2459 1353 2518 devitat3

273 2539 360 2588 neutri
377 2540 448 2589 enirn
466 2543 539 2603 grata
556 2552 600 2589 res
618 2554 678 2591 esse
695 2543 813 2606 poterat,
837 2542 859 2591 si
876 2539 1053 2605 qualicunque
1071 2542 1150 2593 modo
1168 2544 1194 2592 iu
1212 2542 1255 2592 4044
1272 2555 1356 2606 prae—

274 2622 350 2671 eonio
367 2635 396 2671 se
414 2623 568 2673 coniunctos
585 2624 722 2674 vidissent.
758 2625 888 2687 Scriptum
907 2625 1010 2675 videtur
1027 2639 1134 2676 carmen
1153 2628 1223 2676 04400
1240 2641 1264 2675 a.
1283 2640 1310 2676 u.
1326 2640 1352 2676 c.

273 2703 412 2754 744-747.
433 2732 460 2741 -
480 2707 509 2756 C.
528 2708 633 2756 Asinius
651 2708 698 2758 Cn.
718 2709 745 2757 F.
765 2706 844 2758 Pollio
861 2711 939 2758 natus
956 2721 980 2758 a.
1000 2709 1057 2759 670.
1075 2710 1151 2760 444444.
1171 2711 1265 2761 0040440
1282 2724 1355 2761 0000

274 2790 410 2838 accusavit
426 2790 455 2839 C.
469 2791 610 2849 Catonem,
634 2791 687 2841 iam
708 2790 865 2843 adolescens
882 2794 994 2855 leporum
1009 2794 1122 2843 04404404
1135 2808 1201 2856 puer
1217 2808 1248 2843 uc
1263 2795 1355 2857 faceti-

273 2885 362 2933 arum,
382 2870 473 2922 Catuli.
489 2873 535 2934 44,
554 2872 589 2932 8.,
608 2886 670 2924 mox
687 2874 807 2925 militavit
824 2875 873 2925 sub
888 2878 1001 2926 Caesare
1019 2879 1045 2926 in
1056 2876 1142 2927 Galliis
1160 2880 1187 2927 et
1202 2890 1251 2942 per
1267 2880 1355 2929 tolum

274 2954 375 3005 bellum
392 2954 480 3016 04444ος
499 2970 523 3005 0.
542 2958 598 3007 708.
618 2960 727 3021 praetor
744 2958 827 3009 lactus
845 2962 898 3021 est;
918 2959 1040 3024 deposito
1058 2962 1211 3024 magistratu
1223 2962 1355 3013 adversus

274 3041 384 3090 Sextum
401 3040 558 3104 Pompeium
574 3040 675 3092 bollum
692 3044 774 3106 gessit
790 3046 816 3093 40
829 3044 951 3109 llispauia
962 3043 1099 3105 ulteriore,
1119 3046 1161 3094 cui
1173 3058 1235 3095 cum
1247 3046 1356 3110 praele-

275 3125 349 3173 cerat
366 3124 476 3183 Caesam
504 3138 536 3173 ex
558 3138 611 3189 qua
633 3128 768 3191 provincia
785 3130 846 3193 post
863 3128 984 3179 Caesaris
1001 3128 1136 3178 interitum
1152 3130 1207 3179 tres
1224 3129 1258 3178 ad
1276 3130 1355 3179 Ciue-

275 3220 370 3256 ronem
391 3208 462 3257 misit
483 3208 607 3271 epistolas
626 3210 674 3275 (ad
695 3212 766 3261 Fam.
787 3212 830 3271 40,
849 3212 876 3261 34
884 3212 985 3275 -03.),
1004 3213 1030 3261 40
1048 3212 1145 3275 quibus
1163 3212 1211 3263 etsi
1230 3214 1355 3264 suumin

273 3304 359 3354 remp.
378 3291 496 3343 studium
512 3291 694 3357 libertatisque
712 3293 895 3345 detendendae
919 3293 1082 3347 voluntatem
1105 3296 1220 3347 ostendit
1241 3298 1297 3361 (Ep.
1311 3296 1354 3347 3⁴:

273 3376 326 3437 440,
352 3377 417 3425 alid
432 3377 532 3440 004404,
558 3383 586 3428 ut
606 3392 697 3427 444044
716 3379 744 3428 tn
757 3383 879 3440 potestate
897 3380 982 3429 004040
997 3382 1072 3430 unius
1087 3382 1149 3442 0404,
1177 3381 1356 3443 quiesceres

274 3465 321 3521 est,
340 3461 418 3510 04040
430 3463 552 3525 profiteor
566 3461 726 3527 inimicam),
744 3465 833 3512 tamen
850 3476 880 3511 40
898 3475 961 3512 4040
977 3464 1070 3513 firmus
1087 3464 1222 3529 proposito
1240 3462 1353 3527 (410442,

274 3544 325 3605 63.)
343 3547 371 3593 04
390 3542 495 3595 40440040
511 3544 632 3608 partibus
649 3545 731 3606 lidus,
755 3547 923 3608 Pompeianis
940 3546 1068 3597 adversus
1086 3547 1134 3597 fuit
1150 3550 1178 3597 et
1193 3560 1287 3598 mense
1306 3550 1356 3598 Se-

274 3626 389 3690 ptembri
407 3640 431 3675 a.
451 3628 508 3676 744.
528 3641 591 3678 cum
611 3630 723 3678 Antonio
747 3630 900 3694 Lepidoque
918 3644 947 3680 se
966 3632 1106 3682 coniunxit.
1141 3634 1162 3683 A
1180 3646 1234 3695 quo
1251 3632 1356 3683 40001-

274 3707 338 3758 liam
361 3710 522 3774 Cisalpinam
542 3712 641 3761 missus
661 3712 730 3763 hauc
753 3714 779 3763 40
802 3715 859 3764 0400
882 3714 934 3763 tide
958 3716 1084 3765 continuit
1101 3716 1136 3766 ad
1152 3730 1251 3766 aunum
1267 3730 1355 3781 usque

275 3789 343 3850 744,
362 3804 415 3854 quo
437 3793 530 3845 consul
551 3798 657 3847 creatus
674 3799 723 3847 est.
760 3796 861 3848 Deinde
879 3810 893 3847 u
912 3800 944 3850 44.
963 3800 1075 3849 Antonio
1096 3798 1188 3850 contra
1205 3801 1354 3857 Parthinos,

275 3873 371 3937 lllyrici
387 3876 515 3941 poputum
538 3880 609 3931 circa
626 3880 834 3943 Dyrrhachium,
859 3884 971 3945 missus,
995 3898 1018 3933 0.
1038 3884 1094 3934 744.
1113 3883 1168 3935 Kal.
1187 3886 1252 3935 Nov.
1272 3884 1306 3935 00
1325 3886 1356 3935 440

276 3959 440 4023 triumphum
461 3964 514 4024 egit
531 3965 593 4027 (Dio
614 3963 659 4026 ts,
681 3965 722 4017 tt.
742 3966 811 4029 virg.
830 3965 883 4017 Ecl.
903 3968 942 4029 8.)
962 3970 1041 4031 atque
1063 3982 1078 4019 e
1100 3968 1231 4020 manubiis
1252 3970 1357 4033 primus

275 4042 465 4094 bibliothecam
482 4046 616 4108 publicam
633 4050 732 4100 Romae
751 4050 855 4101 dicavit.
875 4050 946 4115 (Ptin.
960 4053 989 4111 7,
1008 4052 1032 4102 3.
1050 4056 1077 4103 04
1091 4053 1136 4113 344,
1155 4054 1190 4116 4.)
1202 4054 1357 4116 Insequenti

276 4129 397 4191 tempore
414 4127 448 4178 ab
466 4128 616 4193 Octaviano,
636 4136 665 4183 ut
675 4147 770 4186 secum
782 4137 872 4185 contra
884 4137 1026 4187 Antonium
1037 4138 1064 4187 in
1075 4134 1205 4203 proelium
1216 4138 1356 4187 Actiacum

275 4211 502 4275 proficisceretur,
526 4218 645 4277 rogatus,
671 4220 781 4279 «44000,
805 4221 901 4282 inquit,
923 4222 966 4270 uin
985 4222 1126 4272 Antonium
1143 4222 1241 4271 maiora
1261 4223 1355 4272 4004440
