2934 4884
674 345 804 395 Hous'ili
820 343 988 396 candiduli

537 498 651 566 Sidera
672 499 798 576 nautis;

455 658 564 725 Otium
586 655 672 722 bello
695 655 817 720 furiosa
838 654 975 726 Thrace,

451 779 561 846 Otium
583 776 667 843 Medi
690 775 842 862 pharetra
863 775 994 850 decori,

451 897 617 985 Grospho,
641 917 705 962 non
727 896 864 982 gemmis
886 917 995 982 neque
1018 917 1162 982 purpura
1184 915 1242 960 ve-

537 1018 609 1084 nale
631 1037 739 1104 neque
762 1035 851 1081 auro.

364 1215 369 1224 ·
450 1177 519 1240 Non
541 1175 628 1240 enim
651 1193 751 1260 gazae
773 1193 881 1259 neque
903 1172 1083 1239 consularis

450 1297 638 1361 Summovet
659 1293 752 1362 lictor
773 1294 910 1359 miseros
933 1292 1087 1358 tumultus
1331 1295 1376 1358 l0

345 1532 370 1581 8.
388 1543 432 1580 uec
449 1543 514 1579 aeuo
532 1531 582 1580 etr
599 1531 628 1578 et
643 1527 727 1578 Bentl.
748 1528 843 1590 (itosht
860 1539 955 1578 omnes
971 1528 1070 1590 neam.)

280 1746 383 1798 pernox
408 1735 462 1792 est,
489 1745 584 1784 secure
610 1732 694 1782 fidere
717 1734 807 1795 potest
877 1734 918 1782 44.
942 1730 1155 1795 humatum]
1179 1734 1270 1781 «teca
1286 1731 1376 1782 tricli-

280 1809 574 1870 mercatornavigans»,
587 1809 743 1858 nominatim
756 1809 807 1857 lle-
843 1807 948 1856 ntorum
969 1804 1141 1868 laquearibus
1158 1805 1215 1855 siva
1236 1804 1375 1856 lacunari-

280 1881 329 1932 llce
342 1885 369 1932 et
378 1883 525 1944 Cynosura.
545 1883 599 1931 Cic.
613 1883 683 1931 Arat.
698 1881 729 1930 37
743 1895 803 1944 sqq.
841 1880 894 1929 bus
911 1879 1069 1942 plerumque
1092 1892 1157 1928 aum
1181 1882 1261 1942 atque
1285 1880 1374 1930 ebore

280 1955 411 2016 Manlii,
430 1953 490 2005 tot:
509 1957 646 2017 Praecipue
656 1955 737 2004 aredio
748 1968 806 2003 mens
841 1953 883 2003 vel
902 1967 985 2017 opere
1003 1953 1106 2003 musivo
1126 1953 1270 2016 picturisve
1288 1967 1375 2004 orua-

280 2031 342 2080 tuna
366 2029 508 2091 captatione
533 2029 605 2089 orbe,
633 2029 707 2079 Certa
727 2030 806 2078 uitem
842 2028 875 2077 tis
892 2027 1032 2090 magnifice
1048 2029 1271 2090 variegatorum·
1301 2031 1375 2078 Pro-

280 2105 373 2156 muudo
385 2104 483 2154 sidera.
500 2101 592 2154 Tibull.
605 2105 614 2152 4
627 2142 632 2163 ,
646 2103 674 2164 9,
689 2103 732 2153 to:
751 2104 807 2152 Du·
841 2105 929 2168 prium
946 2105 1037 2152 autem
1055 2105 1096 2152 est
1112 2100 1283 2151 vocabulum.
1312 2104 1372 2154 Cic.

280 2179 481 2228 mmtimtadites
496 2179 759 2228 duraremus.
841 2179 972 2240 deLegg.
991 2177 1021 2236 4,
1040 2178 1069 2225 t:
1090 2177 1376 2238 mmmmmc-

314 2255 338 2302 5.
358 2253 383 2302 6.
402 2253 463 2302 bello
478 2253 584 2316 4444444]
602 2253 720 2315 «asperis
729 2250 807 2302 bellis
840 2267 887 2302 reu
902 2253 1133 2313 einamma
1143 2256 1280 2300 casteneto.
1301 2252 1373 2302 stat.

281 2339 390 2389 semper
407 2325 564 2390 implicata.»
586 2321 645 2390 Ῥὴν
662 2321 804 2396 ἀρειμανῆ
840 2325 925 2377 Theb.
939 2328 966 2385 4,
980 2323 1043 2375 til:
1061 2337 1147 2374 craeso
1158 2325 1294 2385 4444444444
1302 2326 1377 2388 suita

279 2398 322 2449 vel
351 2397 493 2468 ὄοριμανῆ
521 2399 670 2462 significare
699 2400 805 2450 videtur
839 2400 948 2449 44444444.
970 2423 998 2435 -
1017 2397 1301 2449 &emendantibus
1327 2399 1376 2450 iu·

279 2471 413 2522 intellecta
431 2475 516 2523 activo
534 2472 666 2524 Lobeclrio
685 2475 802 2524 adhiac.
840 2475 924 2524 uestis
951 2474 986 2522 ita
1015 2475 1167 2536 comperet,
1201 2476 1231 2522 ut
1261 2471 1374 2526 volatus

281 2547 336 2596 443.
355 2547 478 2609 Sophocl.
496 2548 582 2610 Antig.
601 2549 661 2597 970:
682 2546 804 2619 Θρῃκῶν
840 2549 984 2610 imaginem
999 2545 1106 2606 leviter,
1134 2547 1372 2610 quemadmodum

279 2614 490 2685 --ἀγχίπτολις
503 2612 597 2691 Ἄρης.
627 2623 716 2685 Eurip.
737 2624 801 2672 llec.
840 2635 890 2686 par
906 2625 973 2681 4444,
991 2621 1132 2683 significet.
1167 2622 1220 2671 Cir.
1238 2623 1329 2672 statim
1342 2636 1371 2672 v.

280 2695 356 2744 ⁴088:
376 2693 492 2764 Θρῄκης
508 2692 718 2766 Λογχοφόρον,
737 2689 803 2746 ἔνο·
840 2698 881 2746 24.
906 2697 1037 2758 Theognis
1059 2697 1116 2745 729.
1141 2697 1186 2746 lh:
1215 2693 1373 2765 opomtteg

279 2767 360 2828 πλον,
379 2763 596 2840 εὔϊππον,“Αρει
612 2766 741 2829 κάτοχον
755 2773 803 2837 γέ·
840 2765 1001 2840 ἀνθρώπων
1017 2764 1126 2830 ἔλαχον
1149 2766 1238 2840 πτερὰ
1260 2771 1371 2821 ποικίλ’

278 2859 338 2905 νος.
357 2845 427 2906 Virg.
441 2848 505 2894 hen.
519 2845 548 2902 3,
563 2845 606 2893 ⁴3:
628 2845 805 2907 Tmuproeul
841 2839 965 2905 ἔχουσαι
976 2841 1037 2894 κτλ.

277 2919 355 2967 emtis
366 2917 457 2967 colitur
466 2919 595 2968 Mauortia
605 2921 712 2982 campis·
727 2921 804 2969 Thro-
874 2919 913 2969 43.
943 2920 1039 2968 Vivitur
1055 2931 1140 2979 petuo
1160 2918 1231 2982 44444]
1250 2917 1373 2968 «beate-

278 3006 317 3042 ces
340 2998 425 3042 44444.
461 2992 547 3044 hlanil.
567 2993 597 3052 4,
621 2993 681 3044 686;
711 2996 804 3045 iluuce
839 3007 893 3058 que
911 2995 935 3042 ei
954 2993 996 3056 (ab
1009 2994 1060 3056 eo),
1079 2994 1122 3042 cui
1133 2992 1197 3042 nihil
1208 2993 1298 3052 deest,
1316 2997 1371 3045 etsi

278 3069 387 3117 44444444
410 3068 500 3116 sortita
525 3068 647 3118 cotom
674 3096 701 3105 -
725 3068 802 3133 Medi]
840 3068 943 3118 dividas
960 3080 1014 3116 non
1030 3067 1176 3130 possidet.»
1203 3068 1252 3126 Qui
1269 3067 1372 3118 distin-

279 3141 380 3200 Purthi,
401 3147 431 3191 ut
447 3155 539 3206 saepe.
838 3155 916 3191 xere:
938 3142 1034 3190 Vivitur
1040 3154 1124 3202 paruo
1135 3141 1202 3191 tene.
1221 3142 1371 3206 Culpam-

310 3216 334 3265 9.
353 3217 410 3266 Noa
426 3218 492 3266 mim
507 3217 597 3283 pasus]
614 3217 698 3268 Varro
709 3219 737 3268 in
747 3221 803 3268 An·
838 3220 971 3276 nuncet,
984 3229 1036 3265 non
1047 3215 1268 3279 videmutpn'ora
1279 3217 1369 3268 verba

278 3289 341 3340 thol⁴
362 3293 417 3342 Lat.
437 3291 528 3341 Burm.
547 3293 566 3341 l.
585 3305 645 3354 pag.
664 3293 728 3342 tta:
746 3293 803 3341 Nou
838 3288 1121 3340 tuncnihilcontiuere
1133 3289 1373 3342 uisilocumcom-

274 3367 304 3428 444
320 3365 457 3426 mucuns,
479 3377 531 3414 444
548 3379 613 3414 aare
631 3367 713 3427 pecte*
733 3366 803 3416 sotu-
838 3378 950 3415 munem
959 3377 1076 3427 eumque
1086 3363 1232 3414 admodum
1243 3367 1368 3425 tenuem,

276 3445 343 3496 4444,-
368 3441 425 3488 Neu
447 3439 540 3488 animis
556 3441 657 3488 ament
673 3453 750 3489 curae
770 3455 802 3489 uc
839 3441 868 3489 et
889 3452 938 3503 pro
960 3441 1012 3488 Nec
1034 3442 1097 3488 tunc
1119 3439 1219 3501 requiri
1241 3439 1308 3488 Non.
1335 3466 1368 3476 -

275 3513 407 3574 retipinnes
414 3513 548 3562 Paestum
556 3519 659 3576 montes,
672 3529 722 3564 uon
733 3515 804 3564 atita
838 3513 973 3565 Pedestria
994 3513 1120 3563 orationis
1141 3515 1215 3580 esset
1231 3513 1262 3562 44.
1280 3515 1310 3562 Ρ.
1322 3513 1370 3563 ubi

276 3585 354 3633 dwiti'
374 3587 467 3636 Crassi.
838 3601 887 3652 pno
903 3589 953 3637 citi.
975 3613 1003 3623 —
1012 3592 1148 3649 potemus
1159 3613 1174 3624 -
1184 3587 1302 3651 44444444]
1315 3601 1369 3638 «ex

310 3659 350 3708 44).
370 3659 520 3724 Simunooet]
539 3660 653 3711 verbum
663 3664 802 3726 proprium
838 3664 923 3726 patria
940 3662 1088 3712 hereditate
1108 3665 1286 3726 acceptum»,
1309 3675 1370 3725 quo

276 3731 310 3780 de
342 3731 488 3782 lictoribus.
531 3735 637 3784 Festus:
668 3737 803 3786 4444444444
838 3738 1002 3800 signifloetur
1017 3737 1100 3800 patris
1116 3737 1170 3785 iam
1186 3735 1292 3786 modica
1309 3735 1371 3786 ior·

274 3821 326 3856 uon
342 3807 561 3857 summovebantur
575 3823 594 3857 a
604 3811 800 3873 nmguuadbus.
839 3814 901 3862 tuna
919 3825 935 3860 a
953 3810 1006 3861 tillo
1023 3823 1112 3875 neque
1125 3813 1203 3860 aucta
1215 3822 1305 3872 neque
1317 3811 1372 3861 im·

275 3881 336 3930 Sine
354 3881 482 3943 imagine:
503 3895 570 3932 «nec
587 3882 695 3934 divitiae
712 3898 801 3949 neque
838 3887 948 3936 minuta.
971 3887 1027 3936 lloc
1046 3889 1137 3936 autem
1149 3897 1248 3934 aureae
1259 3883 1372 3934 medio·

275 3956 372 4006 summi
385 3956 502 4008 honores
513 3959 585 4007 curis
597 3971 646 4008 nos
661 3957 800 4010 liberant.»
839 3961 939 4010 critatis
950 3962 1009 4010 erat
1019 3960 1092 4024 apud
1103 3961 1248 4019 Romanos,
1261 3958 1370 4010 habere

277 4057 304 4064 -
323 4030 450 4094 mutue]
465 4043 547 4094 saepe
560 4032 594 4081 de
606 4033 686 4082 animi
698 4037 803 4096 pertur-
828 4033 951 4085 salinum
972 4049 1006 4086 ex
1029 4038 1139 4100 argento
1155 4032 1237 4084 veluti
1253 4047 1304 4085 uss
1321 4047 1372 4085 sa-

273 4100 426 4154 bationibus
444 4117 477 4154 ex
491 4105 695 4168 cogitationibus
713 4107 739 4154 in
759 4107 802 4157 di·
839 4121 923 4158 crum.
958 4111 1032 4160 Pers.
1051 4111 1080 4170 3,
1103 4111 1148 4159 at:
1174 4121 1237 4158 we
1254 4113 1372 4171 putem

274 4187 352 4226 versa
370 4177 545 4229 trahentibus.
573 4180 627 4229 Sat,
646 4179 674 4239 2,
693 4179 721 4240 3,
741 4182 798 4233 408.
838 4183 1149 4245 summovendum,
1164 4185 1372 4246 purumetsiae
