2934 4884
685 376 814 427 HORATH
833 376 1001 429 Catuiacia

469 536 608 621 Campos
632 534 803 607 iuvencae,
828 553 912 599 nnnc
934 530 1040 597 fluviis
1062 553 1192 616 gravem

513 654 651 721 Solantis
674 664 812 729 aestum,
838 674 922 720 nunc
945 653 977 717 in
998 653 1064 719 udo

555 775 682 841 Ludere
707 796 781 841 cum
809 774 915 839 vitulis
937 773 1049 841 salicto

470 934 729 1022 Praegestientis.
775 932 862 998 Tolle
884 932 1070 1019 cupidinem
1127 1023 1130 1035 ι

471 1056 603 1121 Immitis
627 1075 727 1121 uvae:
755 1054 819 1120 iarn
843 1053 898 1119 tibi
921 1052 1037 1119 lividos

513 1176 695 1264 Distinguet
715 1177 915 1242 ductumnus
937 1195 1085 1242 racemos

556 1300 724 1385 Purpureo
748 1298 856 1363 varius
885 1296 1004 1363 colore.

369 1518 408 1567 tt.
426 1514 632 1567 emamanuel
650 1515 759 1577 yFaria
783 1517 810 1563 at
830 1512 914 1564 Bantl.
934 1514 1003 1563 coni.
1023 1514 1127 1564 firmata
1145 1513 1179 1563 ab
1198 1512 1263 1563 Edd.
1284 1512 1359 1565 4485.

337 1591 409 1641 iisd.
423 1590 493 1655 apud
512 1589 641 1652 Cuningh.
655 1589 741 1639 duim.
755 1602 781 1652 p.
795 1588 852 1637 265.
881 1590 910 1639 In
927 1588 969 1639 his
986 1590 1075 1639 crtum
1092 1588 1198 1639 videtur
1215 1602 1247 1638 ex
1266 1601 1361 1638 errore

334 1666 399 1713 Van.
415 1664 488 1715 itai.
507 1664 621 1713 αστίστιτ.
638 1690 664 1698 -
684 1655 912 1723 Ρνφαναανσήσ
923 1664 1006 1713 colore
1018 1662 1103 1713 Codd.
1118 1663 1179 1726 aiiq.
1194 1662 1324 1713 Lambini.

335 1860 359 1909 o.
383 1859 510 1923 iuccrwoc]
531 1858 667 1922 Epicrates
686 1856 757 1921 apud
776 1859 829 1907 Aa·
865 1871 921 1907 carc
933 1872 1092 1921 purpureum
1108 1860 1219 1907 nondun
1234 1864 1341 1909 maturo
1355 1873 1399 1908 co-

302 1932 363 1983 tian.
383 1935 413 1983 ii.
433 1935 462 1983 Α.
483 1934 529 1994 tt,
549 1934 600 1993 aa,
620 1930 666 1981 ubi
683 1932 743 1982 lena
761 1932 830 1981 iurat
866 1930 951 1981 torcat.
973 1934 1037 1982 Cato
1050 1932 1099 1981 itii.
1114 1932 1158 1983 73:
1175 1932 1399 1982 ubiwocvaiioc

302 2008 336 2057 de
358 2006 460 2072 puella:
487 2001 528 2069 ὥς
544 2002 680 2071 δάμαλις,
703 2002 744 2068 ὦς
761 2022 830 2077 παρ-
865 2007 991 2068 coepcm'nt
1005 2007 1069 2069 liert.
1102 2004 1195 2057 Catuli.
1215 2007 1261 2067 Η,
1281 2006 1322 2056 td.
1343 2020 1398 2071 pu-

301 2082 402 2145 θένος,
421 2077 461 2145 ὥς
473 2078 568 2144 πῶλος
579 2076 684 2146 ἀδμής.
702 2078 826 2145 sephori.
866 2080 944 2131 ctiam
975 2080 1134 2131 adulatorem
1162 2082 1217 2130 uois
1249 2082 1398 2144 nipcnimis

304 2160 397 2209 Traoh.
415 2158 471 2207 529.
490 2156 524 2206 de
544 2158 679 2206 Deianira:
699 2149 759 2205 ἀπὸ
775 2171 830 2220 μα·
867 2156 993 2218 (maturis)
1012 2154 1162 2218 diligentius
1180 2168 1240 2206 asse
1253 2168 1399 2206 asservan-

302 2227 370 2303 τρός
386 2226 468 2302 ἄφαρ
488 2229 614 2291 βέβακεν
635 2223 709 2280 ὥστε
729 2226 829 2299 πόρτις
866 2229 929 2279 darn
947 2231 990 2279 ait.
1026 2232 1091 2280 Tres
1109 2230 1187 2293 igitur
1204 2232 1266 2280 sunt
1282 2230 1396 2293 gradus,

302 2303 406 2376 ἐρήμα.
433 2335 460 2343 -
479 2320 546 2355 amic
562 2306 830 2370 ttwits]utpraeser
866 2304 964 2367 quibus
986 2318 1037 2353 ura
1055 2304 1153 2354 acerba
1172 2307 1199 2354 et
1215 2302 1305 2354 viridis
1326 2298 1399 2369 (ὄμ-

302 2383 350 2432 tim
362 2383 432 2431 circa
444 2380 585 2430 meridiem
597 2379 721 2430 Italorum
733 2392 828 2442 greges
866 2375 937 2443 φαξ)
953 2380 1121 2429 maturescit:
1141 2378 1221 2439 iiior,
1240 2392 1398 2443 purpureus

303 2458 374 2506 rirus
383 2454 563 2517 ingredientes
575 2468 635 2505 sese
647 2457 757 2503 tuentur
767 2466 830 2503 con·
867 2453 953 2515 color,
972 2455 1054 2517 niger.
1075 2456 1131 2505 Hoc
1147 2466 1210 2516 ergo
1222 2453 1297 2503 dicit:
1319 2455 1397 2503 «Mon

302 2534 342 2580 tra
354 2529 417 2579 sotis
434 2531 539 2579 aestum
557 2531 584 2577 et
598 2530 691 2577 contra
704 2527 825 2578 tabanos.
866 2530 1032 2578 Auotumnus
1044 2528 1149 2578 varians
1166 2528 1300 2577 fruetuum
1320 2527 1399 2577 colo-

335 2604 360 2653 8.
380 2605 404 2651 9.
433 2617 491 2652 cum
506 2602 599 2665 citatis]
620 2602 715 2665 «quasi
732 2604 829 2652 etiam·
866 2615 1005 2653 rasuram
1023 2604 1156 2667 distinguat
1174 2601 1258 2666 (aliter
1275 2602 1396 2665 tinguat„

304 2692 374 2729 nunc
392 2677 513 2727 eiusdem
530 2690 593 2727 oum
609 2674 657 2726 iliis
674 2678 748 2727 esset
759 2680 830 2727 aeta-
864 2676 951 2741 sdrbt
968 2676 1029 2741 um)
1041 2690 1177 2742 purpureo
1189 2675 1292 2737 colore,
1311 2690 1399 2740 quem

303 2754 363 2802 tis.»
377 2779 405 2788 -
415 2752 571 2814 praeposito,
590 2744 830 2821 ὁπερπρσθνμοῦ-
867 2753 955 2803 statim
974 2754 1102 2815 sequatur
1119 2754 1207 2814 niger,
1226 2750 1322 2815 plenae
1335 2764 1399 2801 ma-

302 2841 365 2891 μαι.
402 2829 521 2874 Gnossan.
867 2827 981 2877 inritatis
998 2827 1112 2888 signum.
1144 2824 1400 2875 Velutauctumnus

337 2902 375 2949 io.
402 2899 514 2962 imanis]
532 2899 661 2961 acerbae,
681 2893 827 2965 ὄμφακος.
867 2900 997 2951 fructibus
1014 2900 1196 2950 maturitatem
1214 2899 1341 2963 praebet,
1361 2902 1400 2950 ita

303 2975 391 3038 Epigr.
418 2972 522 3023 anthol.
550 2972 603 3023 Pal.
631 2976 650 3023 i.
678 2989 739 3039 pag.
768 2976 827 3026 iai:
866 2978 973 3041 tempus
991 2978 1107 3027 amamm
1125 2974 1243 3039 pueliam
1259 2978 1400 3026 maturam

296 3042 414 3112 Ὄμφαξ
443 3042 497 3098 οὐκ
523 3047 694 3112 ἐπένευσας·
724 3042 766 3099 ὅτ’
794 3042 829 3115 ἧς
867 3055 894 3101 et
915 3049 1032 3101 habilem
1055 3050 1102 3101 tibi
1124 3050 1252 3100 reddet.»
1288 3050 1398 3101 Pindar.

303 3119 455 3188 σταφυλή,
473 3124 665 3193 παρστέμψω.
685 3120 732 3189 Μὴ
751 3125 830 3187 cito-
866 3126 960 3176 isthm.
979 3126 1004 3185 ἢ,
1018 3124 1041 3174 t.
1061 3125 1095 3174 de
1114 3138 1212 3189 puero:
1226 3115 1322 3187 Ὅστις
1340 3122 1400 3176 ἐών

303 3199 390 3269 νέσῃς
406 3195 509 3249 δοῦναι
518 3192 575 3248 κᾶν
585 3195 681 3269 βραχτ)
694 3197 747 3265 τῆς
758 3212 830 3249 στα-
866 3196 956 3261 καλὸς
973 3194 1050 3258 εἶχεν
1058 3192 1225 3269 Ἀφροδίτας
1236 3193 1396 3269 Εὖθρόνον

303 3270 397 3335 φίδος.
865 3271 1042 3345 μνάστειραν
1059 3268 1180 3324 ἁδίσταν
1198 3267 1326 3345 ὀπώραν.

337 3348 377 3398 tt.
414 3346 501 3397 Verba
526 3348 565 3398 sic
588 3346 748 3398 ordinanda:
775 3348 829 3399 Λν-
899 3350 939 3399 43.
965 3347 1051 3413 ferar]
1079 3348 1240 3409 «indomita,
1266 3350 1400 3399 intracta-

302 3426 417 3472 ctumnur
431 3424 520 3471 vatim
531 3424 830 3486 uurinquatcotorapoe
866 3422 925 3473 bilis
947 3420 988 3472 ilia
1011 3426 1099 3481 actas,
1126 3434 1178 3485 qua
1196 3421 1300 3487 puellae
1323 3424 1399 3473 viros

299 3510 381 3558 patroc
396 3510 509 3545 racemos
525 3498 627 3557 lividos,
646 3510 714 3546 non:
733 3497 829 3547 Acciti-
867 3498 957 3561 tugerc
976 3496 1088 3548 solent.»
1107 3496 1232 3560 (trotzip.)

302 3584 375 3619 mnus
391 3571 525 3633 distinguat
543 3584 657 3620 racemos
676 3572 765 3620 ttoidm
780 3584 828 3620 ou-
900 3572 940 3622 tt.
959 3572 1099 3636 rtanpsait]
1118 3572 1185 3623 Anni
1203 3572 1273 3621 vitae
1292 3573 1320 3621 et
1331 3584 1398 3620 vera

301 3645 357 3693 η’ντ
369 3645 451 3693 cotors
464 3658 602 3706 purpureo.
636 3646 726 3695 Variam
737 3647 829 3697 autern
866 3645 951 3697 vitalis
969 3648 996 3696 et
1012 3646 1162 3711 sperandae
1180 3647 1246 3697 demi
1263 3644 1343 3696 uobis
1355 3647 1398 3695 vi-

303 3732 357 3768 non
374 3721 438 3776 tam,
457 3720 622 3781 quinarios,
642 3721 728 3771 omnis
746 3734 830 3783 gene·
867 3722 963 3771 dentur
980 3724 1041 3785 post
1057 3734 1158 3771 annum
1177 3722 1271 3772 aetatis
1289 3707 1399 3770 cireiter

304 3794 340 3843 ris
356 3792 457 3843 tructus
474 3793 610 3857 producit,
630 3795 679 3844 sed
696 3796 829 3858 quatenus
866 3798 951 3857 XLV.;
970 3796 1188 3847 adolescentibus
1200 3799 1292 3846 contra
1305 3800 1334 3847 et
1345 3798 1398 3846 rir-

303 3866 392 3915 varios
413 3866 618 3930 (schitica-nde
640 3870 829 3933 potiusquam
866 3870 971 3934 ginibus
993 3871 1074 3921 iidem
1095 3871 1130 3921 iiii
1154 3872 1215 3921 anni
1238 3870 1345 3929 felices,
1370 3874 1399 3919 ut

304 3938 411 4001 tanta)
430 3940 535 3993 colores
552 3944 628 4002 uvis,
649 3944 745 4007 pomis,
765 3944 829 4007 piris
867 3942 944 3995 nobis
960 3945 1097 4003 videntur.
1121 3950 1286 4008 opponuctw
1308 3956 1397 4007 usque

268 4024 278 4043 ⁸
304 4015 356 4065 oet.
370 4014 478 4064 inducit.
493 4018 571 4080 Prop.
585 4017 615 4076 t,
628 4019 658 4078 2,
678 4017 723 4067 43ε
742 4018 829 4067 Priora
866 4019 900 4069 ad
913 4032 1013 4069 annum
1023 4020 1075 4069 XX.
1086 4020 1180 4084 virgini
1192 4018 1307 4077 italicae,
1319 4018 1395 4067 XXV.

303 4089 364 4137 miii
393 4090 562 4150 (Vertumnus
579 4091 707 4155 loquitur)
743 4093 830 4142 conat
867 4093 1055 4153 Germanicae,
1081 4094 1178 4144 XXXV.
1198 4090 1240 4140 vei
1264 4092 1287 4141 si
1311 4092 1396 4141 mavis

304 4162 434 4212 liventibus
449 4167 625 4214 uooraccaiia.
661 4168 707 4217 Ov.
721 4168 783 4218 tici.
802 4166 826 4227 3,
866 4170 916 4217 XL.
937 4168 1037 4229 iuveni,
1057 4168 1103 4216 ubi
1116 4168 1207 4216 monte
1219 4167 1330 4229 saepius
1342 4164 1398 4215 vot·

305 4234 365 4284 isa:
384 4242 412 4285 ut
427 4239 508 4286 nana
524 4238 646 4287 notatam
656 4242 765 4290 roconis
776 4244 829 4291 Du·
866 4242 965 4299 vimus,
985 4242 1056 4291 hunc
1074 4240 1116 4291 ret
1134 4240 1207 4291 ilium
1222 4252 1324 4291 anuum
1336 4242 1397 4289 viri-
