2934 4884
649 379 779 429 nouauit
796 377 924 428 EPODON

414 536 462 602 nh
484 535 539 602 ab!
564 533 689 601 solutus
711 533 854 601 ambulat
875 533 1040 600 veneficae

457 655 643 724 scientioris
665 655 817 721 carmine.

416 781 486 844 Non
506 777 646 850 usitatis,
669 776 767 852 Vere,
789 775 990 862 potionibus,

460 903 489 966 Ο
509 897 610 965 multa
631 897 782 964 fleturum
803 905 915 983 caput,

415 1019 463 1087 nd
484 1041 537 1087 me
558 1039 727 1092 recurres,
752 1037 813 1083 nec
834 1028 947 1084 vocato
968 1037 1059 1084 mens
1082 1029 1136 1084 tua
1301 1020 1343 1081 75

458 1141 571 1207 Marsis
593 1139 711 1206 redibit
730 1139 885 1205 vocibus:

415 1263 517 1328 Maius
539 1259 678 1350 parabo,
701 1260 806 1326 maius
827 1257 991 1325 infundam
1013 1259 1069 1325 tibi

358 1355 361 1359 .
461 1381 647 1450 Fastidienti
669 1379 837 1469 poculum,

418 1506 577 1593 Priusque
599 1503 726 1570 caelum
748 1501 832 1568 sidet
852 1501 984 1580 inferius
1008 1503 1106 1577 mari,

315 1695 355 1742 ll.
373 1694 445 1743 Alto!
462 1690 607 1751 Beothius,
626 1691 727 1739 Halo!
746 1691 805 1739 Fea.
826 1691 887 1753 (om.
900 1690 940 1751 ll.)

251 1863 280 1911 ut
295 1859 352 1920 alil,
371 1858 492 1908 detracta
502 1857 631 1920 imagine:
651 1857 777 1906 «Dehne-
814 1856 919 1908 tidianis
952 1857 1173 1910 incantationibus
1202 1860 1340 1918 tlarsicis,

250 1938 293 1985 tar
317 1933 429 1984 aliarum
454 1931 614 1982 feminarum
638 1930 776 1982 amoribus
813 1931 863 1981 sed
880 1928 956 1993 longe
979 1931 1172 1982 efficacioribus
1195 1936 1239 1982 tua
1262 1947 1343 1984 meus

250 2009 399 2067 districtus,
418 2007 473 2056 mei
484 2018 594 2069 prorsus
606 2005 775 2055 immemor.»
814 2007 883 2056 tacta
907 2005 943 2054 ad
965 2019 1009 2056 me
1027 2005 1139 2066 redibit;
1168 2019 1231 2057 nam
1254 2009 1344 2058 maius

252 2083 276 2145 2)
295 2081 414 2132 «Dormit
431 2081 458 2130 in
475 2081 608 2130 incantato
626 2079 705 2130 cubili
727 2078 777 2128 ali·
814 2083 883 2130 cet.»
904 2080 946 2128 Sic
963 2083 1053 2130 menta
1065 2081 1196 2143 repetitur
1212 2081 1342 2145 praeced.

251 2158 327 2208 cuius
344 2167 423 2206 meac
440 2153 573 2214 aemulae,
593 2166 662 2217 quae
674 2152 776 2204 artibus
813 2157 903 2216 mine,
915 2157 974 2204 etv.
985 2155 1067 2203 maim
1077 2156 1220 2218 opponitur
1233 2157 1343 2219 utrique

252 2232 308 2282 suis
324 2230 425 2289 effecit,
444 2231 474 2279 ut
485 2229 605 2278 omnium
617 2226 728 2276 ollarum
742 2224 777 2275 le·
814 2228 937 2278 membro
954 2241 1004 2278 non
1020 2229 1119 2278 usitatis
1130 2229 1181 2277 cet.
1196 2231 1224 2278 et
1239 2243 1285 2278 nec
1299 2244 1346 2279 uo-

252 2307 385 2354 miuarum
405 2301 634 2352 oblivisceretur.»
661 2301 684 2363 ³)
704 2301 777 2349 «Non
813 2306 934 2353 catacet.
968 2303 1054 2363 Atque
1068 2301 1190 2352 similiter
1206 2305 1260 2354 iam
1276 2305 1342 2354 hdr.

252 2377 340 2429 solum
351 2379 405 2428 mei
415 2377 515 2427 amoris
526 2374 624 2426 oblitus
639 2376 667 2424 in
677 2377 778 2424 atram·
814 2375 955 2426 Turnebus
980 2375 1091 2440 (Amris.
1112 2375 1155 2434 lt,
1176 2376 1229 2440 ill:
1268 2380 1343 2428 «Nou

252 2467 305 2518 que
315 2466 409 2503 aurem
418 2452 525 2511 dormit,
535 2451 583 2502 sed
593 2451 674 2500 etiam
685 2461 776 2499 amore
814 2452 840 2499 te
858 2451 944 2501 Marsa
969 2452 1062 2500 naenia
1087 2463 1136 2500 nec
1159 2452 1283 2502 cantione
1307 2451 1343 2501 ad

252 2529 374 2578 omnium
399 2539 522 2576 mearum
543 2524 710 2575 aemularum
732 2536 778 2574 so-
815 2536 858 2573 me
877 2524 1024 2584 revocabo,
1052 2538 1102 2575 nec
1120 2537 1198 2575 mens
1215 2527 1260 2574 tua
1277 2527 1343 2576 mihi

252 2599 349 2650 lunis.»
364 2627 392 2636 -
410 2600 512 2664 mutin]
531 2603 560 2649 ut
576 2599 721 2658 0d.t,27,
736 2598 776 2647 il.
815 2599 969 2648 restituetur
995 2599 1099 2661 magico
1125 2600 1263 2658 carmine;
1293 2599 1343 2652 sed

284 2674 373 2725 73-76.
395 2675 469 2736 Vere]
486 2674 550 2724 ltlira
562 2674 610 2723 tuit
625 2672 708 2722 lahnii
719 2672 778 2734 opi·
816 2673 902 2722 maius
924 2672 1053 2736 quiddam
1075 2673 1177 2737 parabo
1196 2676 1223 2724 st
1240 2689 1273 2724 ex
1289 2675 1343 2724 hu-

252 2750 296 2798 nio
318 2749 390 2797 hunc
412 2749 512 2796 Varum
536 2748 579 2795 hic
601 2749 657 2796 tam
679 2744 777 2795 acerbe
816 2747 1342 2811 manisextisamatoriotemperatouon

251 2822 358 2870 irrisum
376 2820 493 2870 eundem
510 2831 571 2869 esse
588 2822 668 2883 atque
685 2831 778 2869 camin
815 2821 911 2870 usitata
933 2822 1040 2884 potione
1063 2825 1089 2871 te
1107 2821 1231 2871 insanum
1249 2835 1342 2872 amore

252 2894 352 2944 Horatii
360 2891 490 2953 sodalem,
502 2893 535 2942 ad
545 2906 628 2956 quem
636 2896 678 2944 est
686 2895 776 2951 carm,
816 2895 869 2944 mei
881 2893 1019 2946 reddamus
1041 2897 1070 2945 ln
1081 2893 1182 2957 volgari
1193 2896 1297 2946 ratione
1310 2909 1343 2946 ex

254 2968 281 3028 t,
301 2967 341 3016 ta.
359 2969 445 3018 lmmo
460 2967 600 3018 retinenda
611 2971 654 3017 est
668 2969 778 3031 antiqua
815 2983 858 3018 vv.
870 2971 903 3018 ad
913 2983 952 3018 me
963 2971 1085 3033 satispro
1097 2969 1227 3019 arbitratu
1236 2969 1345 3021 eliciunt

253 3039 296 3092 illa
314 3038 486 3111 παράδοσις,
505 3043 585 3094 luisse
603 3042 675 3092 hunc
686 3042 779 3106 Alfium
816 3044 851 3092 ad
861 3047 898 3103 te,
913 3045 1011 3093 etanta
1023 3057 1049 3093 v.
1063 3045 1146 3093 maists
1156 3042 1235 3108 plene
1249 3045 1345 3094 distin-

253 3115 390 3179 quendam
409 3117 518 3177 Varum,
546 3117 681 3166 homiuem
703 3119 778 3166 cete-
815 3119 913 3180 guunt,
933 3118 1151 3181 interpretantes:
1180 3131 1248 3168 «nec
1266 3129 1343 3168 mens

254 3192 350 3254 roquin
367 3192 496 3254 ignotum.
524 3191 576 3241 Cir.
591 3191 779 3240 Carminisve-
816 3197 861 3241 tua
885 3193 952 3241 meis
977 3192 1088 3242 venenis
1115 3189 1200 3241 semel
1229 3191 1343 3242 alienata

254 3268 325 3318 teres
357 3267 545 3331 inscriptiones
574 3265 644 3329 apud
673 3277 722 3314 nos
752 3267 778 3314 et
815 3265 934 3328 mihique
951 3264 1065 3314 obnoxia
1083 3265 1164 3324 lacta,
1184 3265 1345 3316 incantatio-

254 3340 325 3404 apud
345 3339 586 3402 Venderhurgium.
615 3337 692 3388 Estne
714 3339 777 3388 lior.
815 3338 893 3389 nibus
910 3339 1003 3390 Marsis
1016 3342 1156 3398 revocata,
1174 3351 1297 3401 unquam
1309 3340 1343 3390 art

253 3417 296 3465 Pr.
315 3428 341 3477 p.
360 3415 418 3464 202.
441 3442 467 3450 -
482 3413 634 3476 potientem]
656 3413 686 3461 V.
707 3417 778 3474 poto
815 3417 854 3474 te,
882 3413 908 3462 id
932 3415 987 3474 est,
1015 3413 1048 3462 ed
1066 3413 1208 3462 sanitatem
1231 3411 1343 3463 liberta-

254 3489 380 3550 lrequens
406 3489 440 3538 de
465 3487 568 3552 philtris
594 3501 626 3538 ac
649 3489 777 3548 venenis,
816 3489 923 3551 temque
941 3485 1065 3537 redibitur
1087 3485 1150 3536 nlit:
1169 3499 1238 3536 «nec
1255 3491 1282 3538 te
1299 3501 1344 3539 se·

253 3562 324 3612 unde
346 3563 420 3626 apud
437 3564 509 3612 Suet.
529 3560 609 3624 Galig.
628 3563 669 3612 5⁰.
693 3562 779 3623 potio·
816 3560 867 3611 mel
898 3561 962 3610 mihi
993 3559 1152 3610 advocatum
1177 3573 1210 3610 ac
1235 3564 1343 3624 potione

252 3641 340 3697 nctus,
359 3639 386 3686 et
403 3635 536 3686 Gallorum
549 3637 647 3698 poison.
662 3663 690 3672 -
707 3639 781 3699 tietu-
816 3633 960 3696 obligatum
984 3632 1033 3684 elia
1051 3646 1115 3697 saga
1142 3636 1241 3684 iterum
1261 3649 1277 3684 a
1299 3649 1342 3686 me

253 3711 319 3774 nan]
338 3708 498 3760 «doliturum
517 3712 628 3774 propter
648 3709 779 3760 insoniam
815 3721 929 3758 avocere
941 3709 1059 3759 carmine
1077 3721 1127 3758 suo
1139 3710 1272 3773 poterit»;
1290 3707 1341 3768 rel,

253 3785 281 3833 et
303 3783 435 3846 lurorcm,
462 3783 560 3847 quibus
585 3788 610 3834 te
636 3783 778 3834 afficiam.»
816 3787 844 3832 ut
862 3783 951 3834 verbis
973 3785 1033 3832 utar
1058 3783 1264 3848 Porphyrionis,
1298 3785 1343 3847 qui

254 3857 307 3907 Cir.
322 3859 376 3908 Sat.
397 3859 426 3918 t,
446 3861 474 3918 l,
492 3857 538 3909 to:
558 3859 606 3920 (tui
622 3871 781 3910 mecumme-
817 3861 906 3908 tamen
924 3859 1004 3909 etiam
1023 3857 1159 3921 vulgarem
1186 3860 1343 3922 interpreta-

253 3932 442 3990 rin--Ftettt
458 3936 510 3983 cet.
531 3959 558 3971 -
584 3938 678 3982 vocata
700 3934 778 3997 mens]
817 3932 915 3982 tionem
940 3933 1034 3984 habet:
1070 3945 1168 3983 umens
1193 3935 1238 3982 tua
1264 3947 1278 3980 a
1300 3943 1343 3980 me

253 4004 407 4069 amplector
433 4021 504 4057 nuuc
532 4007 778 4071 interpretationem
816 4008 947 4058 incantata
960 4019 1097 4071 nunquam
1110 4005 1220 4066 redibit,
1239 4007 1342 4056 etiamsi

254 4078 413 4139 Riugwoodii
424 4081 451 4130 in
465 4081 512 4130 Ed.
525 4079 657 4130 Theocriti
668 4094 694 4145 p.
709 4081 778 4141 ⁴08,
817 4083 909 4133 Marsis
921 4081 1031 4132 vocibus
1044 4084 1212 4132 revocetur.»
1226 4105 1254 4116 -
1274 4083 1344 4131 uae

255 4151 370 4212 henigne
382 4167 490 4204 mecum
501 4168 516 4202 a
529 4155 691 4205 Crawlurdio
704 4167 779 4205 com-
817 4155 858 4219 sis]
883 4155 965 4220 Epod.
986 4157 1030 4218 ll,
1052 4156 1101 4205 29:
1132 4157 1223 4206 Marso
1233 4183 1248 4192 -
1260 4183 1274 4192 -
1285 4169 1343 4205 nac·

256 4223 429 4275 manicatam:
450 4227 780 4293 «neccolitisatquequo-
817 4230 870 4279 nio.
907 4229 1019 4280 Lucilius
1039 4231 1086 4288 20,
1105 4231 1129 4279 ll.
1154 4241 1214 4292 pag.
1234 4228 1274 4280 te.
1299 4229 1339 4278 sd.
